{
    "summary": {
        "stock_name": "康舒",
        "stock_id": "6282",
        "category": "電子零組件",
        "main_business": "交換式電源供應器之研發設計、製造及銷售",
        "website_url": "http://www.acbel.com",
        "ceo": "許介立",
        "pe_ratio": 64,
        "report_year_from": 2001,
        "report_year_to": 2023,
        "age": 22,
        "eps_negative_percentage": 5,
        "eps_growth_avg": {
            "last_all": -0.99,
            "last_2y": -19.93,
            "last_4y": 17.48,
            "last_8y": -2.97,
            "last_12y": 1.22,
            "last_16y": -3.15,
            "last_20y": null,
            "at_2006_last_3y": -17.11,
            "at_2007_last_3y": -56.14,
            "at_2008_last_3y": -48.32,
            "at_2009_last_3y": -22.11,
            "at_2010_last_3y": 8.69,
            "at_2011_last_3y": -3.02,
            "at_2012_last_3y": 9.08,
            "at_2013_last_3y": 10.65,
            "at_2014_last_3y": 9.25,
            "at_2015_last_3y": 9.15,
            "at_2016_last_3y": -13.57,
            "at_2017_last_3y": -28.52,
            "at_2018_last_3y": -0.22,
            "at_2019_last_3y": 21.22,
            "at_2020_last_3y": 23.77,
            "at_2021_last_3y": 20.34,
            "at_2022_last_3y": -3.15,
            "at_2023_last_3y": -3.15,
            "at_2006_last_all": -17.11,
            "at_2007_last_all": -17.11,
            "at_2008_last_all": -9.53,
            "at_2009_last_all": -5.79,
            "at_2010_last_all": -6.05,
            "at_2011_last_all": -10.06,
            "at_2012_last_all": -1.26,
            "at_2013_last_all": 0.79,
            "at_2014_last_all": -0.49,
            "at_2015_last_all": -3.66,
            "at_2016_last_all": -5.05,
            "at_2017_last_all": -7.59,
            "at_2018_last_all": -0.41,
            "at_2019_last_all": 2.56,
            "at_2020_last_all": 1.73,
            "at_2021_last_all": -1.38,
            "at_2022_last_all": -0.99,
            "at_2023_last_all": -0.99
        },
        "latest_eps": 0.6,
        "latest_price": 38.55,
        "latest_roe": 3.24,
        "latest_gross_margin": 19.51,
        "latest_equity": 11327729,
        "latest_revenue": 4933781,
        "latest_gross_profit": 962484,
        "latest_net_income": 28166,
        "latest_debt_ratio": 74.47,
        "latest_current_ratio": 174.6,
        "latest_account_receivable_turnover_ratio": 0.97,
        "latest_inventory_turnover_ratio": 0.75,
        "latest_reinvestment_rate": 111.53,
        "latest_research_to_sale_ratio": 8.45
    },
    "eps_dividends": {
        "2001": {
            "cash": 0,
            "stock": 0,
            "eps": 0
        },
        "2002": {
            "cash": 0,
            "stock": 0,
            "eps": 1.21
        },
        "2003": {
            "cash": 0.75,
            "stock": 1,
            "eps": 3.75
        },
        "2004": {
            "cash": 2,
            "stock": 1,
            "eps": 3.65
        },
        "2005": {
            "cash": 1.92,
            "stock": 0.96,
            "eps": 1.25
        },
        "2006": {
            "cash": 0.6,
            "stock": 0.2,
            "eps": -2.24
        },
        "2007": {
            "cash": 0,
            "stock": 0,
            "eps": 1.54
        },
        "2008": {
            "cash": 1,
            "stock": 0.2,
            "eps": 1.86
        },
        "2009": {
            "cash": 1.5,
            "stock": 0.05,
            "eps": 2.1
        },
        "2010": {
            "cash": 1.65,
            "stock": 0,
            "eps": 1.94
        },
        "2011": {
            "cash": 2,
            "stock": 0,
            "eps": 1.2
        },
        "2012": {
            "cash": 0,
            "stock": 0,
            "eps": 2.03
        },
        "2013": {
            "cash": 1.5,
            "stock": 0,
            "eps": 2.42
        },
        "2014": {
            "cash": 1.8,
            "stock": 0,
            "eps": 2.1
        },
        "2015": {
            "cash": 1.58,
            "stock": 0,
            "eps": 1.29
        },
        "2016": {
            "cash": 1.5,
            "stock": 0,
            "eps": 1.01
        },
        "2017": {
            "cash": 1.4,
            "stock": 0,
            "eps": 0.6
        },
        "2018": {
            "cash": 0.9,
            "stock": 0,
            "eps": 1.95
        },
        "2019": {
            "cash": 1,
            "stock": 0,
            "eps": 2.87
        },
        "2020": {
            "cash": 1.1,
            "stock": 0,
            "eps": 2.54
        },
        "2021": {
            "cash": 1.2,
            "stock": 0,
            "eps": 1.16
        },
        "2022": {
            "cash": 1,
            "stock": 0,
            "eps": 1.23
        },
        "2023": {
            "cash": 0.2,
            "stock": 0,
            "eps": 0.09
        }
    },
    "dividends": {
        "2003-05-08": {
            "cash": 0.75,
            "stock": 1
        },
        "2004-03-25": {
            "cash": 2,
            "stock": 1
        },
        "2005-03-02": {
            "cash": 1.92,
            "stock": 0.96
        },
        "2006-03-21": {
            "cash": 0.6,
            "stock": 0.2
        },
        "2008-03-24": {
            "cash": 1,
            "stock": 0.2
        },
        "2009-03-24": {
            "cash": 1.5,
            "stock": 0.05
        },
        "2010-04-28": {
            "cash": 1.65,
            "stock": 0
        },
        "2011-01-01": {
            "cash": 0.7,
            "stock": 0
        },
        "2011-04-28": {
            "cash": 1.3,
            "stock": 0
        },
        "2013-03-11": {
            "cash": 1.5,
            "stock": 0
        },
        "2014-09-11": {
            "cash": 1.8,
            "stock": 0
        },
        "2015-09-16": {
            "cash": 1.58,
            "stock": 0
        },
        "2016-09-30": {
            "cash": 1.5,
            "stock": 0
        },
        "2017-09-22": {
            "cash": 1.4,
            "stock": 0
        },
        "2018-09-27": {
            "cash": 0.9,
            "stock": 0
        },
        "2019-09-20": {
            "cash": 1,
            "stock": 0
        },
        "2020-07-24": {
            "cash": 1.1,
            "stock": 0
        },
        "2021-07-23": {
            "cash": 1.2,
            "stock": 0
        },
        "2022-05-19": {
            "cash": 1,
            "stock": 0
        },
        "2023-07-21": {
            "cash": 0.2,
            "stock": 0
        }
    },
    "prices": {
        "200101": "無",
        "200102": "無",
        "200103": "無",
        "200104": "無",
        "200105": "無",
        "200106": "無",
        "200107": "無",
        "200108": "無",
        "200109": "無",
        "200110": "無",
        "200111": "無",
        "200112": "無",
        "200201": "無",
        "200202": "無",
        "200203": "無",
        "200204": "無",
        "200205": "無",
        "200206": "無",
        "200207": "無",
        "200208": "無",
        "200209": "無",
        "200210": "無",
        "200211": "無",
        "200212": "無",
        "200301": "無",
        "200302": "無",
        "200303": "無",
        "200304": "無",
        "200305": "無",
        "200306": "無",
        "200307": "無",
        "200308": "無",
        "200309": "32.40",
        "200310": "31.86",
        "200311": "35.14",
        "200312": "37.82",
        "200401": "37.98",
        "200402": "38.38",
        "200403": "38.11",
        "200404": "37.10",
        "200405": "32.94",
        "200406": "29.70",
        "200407": "26.85",
        "200408": "25.34",
        "200409": "28.50",
        "200410": "28.50",
        "200411": "27.35",
        "200412": "29.00",
        "200501": "28.64",
        "200502": "29.42",
        "200503": "32.31",
        "200504": "30.68",
        "200505": "24.88",
        "200506": "26.92",
        "200507": "26.52",
        "200508": "19.91",
        "200509": "16.83",
        "200510": "15.52",
        "200511": "16.80",
        "200512": "17.80",
        "200601": "16.95",
        "200602": "15.53",
        "200603": "15.04",
        "200604": "15.97",
        "200605": "16.39",
        "200606": "12.78",
        "200607": "12.02",
        "200608": "10.44",
        "200609": "9.54",
        "200610": "10.71",
        "200611": "11.17",
        "200612": "12.18",
        "200701": "14.72",
        "200702": "14.69",
        "200703": "15.05",
        "200704": "15.40",
        "200705": "15.99",
        "200706": "17.73",
        "200707": "22.65",
        "200708": "20.95",
        "200709": "20.96",
        "200710": "20.90",
        "200711": "19.28",
        "200712": "17.44",
        "200801": "13.84",
        "200802": "12.00",
        "200803": "12.77",
        "200804": "15.54",
        "200805": "15.87",
        "200806": "14.24",
        "200807": "13.19",
        "200808": "13.13",
        "200809": "12.71",
        "200810": "14.26",
        "200811": "13.04",
        "200812": "12.07",
        "200901": "12.43",
        "200902": "12.88",
        "200903": "14.99",
        "200904": "17.83",
        "200905": "19.77",
        "200906": "18.97",
        "200907": "20.62",
        "200908": "20.97",
        "200909": "21.44",
        "200910": "22.63",
        "200911": "22.95",
        "200912": "26.85",
        "201001": "27.54",
        "201002": "25.18",
        "201003": "26.75",
        "201004": "26.08",
        "201005": "22.30",
        "201006": "22.10",
        "201007": "23.87",
        "201008": "25.77",
        "201009": "26.34",
        "201010": "27.35",
        "201011": "25.85",
        "201012": "26.15",
        "201101": "24.83",
        "201102": "22.88",
        "201103": "22.14",
        "201104": "22.12",
        "201105": "21.29",
        "201106": "22.56",
        "201107": "21.43",
        "201108": "16.79",
        "201109": "14.16",
        "201110": "13.68",
        "201111": "14.53",
        "201112": "14.49",
        "201201": "17.36",
        "201202": "18.92",
        "201203": "18.39",
        "201204": "16.72",
        "201205": "16.30",
        "201206": "16.32",
        "201207": "17.09",
        "201208": "18.15",
        "201209": "20.66",
        "201210": "21.28",
        "201211": "19.68",
        "201212": "20.74",
        "201301": "21.50",
        "201302": "23.16",
        "201303": "24.39",
        "201304": "25.93",
        "201305": "26.00",
        "201306": "24.53",
        "201307": "25.16",
        "201308": "30.75",
        "201309": "32.31",
        "201310": "30.35",
        "201311": "27.79",
        "201312": "29.87",
        "201401": "31.22",
        "201402": "32.90",
        "201403": "37.82",
        "201404": "40.45",
        "201405": "38.29",
        "201406": "39.89",
        "201407": "49.49",
        "201408": "46.56",
        "201409": "43.87",
        "201410": "35.47",
        "201411": "34.03",
        "201412": "34.52",
        "201501": "35.32",
        "201502": "37.30",
        "201503": "35.19",
        "201504": "31.38",
        "201505": "27.50",
        "201506": "25.32",
        "201507": "21.92",
        "201508": "16.75",
        "201509": "18.35",
        "201510": "22.71",
        "201511": "24.79",
        "201512": "24.29",
        "201601": "22.51",
        "201602": "22.98",
        "201603": "26.29",
        "201604": "25.78",
        "201605": "23.55",
        "201606": "24.56",
        "201607": "25.49",
        "201608": "25.26",
        "201609": "23.22",
        "201610": "23.58",
        "201611": "22.49",
        "201612": "23.14",
        "201701": "23.50",
        "201702": "24.37",
        "201703": "24.23",
        "201704": "23.50",
        "201705": "22.82",
        "201706": "22.96",
        "201707": "23.25",
        "201708": "23.92",
        "201709": "23.79",
        "201710": "23.14",
        "201711": "22.72",
        "201712": "21.65",
        "201801": "22.36",
        "201802": "21.50",
        "201803": "21.18",
        "201804": "20.06",
        "201805": "18.82",
        "201806": "19.24",
        "201807": "18.75",
        "201808": "19.97",
        "201809": "20.16",
        "201810": "18.67",
        "201811": "18.34",
        "201812": "19.39",
        "201901": "19.30",
        "201902": "20.89",
        "201903": "21.45",
        "201904": "22.02",
        "201905": "20.23",
        "201906": "19.87",
        "201907": "21.29",
        "201908": "22.51",
        "201909": "22.23",
        "201910": "22.06",
        "201911": "22.98",
        "201912": "23.88",
        "202001": "24.33",
        "202002": "23.51",
        "202003": "19.41",
        "202004": "19.62",
        "202005": "20.41",
        "202006": "20.60",
        "202007": "21.90",
        "202008": "24.65",
        "202009": "24.91",
        "202010": "26.22",
        "202011": "27.18",
        "202012": "28.88",
        "202101": "29.11",
        "202102": "29.09",
        "202103": "28.76",
        "202104": "29.73",
        "202105": "26.22",
        "202106": "26.76",
        "202107": "27.17",
        "202108": "26.83",
        "202109": "27.58",
        "202110": "28.54",
        "202111": "35.34",
        "202112": "35.31",
        "202201": "34.61",
        "202202": "34.43",
        "202203": "34.38",
        "202204": "31.86",
        "202205": "28.50",
        "202206": "29.17",
        "202207": "30.20",
        "202208": "30.44",
        "202209": "29.01",
        "202210": "28.10",
        "202211": "29.56",
        "202212": "30.25",
        "202301": "30.53",
        "202302": "38.02",
        "202303": "39.85",
        "202304": "41.17",
        "202305": "41.98",
        "202306": "47.22",
        "202307": "52.61",
        "202308": "50.08",
        "202309": "44.86",
        "202310": "41.56"
    },
    "quarters": {
        "20011": {
            "year_quarter": 20011,
            "year": 2001,
            "quarter": 1,
            "eps": null,
            "eps_growth_year": null,
            "eps_4q": null,
            "eps_4q_growth_year": null,
            "roe": null,
            "roe_4q": 0,
            "gross_profit": null,
            "gross_margin": null,
            "gross_margin_4q_avg": 0,
            "net_income": null,
            "net_income_4q": null,
            "revenue": null,
            "revenue_4q": null,
            "common_shares": null,
            "book_valuer_per_share": null,
            "book_valuer_per_share_4q_avg": 0,
            "equity": null,
            "current_ratio": null,
            "debt_ratio": null,
            "inventory_turnover_ratio": null,
            "account_receivable_turnover_ratio": null,
            "reinvestment_rate": null,
            "research_to_sale_ratio": null,
            "price_fair": 0,
            "eps_avg_yearly": 0,
            "eps_latest_yearly": 0,
            "eps_growth_yearly": 0
        },
        "20012": {
            "year_quarter": 20012,
            "year": 2001,
            "quarter": 2,
            "eps": null,
            "eps_growth_year": null,
            "eps_4q": null,
            "eps_4q_growth_year": null,
            "roe": null,
            "roe_4q": 0,
            "gross_profit": null,
            "gross_margin": null,
            "gross_margin_4q_avg": 0,
            "net_income": null,
            "net_income_4q": null,
            "revenue": null,
            "revenue_4q": null,
            "common_shares": null,
            "book_valuer_per_share": null,
            "book_valuer_per_share_4q_avg": 0,
            "equity": null,
            "current_ratio": null,
            "debt_ratio": null,
            "inventory_turnover_ratio": null,
            "account_receivable_turnover_ratio": null,
            "reinvestment_rate": null,
            "research_to_sale_ratio": null,
            "price_fair": 0,
            "eps_avg_yearly": 0,
            "eps_latest_yearly": 0,
            "eps_growth_yearly": 0
        },
        "20013": {
            "year_quarter": 20013,
            "year": 2001,
            "quarter": 3,
            "eps": null,
            "eps_growth_year": null,
            "eps_4q": null,
            "eps_4q_growth_year": null,
            "roe": null,
            "roe_4q": 0,
            "gross_profit": null,
            "gross_margin": null,
            "gross_margin_4q_avg": 0,
            "net_income": null,
            "net_income_4q": null,
            "revenue": null,
            "revenue_4q": null,
            "common_shares": null,
            "book_valuer_per_share": null,
            "book_valuer_per_share_4q_avg": 0,
            "equity": null,
            "current_ratio": null,
            "debt_ratio": null,
            "inventory_turnover_ratio": null,
            "account_receivable_turnover_ratio": null,
            "reinvestment_rate": null,
            "research_to_sale_ratio": null,
            "price_fair": 0,
            "eps_avg_yearly": 0,
            "eps_latest_yearly": 0,
            "eps_growth_yearly": 0
        },
        "20014": {
            "year_quarter": 20014,
            "year": 2001,
            "quarter": 4,
            "eps": null,
            "eps_growth_year": null,
            "eps_4q": null,
            "eps_4q_growth_year": null,
            "roe": null,
            "roe_4q": 0,
            "gross_profit": null,
            "gross_margin": null,
            "gross_margin_4q_avg": 0,
            "net_income": null,
            "net_income_4q": null,
            "revenue": null,
            "revenue_4q": null,
            "common_shares": 3009000,
            "book_valuer_per_share": 14.74,
            "book_valuer_per_share_4q_avg": 3.69,
            "equity": 4435215,
            "current_ratio": 152.42,
            "debt_ratio": 42.53,
            "inventory_turnover_ratio": null,
            "account_receivable_turnover_ratio": null,
            "reinvestment_rate": null,
            "research_to_sale_ratio": null,
            "price_fair": 0,
            "eps_avg_yearly": 0,
            "eps_latest_yearly": 0,
            "eps_growth_yearly": 0
        },
        "20021": {
            "year_quarter": 20021,
            "year": 2002,
            "quarter": 1,
            "eps": null,
            "eps_growth_year": null,
            "eps_4q": null,
            "eps_4q_growth_year": null,
            "roe": null,
            "roe_4q": 0,
            "gross_profit": null,
            "gross_margin": null,
            "gross_margin_4q_avg": 0,
            "net_income": null,
            "net_income_4q": null,
            "revenue": null,
            "revenue_4q": null,
            "common_shares": null,
            "book_valuer_per_share": null,
            "book_valuer_per_share_4q_avg": 3.69,
            "equity": null,
            "current_ratio": null,
            "debt_ratio": null,
            "inventory_turnover_ratio": null,
            "account_receivable_turnover_ratio": null,
            "reinvestment_rate": null,
            "research_to_sale_ratio": null,
            "price_fair": 0,
            "eps_avg_yearly": 0,
            "eps_latest_yearly": 0,
            "eps_growth_yearly": 0
        },
        "20022": {
            "year_quarter": 20022,
            "year": 2002,
            "quarter": 2,
            "eps": null,
            "eps_growth_year": null,
            "eps_4q": null,
            "eps_4q_growth_year": null,
            "roe": null,
            "roe_4q": 0,
            "gross_profit": null,
            "gross_margin": null,
            "gross_margin_4q_avg": 0,
            "net_income": null,
            "net_income_4q": null,
            "revenue": null,
            "revenue_4q": null,
            "common_shares": null,
            "book_valuer_per_share": null,
            "book_valuer_per_share_4q_avg": 3.69,
            "equity": null,
            "current_ratio": null,
            "debt_ratio": null,
            "inventory_turnover_ratio": null,
            "account_receivable_turnover_ratio": null,
            "reinvestment_rate": null,
            "research_to_sale_ratio": null,
            "price_fair": 0,
            "eps_avg_yearly": 0,
            "eps_latest_yearly": 0,
            "eps_growth_yearly": 0
        },
        "20023": {
            "year_quarter": 20023,
            "year": 2002,
            "quarter": 3,
            "eps": 0.42,
            "eps_growth_year": null,
            "eps_4q": null,
            "eps_4q_growth_year": null,
            "roe": 2.84,
            "roe_4q": 2.84,
            "gross_profit": 364395,
            "gross_margin": 18.89,
            "gross_margin_4q_avg": 4.72,
            "net_income": 138610,
            "net_income_4q": null,
            "revenue": 1928963,
            "revenue_4q": null,
            "common_shares": 3327300,
            "book_valuer_per_share": 14.66,
            "book_valuer_per_share_4q_avg": 7.35,
            "equity": 4876283,
            "current_ratio": 159.8,
            "debt_ratio": 32.63,
            "inventory_turnover_ratio": 1.77,
            "account_receivable_turnover_ratio": null,
            "reinvestment_rate": null,
            "research_to_sale_ratio": null,
            "price_fair": 0,
            "eps_avg_yearly": 0,
            "eps_latest_yearly": 0,
            "eps_growth_yearly": 0
        },
        "20024": {
            "year_quarter": 20024,
            "year": 2002,
            "quarter": 4,
            "eps": 0.79,
            "eps_growth_year": null,
            "eps_4q": null,
            "eps_4q_growth_year": null,
            "roe": 5.22,
            "roe_4q": 8.059999999999999,
            "gross_profit": 328831,
            "gross_margin": 16.47,
            "gross_margin_4q_avg": 8.84,
            "net_income": 262535,
            "net_income_4q": null,
            "revenue": 1996046,
            "revenue_4q": null,
            "common_shares": 3327300,
            "book_valuer_per_share": 15.44,
            "book_valuer_per_share_4q_avg": 7.53,
            "equity": 5183031,
            "current_ratio": 157.11,
            "debt_ratio": 47.24,
            "inventory_turnover_ratio": 1.36,
            "account_receivable_turnover_ratio": null,
            "reinvestment_rate": null,
            "research_to_sale_ratio": null,
            "price_fair": 110.6,
            "eps_avg_yearly": 3.16,
            "eps_latest_yearly": 3.16,
            "eps_growth_yearly": 352.38
        },
        "20031": {
            "year_quarter": 20031,
            "year": 2003,
            "quarter": 1,
            "eps": 0.66,
            "eps_growth_year": null,
            "eps_4q": null,
            "eps_4q_growth_year": null,
            "roe": 4.16,
            "roe_4q": 12.219999999999999,
            "gross_profit": 518196,
            "gross_margin": 24.44,
            "gross_margin_4q_avg": 14.95,
            "net_income": 219110,
            "net_income_4q": null,
            "revenue": 2120600,
            "revenue_4q": null,
            "common_shares": 3327300,
            "book_valuer_per_share": 16.09,
            "book_valuer_per_share_4q_avg": 11.55,
            "equity": 5354948,
            "current_ratio": 165.87,
            "debt_ratio": 35.06,
            "inventory_turnover_ratio": 1.29,
            "account_receivable_turnover_ratio": null,
            "reinvestment_rate": null,
            "research_to_sale_ratio": null,
            "price_fair": 101.5,
            "eps_avg_yearly": 2.9,
            "eps_latest_yearly": 2.64,
            "eps_growth_yearly": 143.28
        },
        "20032": {
            "year_quarter": 20032,
            "year": 2003,
            "quarter": 2,
            "eps": 1.2,
            "eps_growth_year": null,
            "eps_4q": 3.06,
            "eps_4q_growth_year": null,
            "roe": 7.37,
            "roe_4q": 19.59,
            "gross_profit": 621355,
            "gross_margin": 26.4,
            "gross_margin_4q_avg": 21.55,
            "net_income": 399798,
            "net_income_4q": null,
            "revenue": 2353894,
            "revenue_4q": null,
            "common_shares": 3327300,
            "book_valuer_per_share": 16.5,
            "book_valuer_per_share_4q_avg": 15.67,
            "equity": 5491256,
            "current_ratio": 162.99,
            "debt_ratio": 36.16,
            "inventory_turnover_ratio": 1.69,
            "account_receivable_turnover_ratio": null,
            "reinvestment_rate": null,
            "research_to_sale_ratio": null,
            "price_fair": 123.67,
            "eps_avg_yearly": 3.53,
            "eps_latest_yearly": 4.8,
            "eps_growth_yearly": 204.61
        },
        "20033": {
            "year_quarter": 20033,
            "year": 2003,
            "quarter": 3,
            "eps": 0.91,
            "eps_growth_year": 116.67,
            "eps_4q": 3.3,
            "eps_4q_growth_year": null,
            "roe": 5.93,
            "roe_4q": 22.68,
            "gross_profit": 596160,
            "gross_margin": 22.81,
            "gross_margin_4q_avg": 22.53,
            "net_income": 334988,
            "net_income_4q": null,
            "revenue": 2613924,
            "revenue_4q": null,
            "common_shares": 3692290,
            "book_valuer_per_share": 15.73,
            "book_valuer_per_share_4q_avg": 15.94,
            "equity": 5808830,
            "current_ratio": 165.24,
            "debt_ratio": 37.21,
            "inventory_turnover_ratio": 1.78,
            "account_receivable_turnover_ratio": null,
            "reinvestment_rate": null,
            "research_to_sale_ratio": null,
            "price_fair": 124.6,
            "eps_avg_yearly": 3.56,
            "eps_latest_yearly": 3.64,
            "eps_growth_yearly": 129.29
        },
        "20034": {
            "year_quarter": 20034,
            "year": 2003,
            "quarter": 4,
            "eps": 0.98,
            "eps_growth_year": 24.05,
            "eps_4q": 3.57,
            "eps_4q_growth_year": null,
            "roe": 6.03,
            "roe_4q": 23.490000000000002,
            "gross_profit": 690263,
            "gross_margin": 22.39,
            "gross_margin_4q_avg": 24.01,
            "net_income": 361332,
            "net_income_4q": null,
            "revenue": 3082335,
            "revenue_4q": null,
            "common_shares": 3692290,
            "book_valuer_per_share": 16.71,
            "book_valuer_per_share_4q_avg": 16.26,
            "equity": 6168022,
            "current_ratio": 185.67,
            "debt_ratio": 37.01,
            "inventory_turnover_ratio": 2.32,
            "account_receivable_turnover_ratio": null,
            "reinvestment_rate": null,
            "research_to_sale_ratio": null,
            "price_fair": 127.12,
            "eps_avg_yearly": 3.63,
            "eps_latest_yearly": 3.92,
            "eps_growth_yearly": 109.59
        },
        "20041": {
            "year_quarter": 20041,
            "year": 2004,
            "quarter": 1,
            "eps": 1.05,
            "eps_growth_year": 59.09,
            "eps_4q": 4.03,
            "eps_4q_growth_year": null,
            "roe": 6.08,
            "roe_4q": 25.41,
            "gross_profit": 595083,
            "gross_margin": 22.56,
            "gross_margin_4q_avg": 23.54,
            "net_income": 386681,
            "net_income_4q": null,
            "revenue": 2638331,
            "revenue_4q": null,
            "common_shares": 3692290,
            "book_valuer_per_share": 17.77,
            "book_valuer_per_share_4q_avg": 16.68,
            "equity": 6560608,
            "current_ratio": 181.68,
            "debt_ratio": 35.68,
            "inventory_turnover_ratio": 1.95,
            "account_receivable_turnover_ratio": null,
            "reinvestment_rate": null,
            "research_to_sale_ratio": null,
            "price_fair": 130.43,
            "eps_avg_yearly": 3.73,
            "eps_latest_yearly": 4.2,
            "eps_growth_yearly": 96.08
        },
        "20042": {
            "year_quarter": 20042,
            "year": 2004,
            "quarter": 2,
            "eps": 0.85,
            "eps_growth_year": -29.17,
            "eps_4q": 3.49,
            "eps_4q_growth_year": 14.03,
            "roe": 5.49,
            "roe_4q": 23.53,
            "gross_profit": 684910,
            "gross_margin": 23.04,
            "gross_margin_4q_avg": 22.7,
            "net_income": 348542,
            "net_income_4q": null,
            "revenue": 2972687,
            "revenue_4q": null,
            "common_shares": 4119960,
            "book_valuer_per_share": 14.92,
            "book_valuer_per_share_4q_avg": 16.28,
            "equity": 6147308,
            "current_ratio": 164.65,
            "debt_ratio": 42.78,
            "inventory_turnover_ratio": 1.94,
            "account_receivable_turnover_ratio": null,
            "reinvestment_rate": null,
            "research_to_sale_ratio": null,
            "price_fair": 128.8,
            "eps_avg_yearly": 3.68,
            "eps_latest_yearly": 3.4,
            "eps_growth_yearly": 71.47
        },
        "20043": {
            "year_quarter": 20043,
            "year": 2004,
            "quarter": 3,
            "eps": 1.17,
            "eps_growth_year": 28.57,
            "eps_4q": 3.85,
            "eps_4q_growth_year": 16.42,
            "roe": 7.67,
            "roe_4q": 25.270000000000003,
            "gross_profit": 698685,
            "gross_margin": 22.35,
            "gross_margin_4q_avg": 22.59,
            "net_income": 479244,
            "net_income_4q": null,
            "revenue": 3126785,
            "revenue_4q": null,
            "common_shares": 4119960,
            "book_valuer_per_share": 15.42,
            "book_valuer_per_share_4q_avg": 16.21,
            "equity": 6351260,
            "current_ratio": 199.65,
            "debt_ratio": 36.03,
            "inventory_turnover_ratio": 1.88,
            "account_receivable_turnover_ratio": null,
            "reinvestment_rate": null,
            "research_to_sale_ratio": null,
            "price_fair": 133.18,
            "eps_avg_yearly": 3.81,
            "eps_latest_yearly": 4.68,
            "eps_growth_yearly": 81.36
        },
        "20044": {
            "year_quarter": 20044,
            "year": 2004,
            "quarter": 4,
            "eps": 0.58,
            "eps_growth_year": -40.82,
            "eps_4q": 3.55,
            "eps_4q_growth_year": -0.53,
            "roe": 3.68,
            "roe_4q": 22.92,
            "gross_profit": 579187,
            "gross_margin": 15.72,
            "gross_margin_4q_avg": 20.92,
            "net_income": 237316,
            "net_income_4q": null,
            "revenue": 3683868,
            "revenue_4q": null,
            "common_shares": 4119960,
            "book_valuer_per_share": 15.88,
            "book_valuer_per_share_4q_avg": 16,
            "equity": 6544426,
            "current_ratio": 247.75,
            "debt_ratio": 47.08,
            "inventory_turnover_ratio": 2.35,
            "account_receivable_turnover_ratio": null,
            "reinvestment_rate": null,
            "research_to_sale_ratio": null,
            "price_fair": 127.4,
            "eps_avg_yearly": 3.64,
            "eps_latest_yearly": 2.32,
            "eps_growth_yearly": 49.91
        },
        "20051": {
            "year_quarter": 20051,
            "year": 2005,
            "quarter": 1,
            "eps": 0.29,
            "eps_growth_year": -72.38,
            "eps_4q": 2.89,
            "eps_4q_growth_year": -28.26,
            "roe": 1.74,
            "roe_4q": 18.58,
            "gross_profit": 344591,
            "gross_margin": 11.72,
            "gross_margin_4q_avg": 18.21,
            "net_income": 118862,
            "net_income_4q": null,
            "revenue": 2941041,
            "revenue_4q": null,
            "common_shares": 4185195,
            "book_valuer_per_share": 16.92,
            "book_valuer_per_share_4q_avg": 15.79,
            "equity": 7082519,
            "current_ratio": 258.53,
            "debt_ratio": 42.78,
            "inventory_turnover_ratio": 2.02,
            "account_receivable_turnover_ratio": null,
            "reinvestment_rate": null,
            "research_to_sale_ratio": null,
            "price_fair": 118.45,
            "eps_avg_yearly": 3.39,
            "eps_latest_yearly": 1.16,
            "eps_growth_yearly": 24.92
        },
        "20052": {
            "year_quarter": 20052,
            "year": 2005,
            "quarter": 2,
            "eps": 0.31,
            "eps_growth_year": -63.53,
            "eps_4q": 2.13,
            "eps_4q_growth_year": -38.87,
            "roe": 2.11,
            "roe_4q": 15.2,
            "gross_profit": 368324,
            "gross_margin": 12.35,
            "gross_margin_4q_avg": 15.54,
            "net_income": 141978,
            "net_income_4q": null,
            "revenue": 2982629,
            "revenue_4q": null,
            "common_shares": 4185195,
            "book_valuer_per_share": 15.27,
            "book_valuer_per_share_4q_avg": 15.87,
            "equity": 6391776,
            "current_ratio": 221.82,
            "debt_ratio": 46.75,
            "inventory_turnover_ratio": 2.13,
            "account_receivable_turnover_ratio": null,
            "reinvestment_rate": null,
            "research_to_sale_ratio": null,
            "price_fair": 111.87,
            "eps_avg_yearly": 3.2,
            "eps_latest_yearly": 1.24,
            "eps_growth_yearly": 25.16
        },
        "20053": {
            "year_quarter": 20053,
            "year": 2005,
            "quarter": 3,
            "eps": 0.43,
            "eps_growth_year": -63.25,
            "eps_4q": 1.5,
            "eps_4q_growth_year": -60.97,
            "roe": 3.06,
            "roe_4q": 10.59,
            "gross_profit": 400572,
            "gross_margin": 13.48,
            "gross_margin_4q_avg": 13.32,
            "net_income": 199907,
            "net_income_4q": null,
            "revenue": 2970926,
            "revenue_4q": null,
            "common_shares": 4652515,
            "book_valuer_per_share": 14.36,
            "book_valuer_per_share_4q_avg": 15.61,
            "equity": 6681713,
            "current_ratio": 246.51,
            "debt_ratio": 44.2,
            "inventory_turnover_ratio": 2.02,
            "account_receivable_turnover_ratio": null,
            "reinvestment_rate": null,
            "research_to_sale_ratio": null,
            "price_fair": 107.57,
            "eps_avg_yearly": 3.07,
            "eps_latest_yearly": 1.72,
            "eps_growth_yearly": 35.97
        },
        "20054": {
            "year_quarter": 20054,
            "year": 2005,
            "quarter": 4,
            "eps": 0.22,
            "eps_growth_year": -62.07,
            "eps_4q": 1.2,
            "eps_4q_growth_year": -66.28,
            "roe": 1.52,
            "roe_4q": 8.43,
            "gross_profit": 498431,
            "gross_margin": 13.76,
            "gross_margin_4q_avg": 12.83,
            "net_income": 103816,
            "net_income_4q": null,
            "revenue": 3623145,
            "revenue_4q": null,
            "common_shares": 4652515,
            "book_valuer_per_share": 14.58,
            "book_valuer_per_share_4q_avg": 15.28,
            "equity": 6975339,
            "current_ratio": 174.38,
            "debt_ratio": 46.58,
            "inventory_turnover_ratio": 2.12,
            "account_receivable_turnover_ratio": null,
            "reinvestment_rate": null,
            "research_to_sale_ratio": null,
            "price_fair": 81.84,
            "eps_avg_yearly": 2.9,
            "eps_latest_yearly": 0.88,
            "eps_growth_yearly": 18.17
        },
        "20061": {
            "year_quarter": 20061,
            "year": 2006,
            "quarter": 1,
            "eps": 0.13,
            "eps_growth_year": -55.17,
            "eps_4q": 1.09,
            "eps_4q_growth_year": -62.1,
            "roe": 0.87,
            "roe_4q": 7.5600000000000005,
            "gross_profit": 431666,
            "gross_margin": 15.51,
            "gross_margin_4q_avg": 13.78,
            "net_income": 60049,
            "net_income_4q": null,
            "revenue": 2783682,
            "revenue_4q": null,
            "common_shares": 4652515,
            "book_valuer_per_share": 14.69,
            "book_valuer_per_share_4q_avg": 14.73,
            "equity": 6835975,
            "current_ratio": 165.05,
            "debt_ratio": 44.09,
            "inventory_turnover_ratio": 1.48,
            "account_receivable_turnover_ratio": null,
            "reinvestment_rate": null,
            "research_to_sale_ratio": null,
            "price_fair": 41.53,
            "eps_avg_yearly": 2.73,
            "eps_latest_yearly": 0.52,
            "eps_growth_yearly": 5.19
        },
        "20062": {
            "year_quarter": 20062,
            "year": 2006,
            "quarter": 2,
            "eps": -1.08,
            "eps_growth_year": -448.39,
            "eps_4q": -0.29,
            "eps_4q_growth_year": -113.71,
            "roe": -7.76,
            "roe_4q": -2.309999999999999,
            "gross_profit": 453652,
            "gross_margin": 15.03,
            "gross_margin_4q_avg": 14.45,
            "net_income": -499916,
            "net_income_4q": null,
            "revenue": 3017716,
            "revenue_4q": null,
            "common_shares": 4652515,
            "book_valuer_per_share": 12.99,
            "book_valuer_per_share_4q_avg": 14.16,
            "equity": 6044677,
            "current_ratio": 141.7,
            "debt_ratio": 52.01,
            "inventory_turnover_ratio": 1.4,
            "account_receivable_turnover_ratio": null,
            "reinvestment_rate": 31.38,
            "research_to_sale_ratio": null,
            "price_fair": 41.53,
            "eps_avg_yearly": 2.73,
            "eps_latest_yearly": 0.52,
            "eps_growth_yearly": 5.19
        },
        "20063": {
            "year_quarter": 20063,
            "year": 2006,
            "quarter": 3,
            "eps": 0.21,
            "eps_growth_year": -51.16,
            "eps_4q": -0.49,
            "eps_4q_growth_year": -132.91,
            "roe": 1.65,
            "roe_4q": -3.7199999999999993,
            "gross_profit": 501669,
            "gross_margin": 14.95,
            "gross_margin_4q_avg": 14.81,
            "net_income": 100231,
            "net_income_4q": null,
            "revenue": 3355738,
            "revenue_4q": null,
            "common_shares": 4763340,
            "book_valuer_per_share": 12.88,
            "book_valuer_per_share_4q_avg": 13.79,
            "equity": 6136405,
            "current_ratio": 145.69,
            "debt_ratio": 49.07,
            "inventory_turnover_ratio": 1.42,
            "account_receivable_turnover_ratio": null,
            "reinvestment_rate": 1.4,
            "research_to_sale_ratio": null,
            "price_fair": 41.53,
            "eps_avg_yearly": 2.73,
            "eps_latest_yearly": 0.52,
            "eps_growth_yearly": 5.19
        },
        "20064": {
            "year_quarter": 20064,
            "year": 2006,
            "quarter": 4,
            "eps": -1.5,
            "eps_growth_year": -781.82,
            "eps_4q": -2.19,
            "eps_4q_growth_year": -283.38,
            "roe": -12.12,
            "roe_4q": -17.359999999999996,
            "gross_profit": 490071,
            "gross_margin": 14.16,
            "gross_margin_4q_avg": 14.91,
            "net_income": -706885,
            "net_income_4q": null,
            "revenue": 3461948,
            "revenue_4q": null,
            "common_shares": 4763340,
            "book_valuer_per_share": 10.99,
            "book_valuer_per_share_4q_avg": 12.89,
            "equity": 5532003,
            "current_ratio": 166.68,
            "debt_ratio": 44.93,
            "inventory_turnover_ratio": 1.82,
            "account_receivable_turnover_ratio": null,
            "reinvestment_rate": 18.53,
            "research_to_sale_ratio": null,
            "price_fair": 8.1,
            "eps_avg_yearly": 2.7,
            "eps_latest_yearly": 0.52,
            "eps_growth_yearly": -21.52
        },
        "20071": {
            "year_quarter": 20071,
            "year": 2007,
            "quarter": 1,
            "eps": 0.14,
            "eps_growth_year": 7.69,
            "eps_4q": -2.32,
            "eps_4q_growth_year": -312.2,
            "roe": 1.14,
            "roe_4q": -17.089999999999996,
            "gross_profit": 400053,
            "gross_margin": 14.81,
            "gross_margin_4q_avg": 14.74,
            "net_income": 62889,
            "net_income_4q": null,
            "revenue": 2700980,
            "revenue_4q": null,
            "common_shares": 4763340,
            "book_valuer_per_share": 11.57,
            "book_valuer_per_share_4q_avg": 12.11,
            "equity": 5510388,
            "current_ratio": 159.84,
            "debt_ratio": 40.02,
            "inventory_turnover_ratio": 1.64,
            "account_receivable_turnover_ratio": null,
            "reinvestment_rate": 1.09,
            "research_to_sale_ratio": null,
            "price_fair": 8.12,
            "eps_avg_yearly": 2.71,
            "eps_latest_yearly": 0.52,
            "eps_growth_yearly": -17.83
        },
        "20072": {
            "year_quarter": 20072,
            "year": 2007,
            "quarter": 2,
            "eps": 0.38,
            "eps_growth_year": null,
            "eps_4q": -0.79,
            "eps_4q_growth_year": null,
            "roe": 3.15,
            "roe_4q": -6.18,
            "gross_profit": 513845,
            "gross_margin": 16.89,
            "gross_margin_4q_avg": 15.2,
            "net_income": 176494,
            "net_income_4q": null,
            "revenue": 3041498,
            "revenue_4q": null,
            "common_shares": 4763340,
            "book_valuer_per_share": 11.96,
            "book_valuer_per_share_4q_avg": 11.85,
            "equity": 5695233,
            "current_ratio": 166.59,
            "debt_ratio": 39.02,
            "inventory_turnover_ratio": 1.52,
            "account_receivable_turnover_ratio": null,
            "reinvestment_rate": 0.94,
            "research_to_sale_ratio": null,
            "price_fair": 53.64,
            "eps_avg_yearly": 2.43,
            "eps_latest_yearly": 1.52,
            "eps_growth_yearly": 12.04
        },
        "20073": {
            "year_quarter": 20073,
            "year": 2007,
            "quarter": 3,
            "eps": 0.47,
            "eps_growth_year": 123.81,
            "eps_4q": -0.51,
            "eps_4q_growth_year": null,
            "roe": 3.8,
            "roe_4q": -4.029999999999999,
            "gross_profit": 557651,
            "gross_margin": 14.51,
            "gross_margin_4q_avg": 15.09,
            "net_income": 223128,
            "net_income_4q": null,
            "revenue": 3844411,
            "revenue_4q": null,
            "common_shares": 4811218,
            "book_valuer_per_share": 12.55,
            "book_valuer_per_share_4q_avg": 11.77,
            "equity": 6036869,
            "current_ratio": 160.84,
            "debt_ratio": 41.88,
            "inventory_turnover_ratio": 1.73,
            "account_receivable_turnover_ratio": null,
            "reinvestment_rate": 1.28,
            "research_to_sale_ratio": null,
            "price_fair": 80.03,
            "eps_avg_yearly": 2.29,
            "eps_latest_yearly": 1.88,
            "eps_growth_yearly": 27.99
        },
        "20074": {
            "year_quarter": 20074,
            "year": 2007,
            "quarter": 4,
            "eps": 0.55,
            "eps_growth_year": null,
            "eps_4q": 1.53,
            "eps_4q_growth_year": null,
            "roe": 4.09,
            "roe_4q": 12.18,
            "gross_profit": 568697,
            "gross_margin": 14.12,
            "gross_margin_4q_avg": 15.08,
            "net_income": 259238,
            "net_income_4q": null,
            "revenue": 4027502,
            "revenue_4q": null,
            "common_shares": 4811218,
            "book_valuer_per_share": 13.13,
            "book_valuer_per_share_4q_avg": 12.3,
            "equity": 6637210,
            "current_ratio": 174.44,
            "debt_ratio": 44.86,
            "inventory_turnover_ratio": 1.66,
            "account_receivable_turnover_ratio": null,
            "reinvestment_rate": 37.67,
            "research_to_sale_ratio": null,
            "price_fair": 75.02,
            "eps_avg_yearly": 2.14,
            "eps_latest_yearly": 2.2,
            "eps_growth_yearly": 31.1
        },
        "20081": {
            "year_quarter": 20081,
            "year": 2008,
            "quarter": 1,
            "eps": 0.12,
            "eps_growth_year": -14.29,
            "eps_4q": 1.57,
            "eps_4q_growth_year": null,
            "roe": 0.82,
            "roe_4q": 11.860000000000001,
            "gross_profit": 511696,
            "gross_margin": 13.53,
            "gross_margin_4q_avg": 14.76,
            "net_income": 54572,
            "net_income_4q": null,
            "revenue": 3781663,
            "revenue_4q": null,
            "common_shares": 4811218,
            "book_valuer_per_share": 13.14,
            "book_valuer_per_share_4q_avg": 12.7,
            "equity": 6632683,
            "current_ratio": 179.89,
            "debt_ratio": 43.35,
            "inventory_turnover_ratio": 1.46,
            "account_receivable_turnover_ratio": null,
            "reinvestment_rate": 127,
            "research_to_sale_ratio": null,
            "price_fair": 23.21,
            "eps_avg_yearly": 1.83,
            "eps_latest_yearly": 0.48,
            "eps_growth_yearly": 2.66
        },
        "20082": {
            "year_quarter": 20082,
            "year": 2008,
            "quarter": 2,
            "eps": 0.58,
            "eps_growth_year": 52.63,
            "eps_4q": 1.69,
            "eps_4q_growth_year": null,
            "roe": 4.28,
            "roe_4q": 12.990000000000002,
            "gross_profit": 739936,
            "gross_margin": 15.9,
            "gross_margin_4q_avg": 14.52,
            "net_income": 279729,
            "net_income_4q": null,
            "revenue": 4654091,
            "revenue_4q": null,
            "common_shares": 4811218,
            "book_valuer_per_share": 12.73,
            "book_valuer_per_share_4q_avg": 12.89,
            "equity": 6440232,
            "current_ratio": 161.16,
            "debt_ratio": 48.68,
            "inventory_turnover_ratio": 1.71,
            "account_receivable_turnover_ratio": null,
            "reinvestment_rate": 142.04,
            "research_to_sale_ratio": null,
            "price_fair": 61.02,
            "eps_avg_yearly": 1.74,
            "eps_latest_yearly": 2.32,
            "eps_growth_yearly": 136.79
        },
        "20083": {
            "year_quarter": 20083,
            "year": 2008,
            "quarter": 3,
            "eps": 0.65,
            "eps_growth_year": 38.3,
            "eps_4q": 1.78,
            "eps_4q_growth_year": null,
            "roe": 5,
            "roe_4q": 14.190000000000001,
            "gross_profit": 895145,
            "gross_margin": 18.02,
            "gross_margin_4q_avg": 15.39,
            "net_income": 333411,
            "net_income_4q": null,
            "revenue": 4968092,
            "revenue_4q": null,
            "common_shares": 4930170,
            "book_valuer_per_share": 13.28,
            "book_valuer_per_share_4q_avg": 13.07,
            "equity": 6895853,
            "current_ratio": 170.71,
            "debt_ratio": 46.26,
            "inventory_turnover_ratio": 1.72,
            "account_receivable_turnover_ratio": null,
            "reinvestment_rate": 163.62,
            "research_to_sale_ratio": null,
            "price_fair": 54.95,
            "eps_avg_yearly": 1.57,
            "eps_latest_yearly": 2.6,
            "eps_growth_yearly": 128.26
        },
        "20084": {
            "year_quarter": 20084,
            "year": 2008,
            "quarter": 4,
            "eps": 0.51,
            "eps_growth_year": -7.27,
            "eps_4q": 1.82,
            "eps_4q_growth_year": 18.57,
            "roe": 3.6,
            "roe_4q": 13.7,
            "gross_profit": 967592,
            "gross_margin": 19.66,
            "gross_margin_4q_avg": 16.78,
            "net_income": 254292,
            "net_income_4q": null,
            "revenue": 4921942,
            "revenue_4q": null,
            "common_shares": 4930170,
            "book_valuer_per_share": 13.91,
            "book_valuer_per_share_4q_avg": 13.27,
            "equity": 7219378,
            "current_ratio": 186.37,
            "debt_ratio": 42.4,
            "inventory_turnover_ratio": 1.81,
            "account_receivable_turnover_ratio": 2.37,
            "reinvestment_rate": 50.76,
            "research_to_sale_ratio": null,
            "price_fair": 54.13,
            "eps_avg_yearly": 1.55,
            "eps_latest_yearly": 2.04,
            "eps_growth_yearly": 137.89
        },
        "20091": {
            "year_quarter": 20091,
            "year": 2009,
            "quarter": 1,
            "eps": 0.49,
            "eps_growth_year": 308.33,
            "eps_4q": 2.2,
            "eps_4q_growth_year": 39.62,
            "roe": 3.3,
            "roe_4q": 16.18,
            "gross_profit": 700952,
            "gross_margin": 18.4,
            "gross_margin_4q_avg": 18,
            "net_income": 243272,
            "net_income_4q": null,
            "revenue": 3808646,
            "revenue_4q": null,
            "common_shares": 4930170,
            "book_valuer_per_share": 14.52,
            "book_valuer_per_share_4q_avg": 13.61,
            "equity": 7534216,
            "current_ratio": 199.44,
            "debt_ratio": 39.8,
            "inventory_turnover_ratio": 1.63,
            "account_receivable_turnover_ratio": 0.99,
            "reinvestment_rate": 149.95,
            "research_to_sale_ratio": null,
            "price_fair": 56.47,
            "eps_avg_yearly": 1.61,
            "eps_latest_yearly": 1.96,
            "eps_growth_yearly": 153.25
        },
        "20092": {
            "year_quarter": 20092,
            "year": 2009,
            "quarter": 2,
            "eps": 0.45,
            "eps_growth_year": -22.41,
            "eps_4q": 2.03,
            "eps_4q_growth_year": 20.03,
            "roe": 3.16,
            "roe_4q": 15.06,
            "gross_profit": 742598,
            "gross_margin": 18.22,
            "gross_margin_4q_avg": 18.58,
            "net_income": 229214,
            "net_income_4q": null,
            "revenue": 4075216,
            "revenue_4q": null,
            "common_shares": 4930170,
            "book_valuer_per_share": 13.41,
            "book_valuer_per_share_4q_avg": 13.78,
            "equity": 6980910,
            "current_ratio": 177.28,
            "debt_ratio": 44.75,
            "inventory_turnover_ratio": 1.78,
            "account_receivable_turnover_ratio": 1.17,
            "reinvestment_rate": 130.48,
            "research_to_sale_ratio": null,
            "price_fair": 58.1,
            "eps_avg_yearly": 1.66,
            "eps_latest_yearly": 1.8,
            "eps_growth_yearly": 148.23
        },
        "20093": {
            "year_quarter": 20093,
            "year": 2009,
            "quarter": 3,
            "eps": 0.59,
            "eps_growth_year": -9.23,
            "eps_4q": 1.94,
            "eps_4q_growth_year": 8.8,
            "roe": 4.32,
            "roe_4q": 14.38,
            "gross_profit": 822170,
            "gross_margin": 17.31,
            "gross_margin_4q_avg": 18.4,
            "net_income": 307289,
            "net_income_4q": null,
            "revenue": 4749444,
            "revenue_4q": null,
            "common_shares": 4972413,
            "book_valuer_per_share": 13.8,
            "book_valuer_per_share_4q_avg": 13.91,
            "equity": 7238668,
            "current_ratio": 166.41,
            "debt_ratio": 43.28,
            "inventory_turnover_ratio": 2.11,
            "account_receivable_turnover_ratio": 1.26,
            "reinvestment_rate": 121.61,
            "research_to_sale_ratio": null,
            "price_fair": 59.97,
            "eps_avg_yearly": 1.71,
            "eps_latest_yearly": 2.36,
            "eps_growth_yearly": 145.7
        },
        "20094": {
            "year_quarter": 20094,
            "year": 2009,
            "quarter": 4,
            "eps": 0.57,
            "eps_growth_year": 11.76,
            "eps_4q": 2.08,
            "eps_4q_growth_year": 14.3,
            "roe": 4.02,
            "roe_4q": 14.8,
            "gross_profit": 856350,
            "gross_margin": 16.64,
            "gross_margin_4q_avg": 17.64,
            "net_income": 297090,
            "net_income_4q": null,
            "revenue": 5144823,
            "revenue_4q": null,
            "common_shares": 5000633,
            "book_valuer_per_share": 14.31,
            "book_valuer_per_share_4q_avg": 14.01,
            "equity": 7542563,
            "current_ratio": 168.41,
            "debt_ratio": 44.3,
            "inventory_turnover_ratio": 2.21,
            "account_receivable_turnover_ratio": 2.22,
            "reinvestment_rate": 79.03,
            "research_to_sale_ratio": null,
            "price_fair": 64.05,
            "eps_avg_yearly": 1.83,
            "eps_latest_yearly": 2.28,
            "eps_growth_yearly": 160.85
        },
        "20101": {
            "year_quarter": 20101,
            "year": 2010,
            "quarter": 1,
            "eps": 0.33,
            "eps_growth_year": -32.65,
            "eps_4q": 1.92,
            "eps_4q_growth_year": -12.61,
            "roe": 2.3,
            "roe_4q": 13.8,
            "gross_profit": 660542,
            "gross_margin": 14.26,
            "gross_margin_4q_avg": 16.61,
            "net_income": 175105,
            "net_income_4q": null,
            "revenue": 4633140,
            "revenue_4q": null,
            "common_shares": 5006783,
            "book_valuer_per_share": 14.61,
            "book_valuer_per_share_4q_avg": 14.03,
            "equity": 7710084,
            "current_ratio": 176.86,
            "debt_ratio": 42.62,
            "inventory_turnover_ratio": 1.94,
            "account_receivable_turnover_ratio": 1.07,
            "reinvestment_rate": 165.34,
            "research_to_sale_ratio": 4.12,
            "price_fair": 66.38,
            "eps_avg_yearly": 1.9,
            "eps_latest_yearly": 1.32,
            "eps_growth_yearly": 160.45
        },
        "20102": {
            "year_quarter": 20102,
            "year": 2010,
            "quarter": 2,
            "eps": 0.67,
            "eps_growth_year": 49.15,
            "eps_4q": 2.15,
            "eps_4q_growth_year": 5.81,
            "roe": 4.63,
            "roe_4q": 15.27,
            "gross_profit": 868839,
            "gross_margin": 15.09,
            "gross_margin_4q_avg": 15.83,
            "net_income": 346994,
            "net_income_4q": null,
            "revenue": 5757758,
            "revenue_4q": null,
            "common_shares": 5007943,
            "book_valuer_per_share": 13.7,
            "book_valuer_per_share_4q_avg": 14.11,
            "equity": 7265964,
            "current_ratio": 146.06,
            "debt_ratio": 52.41,
            "inventory_turnover_ratio": 2.15,
            "account_receivable_turnover_ratio": 1.26,
            "reinvestment_rate": 115.76,
            "research_to_sale_ratio": 3.82,
            "price_fair": 68.49,
            "eps_avg_yearly": 1.96,
            "eps_latest_yearly": 2.68,
            "eps_growth_yearly": 179.81
        },
        "20103": {
            "year_quarter": 20103,
            "year": 2010,
            "quarter": 3,
            "eps": 0.83,
            "eps_growth_year": 40.62,
            "eps_4q": 2.39,
            "eps_4q_growth_year": 23.46,
            "roe": 5.57,
            "roe_4q": 16.52,
            "gross_profit": 1012569,
            "gross_margin": 16.27,
            "gross_margin_4q_avg": 15.57,
            "net_income": 415017,
            "net_income_4q": null,
            "revenue": 6221933,
            "revenue_4q": null,
            "common_shares": 5009593,
            "book_valuer_per_share": 14.47,
            "book_valuer_per_share_4q_avg": 14.27,
            "equity": 7646526,
            "current_ratio": 148.68,
            "debt_ratio": 51.16,
            "inventory_turnover_ratio": 1.97,
            "account_receivable_turnover_ratio": 1.2,
            "reinvestment_rate": 107.87,
            "research_to_sale_ratio": 3.34,
            "price_fair": 71.9,
            "eps_avg_yearly": 2.05,
            "eps_latest_yearly": 3.32,
            "eps_growth_yearly": 173.79
        },
        "20104": {
            "year_quarter": 20104,
            "year": 2010,
            "quarter": 4,
            "eps": 0.11,
            "eps_growth_year": -80.76,
            "eps_4q": 1.92,
            "eps_4q_growth_year": -7.33,
            "roe": 0.69,
            "roe_4q": 13.190000000000001,
            "gross_profit": 759803,
            "gross_margin": 13.9,
            "gross_margin_4q_avg": 14.88,
            "net_income": 52935,
            "net_income_4q": null,
            "revenue": 5466647,
            "revenue_4q": null,
            "common_shares": 5053683,
            "book_valuer_per_share": 14.37,
            "book_valuer_per_share_4q_avg": 14.29,
            "equity": 7637006,
            "current_ratio": 155.41,
            "debt_ratio": 47.85,
            "inventory_turnover_ratio": 1.68,
            "account_receivable_turnover_ratio": 1.11,
            "reinvestment_rate": 41.82,
            "research_to_sale_ratio": 4.62,
            "price_fair": 68.13,
            "eps_avg_yearly": 1.95,
            "eps_latest_yearly": 0.44,
            "eps_growth_yearly": 139.07
        },
        "20111": {
            "year_quarter": 20111,
            "year": 2011,
            "quarter": 1,
            "eps": 0.12,
            "eps_growth_year": -63.64,
            "eps_4q": 1.71,
            "eps_4q_growth_year": -10.88,
            "roe": 0.74,
            "roe_4q": 11.629999999999999,
            "gross_profit": 572004,
            "gross_margin": 11.97,
            "gross_margin_4q_avg": 14.31,
            "net_income": 57086,
            "net_income_4q": null,
            "revenue": 4780404,
            "revenue_4q": null,
            "common_shares": 5073833,
            "book_valuer_per_share": 14.53,
            "book_valuer_per_share_4q_avg": 14.27,
            "equity": 7746411,
            "current_ratio": 157.61,
            "debt_ratio": 46.51,
            "inventory_turnover_ratio": 1.43,
            "account_receivable_turnover_ratio": 1.08,
            "reinvestment_rate": 89.75,
            "research_to_sale_ratio": 4.68,
            "price_fair": 64.93,
            "eps_avg_yearly": 1.86,
            "eps_latest_yearly": 0.48,
            "eps_growth_yearly": 132.65
        },
        "20112": {
            "year_quarter": 20112,
            "year": 2011,
            "quarter": 2,
            "eps": 0.21,
            "eps_growth_year": -68.31,
            "eps_4q": 1.26,
            "eps_4q_growth_year": -41.38,
            "roe": 1.33,
            "roe_4q": 8.33,
            "gross_profit": 711496,
            "gross_margin": 12.46,
            "gross_margin_4q_avg": 13.65,
            "net_income": 99028,
            "net_income_4q": null,
            "revenue": 5709777,
            "revenue_4q": null,
            "common_shares": 5079623,
            "book_valuer_per_share": 13.42,
            "book_valuer_per_share_4q_avg": 14.2,
            "equity": 7177277,
            "current_ratio": 138.82,
            "debt_ratio": 53.94,
            "inventory_turnover_ratio": 1.55,
            "account_receivable_turnover_ratio": 1.21,
            "reinvestment_rate": 93.76,
            "research_to_sale_ratio": 3.93,
            "price_fair": 63.44,
            "eps_avg_yearly": 1.81,
            "eps_latest_yearly": 0.84,
            "eps_growth_yearly": 108.54
        },
        "20113": {
            "year_quarter": 20113,
            "year": 2011,
            "quarter": 3,
            "eps": 0.47,
            "eps_growth_year": -43.6,
            "eps_4q": 0.91,
            "eps_4q_growth_year": -61.98,
            "roe": 3.22,
            "roe_4q": 5.98,
            "gross_profit": 815318,
            "gross_margin": 13.53,
            "gross_margin_4q_avg": 12.97,
            "net_income": 236898,
            "net_income_4q": null,
            "revenue": 6027021,
            "revenue_4q": null,
            "common_shares": 5082063,
            "book_valuer_per_share": 14.07,
            "book_valuer_per_share_4q_avg": 14.1,
            "equity": 7538016,
            "current_ratio": 143.63,
            "debt_ratio": 51.88,
            "inventory_turnover_ratio": 1.59,
            "account_receivable_turnover_ratio": 1.14,
            "reinvestment_rate": 97.63,
            "research_to_sale_ratio": 3.93,
            "price_fair": 63.44,
            "eps_avg_yearly": 1.81,
            "eps_latest_yearly": 1.88,
            "eps_growth_yearly": 133.57
        },
        "20114": {
            "year_quarter": 20114,
            "year": 2011,
            "quarter": 4,
            "eps": 0.4,
            "eps_growth_year": 261.11,
            "eps_4q": 1.19,
            "eps_4q_growth_year": -37.87,
            "roe": 2.76,
            "roe_4q": 8.05,
            "gross_profit": 893635,
            "gross_margin": 15.1,
            "gross_margin_4q_avg": 13.27,
            "net_income": 211046,
            "net_income_4q": null,
            "revenue": 5919824,
            "revenue_4q": null,
            "common_shares": 5089113,
            "book_valuer_per_share": 14.51,
            "book_valuer_per_share_4q_avg": 14.13,
            "equity": 7776669,
            "current_ratio": 150.93,
            "debt_ratio": 48.54,
            "inventory_turnover_ratio": 1.57,
            "account_receivable_turnover_ratio": 1.13,
            "reinvestment_rate": 50.12,
            "research_to_sale_ratio": 4.12,
            "price_fair": 62.13,
            "eps_avg_yearly": 1.78,
            "eps_latest_yearly": 1.6,
            "eps_growth_yearly": 125.6
        },
        "20121": {
            "year_quarter": 20121,
            "year": 2012,
            "quarter": 1,
            "eps": 0.26,
            "eps_growth_year": 116.67,
            "eps_4q": 1.33,
            "eps_4q_growth_year": -22.43,
            "roe": 1.54,
            "roe_4q": 8.85,
            "gross_profit": 732199,
            "gross_margin": 13.9,
            "gross_margin_4q_avg": 13.75,
            "net_income": 120598,
            "net_income_4q": null,
            "revenue": 5267414,
            "revenue_4q": null,
            "common_shares": 5118903,
            "book_valuer_per_share": 14.71,
            "book_valuer_per_share_4q_avg": 14.18,
            "equity": 7897662,
            "current_ratio": 153.6,
            "debt_ratio": 47.98,
            "inventory_turnover_ratio": 1.46,
            "account_receivable_turnover_ratio": 1.08,
            "reinvestment_rate": 51.04,
            "research_to_sale_ratio": 4.15,
            "price_fair": 63.35,
            "eps_avg_yearly": 1.81,
            "eps_latest_yearly": 1.04,
            "eps_growth_yearly": 136.39
        },
        "20122": {
            "year_quarter": 20122,
            "year": 2012,
            "quarter": 2,
            "eps": 0.63,
            "eps_growth_year": 197.48,
            "eps_4q": 1.75,
            "eps_4q_growth_year": 38.76,
            "roe": 4.18,
            "roe_4q": 11.700000000000001,
            "gross_profit": 924686,
            "gross_margin": 14.78,
            "gross_margin_4q_avg": 14.33,
            "net_income": 330436,
            "net_income_4q": null,
            "revenue": 6254280,
            "revenue_4q": null,
            "common_shares": 5123043,
            "book_valuer_per_share": 14.67,
            "book_valuer_per_share_4q_avg": 14.49,
            "equity": 7896085,
            "current_ratio": 147.93,
            "debt_ratio": 50.2,
            "inventory_turnover_ratio": 1.79,
            "account_receivable_turnover_ratio": 1.22,
            "reinvestment_rate": 49.75,
            "research_to_sale_ratio": 3.43,
            "price_fair": 63.79,
            "eps_avg_yearly": 1.82,
            "eps_latest_yearly": 2.52,
            "eps_growth_yearly": 76.14
        },
        "20123": {
            "year_quarter": 20123,
            "year": 2012,
            "quarter": 3,
            "eps": 0.64,
            "eps_growth_year": 35.75,
            "eps_4q": 1.92,
            "eps_4q_growth_year": 110.76,
            "roe": 4.24,
            "roe_4q": 12.72,
            "gross_profit": 1036832,
            "gross_margin": 15.91,
            "gross_margin_4q_avg": 14.92,
            "net_income": 341600,
            "net_income_4q": null,
            "revenue": 6514923,
            "revenue_4q": null,
            "common_shares": 5134373,
            "book_valuer_per_share": 15.25,
            "book_valuer_per_share_4q_avg": 14.79,
            "equity": 8218875,
            "current_ratio": 152.77,
            "debt_ratio": 49.41,
            "inventory_turnover_ratio": 1.86,
            "account_receivable_turnover_ratio": 1.12,
            "reinvestment_rate": 46.59,
            "research_to_sale_ratio": 3.51,
            "price_fair": 63.7,
            "eps_avg_yearly": 1.82,
            "eps_latest_yearly": 2.56,
            "eps_growth_yearly": 73.51
        },
        "20124": {
            "year_quarter": 20124,
            "year": 2012,
            "quarter": 4,
            "eps": 0.5,
            "eps_growth_year": 26.04,
            "eps_4q": 2.02,
            "eps_4q_growth_year": 68.87,
            "roe": 3.14,
            "roe_4q": 13.100000000000001,
            "gross_profit": 985862,
            "gross_margin": 15.52,
            "gross_margin_4q_avg": 15.03,
            "net_income": 261988,
            "net_income_4q": null,
            "revenue": 6353143,
            "revenue_4q": null,
            "common_shares": 5150063,
            "book_valuer_per_share": 15.72,
            "book_valuer_per_share_4q_avg": 15.09,
            "equity": 8492585,
            "current_ratio": 155.61,
            "debt_ratio": 49.33,
            "inventory_turnover_ratio": 1.85,
            "account_receivable_turnover_ratio": 1.05,
            "reinvestment_rate": 45,
            "research_to_sale_ratio": 3.8,
            "price_fair": 63.61,
            "eps_avg_yearly": 1.82,
            "eps_latest_yearly": 2,
            "eps_growth_yearly": 73.43
        },
        "20131": {
            "year_quarter": 20131,
            "year": 2013,
            "quarter": 1,
            "eps": 0.62,
            "eps_growth_year": 138.46,
            "eps_4q": 2.38,
            "eps_4q_growth_year": 79.29,
            "roe": 3.58,
            "roe_4q": 15.14,
            "gross_profit": 842779,
            "gross_margin": 14.79,
            "gross_margin_4q_avg": 15.25,
            "net_income": 308771,
            "net_income_4q": null,
            "revenue": 5698996,
            "revenue_4q": null,
            "common_shares": 5151343,
            "book_valuer_per_share": 16.22,
            "book_valuer_per_share_4q_avg": 15.47,
            "equity": 8750877,
            "current_ratio": 162.48,
            "debt_ratio": 47.84,
            "inventory_turnover_ratio": 1.71,
            "account_receivable_turnover_ratio": 1,
            "reinvestment_rate": 41.9,
            "research_to_sale_ratio": 3.84,
            "price_fair": 64.75,
            "eps_avg_yearly": 1.85,
            "eps_latest_yearly": 2.48,
            "eps_growth_yearly": 80.41
        },
        "20132": {
            "year_quarter": 20132,
            "year": 2013,
            "quarter": 2,
            "eps": 0.67,
            "eps_growth_year": 5.9,
            "eps_4q": 2.42,
            "eps_4q_growth_year": 38.65,
            "roe": 4.06,
            "roe_4q": 15.02,
            "gross_profit": 1002528,
            "gross_margin": 15.57,
            "gross_margin_4q_avg": 15.45,
            "net_income": 347512,
            "net_income_4q": null,
            "revenue": 6438065,
            "revenue_4q": null,
            "common_shares": 5152823,
            "book_valuer_per_share": 15.54,
            "book_valuer_per_share_4q_avg": 15.68,
            "equity": 8369274,
            "current_ratio": 148.77,
            "debt_ratio": 52.52,
            "inventory_turnover_ratio": 1.95,
            "account_receivable_turnover_ratio": 1.13,
            "reinvestment_rate": 44.64,
            "research_to_sale_ratio": 3.64,
            "price_fair": 66.68,
            "eps_avg_yearly": 1.91,
            "eps_latest_yearly": 2.68,
            "eps_growth_yearly": 84.47
        },
        "20133": {
            "year_quarter": 20133,
            "year": 2013,
            "quarter": 3,
            "eps": 0.52,
            "eps_growth_year": -18.14,
            "eps_4q": 2.3,
            "eps_4q_growth_year": 19.92,
            "roe": 3.09,
            "roe_4q": 13.870000000000001,
            "gross_profit": 980971,
            "gross_margin": 15.22,
            "gross_margin_4q_avg": 15.28,
            "net_income": 263163,
            "net_income_4q": null,
            "revenue": 6445192,
            "revenue_4q": null,
            "common_shares": 5178413,
            "book_valuer_per_share": 16.05,
            "book_valuer_per_share_4q_avg": 15.88,
            "equity": 8664997,
            "current_ratio": 159.44,
            "debt_ratio": 48.42,
            "inventory_turnover_ratio": 2.02,
            "account_receivable_turnover_ratio": 1.09,
            "reinvestment_rate": 46.24,
            "research_to_sale_ratio": 3.68,
            "price_fair": 66.06,
            "eps_avg_yearly": 1.89,
            "eps_latest_yearly": 2.08,
            "eps_growth_yearly": 71.09
        },
        "20134": {
            "year_quarter": 20134,
            "year": 2013,
            "quarter": 4,
            "eps": 0.61,
            "eps_growth_year": 21.83,
            "eps_4q": 2.4,
            "eps_4q_growth_year": 19.19,
            "roe": 3.68,
            "roe_4q": 14.409999999999998,
            "gross_profit": 963743,
            "gross_margin": 16.03,
            "gross_margin_4q_avg": 15.4,
            "net_income": 325698,
            "net_income_4q": null,
            "revenue": 6012619,
            "revenue_4q": null,
            "common_shares": 5189943,
            "book_valuer_per_share": 16.73,
            "book_valuer_per_share_4q_avg": 16.14,
            "equity": 9052949,
            "current_ratio": 174.46,
            "debt_ratio": 48.32,
            "inventory_turnover_ratio": 1.9,
            "account_receivable_turnover_ratio": 1.04,
            "reinvestment_rate": -4.03,
            "research_to_sale_ratio": 4.32,
            "price_fair": 66.41,
            "eps_avg_yearly": 1.9,
            "eps_latest_yearly": 2.44,
            "eps_growth_yearly": 76.27
        },
        "20141": {
            "year_quarter": 20141,
            "year": 2014,
            "quarter": 1,
            "eps": 0.39,
            "eps_growth_year": -37.1,
            "eps_4q": 2.18,
            "eps_4q_growth_year": -8.37,
            "roe": 2.15,
            "roe_4q": 12.98,
            "gross_profit": 800492,
            "gross_margin": 15.03,
            "gross_margin_4q_avg": 15.46,
            "net_income": 197464,
            "net_income_4q": null,
            "revenue": 5325891,
            "revenue_4q": null,
            "common_shares": 5204823,
            "book_valuer_per_share": 17.13,
            "book_valuer_per_share_4q_avg": 16.36,
            "equity": 9277952,
            "current_ratio": 185.63,
            "debt_ratio": 45.3,
            "inventory_turnover_ratio": 1.64,
            "account_receivable_turnover_ratio": 1.01,
            "reinvestment_rate": -3.67,
            "research_to_sale_ratio": 4.46,
            "price_fair": 66.94,
            "eps_avg_yearly": 1.91,
            "eps_latest_yearly": 1.56,
            "eps_growth_yearly": 77.78
        },
        "20142": {
            "year_quarter": 20142,
            "year": 2014,
            "quarter": 2,
            "eps": 0.62,
            "eps_growth_year": -7.46,
            "eps_4q": 2.13,
            "eps_4q_growth_year": -12,
            "roe": 3.65,
            "roe_4q": 12.57,
            "gross_profit": 1026629,
            "gross_margin": 15.71,
            "gross_margin_4q_avg": 15.5,
            "net_income": 326439,
            "net_income_4q": null,
            "revenue": 6536467,
            "revenue_4q": null,
            "common_shares": 5207143,
            "book_valuer_per_share": 15.87,
            "book_valuer_per_share_4q_avg": 16.45,
            "equity": 8626111,
            "current_ratio": 150.7,
            "debt_ratio": 52.41,
            "inventory_turnover_ratio": 1.89,
            "account_receivable_turnover_ratio": 1.18,
            "reinvestment_rate": 13.36,
            "research_to_sale_ratio": 3.79,
            "price_fair": 66.5,
            "eps_avg_yearly": 1.9,
            "eps_latest_yearly": 2.48,
            "eps_growth_yearly": 66.76
        },
        "20143": {
            "year_quarter": 20143,
            "year": 2014,
            "quarter": 3,
            "eps": 0.6,
            "eps_growth_year": 15.38,
            "eps_4q": 2.22,
            "eps_4q_growth_year": -3.5,
            "roe": 3.6,
            "roe_4q": 13.08,
            "gross_profit": 936378,
            "gross_margin": 14.89,
            "gross_margin_4q_avg": 15.42,
            "net_income": 315972,
            "net_income_4q": null,
            "revenue": 6287945,
            "revenue_4q": null,
            "common_shares": 5219393,
            "book_valuer_per_share": 16.61,
            "book_valuer_per_share_4q_avg": 16.59,
            "equity": 8946156,
            "current_ratio": 156.74,
            "debt_ratio": 50.02,
            "inventory_turnover_ratio": 1.72,
            "account_receivable_turnover_ratio": 1.03,
            "reinvestment_rate": 13.73,
            "research_to_sale_ratio": 4.09,
            "price_fair": 64.49,
            "eps_avg_yearly": 1.84,
            "eps_latest_yearly": 2.4,
            "eps_growth_yearly": 59.99
        },
        "20144": {
            "year_quarter": 20144,
            "year": 2014,
            "quarter": 4,
            "eps": 0.49,
            "eps_growth_year": -18.61,
            "eps_4q": 2.1,
            "eps_4q_growth_year": -12.6,
            "roe": 2.89,
            "roe_4q": 12.290000000000001,
            "gross_profit": 832396,
            "gross_margin": 14.03,
            "gross_margin_4q_avg": 14.92,
            "net_income": 264113,
            "net_income_4q": null,
            "revenue": 5934511,
            "revenue_4q": null,
            "common_shares": 5236493,
            "book_valuer_per_share": 17.22,
            "book_valuer_per_share_4q_avg": 16.71,
            "equity": 9310397,
            "current_ratio": 168.06,
            "debt_ratio": 46.67,
            "inventory_turnover_ratio": 1.64,
            "account_receivable_turnover_ratio": 1,
            "reinvestment_rate": 14.56,
            "research_to_sale_ratio": 4.6,
            "price_fair": 67.81,
            "eps_avg_yearly": 1.94,
            "eps_latest_yearly": 1.96,
            "eps_growth_yearly": 77.09
        },
        "20151": {
            "year_quarter": 20151,
            "year": 2015,
            "quarter": 1,
            "eps": 0.23,
            "eps_growth_year": -41.03,
            "eps_4q": 1.93,
            "eps_4q_growth_year": -11.37,
            "roe": 1.23,
            "roe_4q": 11.370000000000001,
            "gross_profit": 759464,
            "gross_margin": 14.56,
            "gross_margin_4q_avg": 14.8,
            "net_income": 115385,
            "net_income_4q": null,
            "revenue": 5217142,
            "revenue_4q": null,
            "common_shares": 5258733,
            "book_valuer_per_share": 17.39,
            "book_valuer_per_share_4q_avg": 16.77,
            "equity": 9428918,
            "current_ratio": 173.4,
            "debt_ratio": 44.97,
            "inventory_turnover_ratio": 1.53,
            "account_receivable_turnover_ratio": 0.96,
            "reinvestment_rate": 10.95,
            "research_to_sale_ratio": 4.93,
            "price_fair": 68.78,
            "eps_avg_yearly": 1.97,
            "eps_latest_yearly": 0.92,
            "eps_growth_yearly": 61.55
        },
        "20152": {
            "year_quarter": 20152,
            "year": 2015,
            "quarter": 2,
            "eps": 0.2,
            "eps_growth_year": -67.74,
            "eps_4q": 1.5,
            "eps_4q_growth_year": -29.58,
            "roe": 1.12,
            "roe_4q": 8.84,
            "gross_profit": 745221,
            "gross_margin": 15.01,
            "gross_margin_4q_avg": 14.62,
            "net_income": 100946,
            "net_income_4q": null,
            "revenue": 4964425,
            "revenue_4q": null,
            "common_shares": 5311273,
            "book_valuer_per_share": 15.79,
            "book_valuer_per_share_4q_avg": 16.75,
            "equity": 8663457,
            "current_ratio": 165.84,
            "debt_ratio": 47.31,
            "inventory_turnover_ratio": 1.55,
            "account_receivable_turnover_ratio": 1.02,
            "reinvestment_rate": 2.4,
            "research_to_sale_ratio": 5.1,
            "price_fair": 68.69,
            "eps_avg_yearly": 1.96,
            "eps_latest_yearly": 0.8,
            "eps_growth_yearly": 39.54
        },
        "20153": {
            "year_quarter": 20153,
            "year": 2015,
            "quarter": 3,
            "eps": 0.56,
            "eps_growth_year": -6.67,
            "eps_4q": 1.49,
            "eps_4q_growth_year": -32.56,
            "roe": 3.35,
            "roe_4q": 8.590000000000002,
            "gross_profit": 839191,
            "gross_margin": 15.64,
            "gross_margin_4q_avg": 14.81,
            "net_income": 293081,
            "net_income_4q": null,
            "revenue": 5367137,
            "revenue_4q": null,
            "common_shares": 5313733,
            "book_valuer_per_share": 16.52,
            "book_valuer_per_share_4q_avg": 16.73,
            "equity": 8847624,
            "current_ratio": 173.76,
            "debt_ratio": 45.33,
            "inventory_turnover_ratio": 1.73,
            "account_receivable_turnover_ratio": 1.08,
            "reinvestment_rate": -2.24,
            "research_to_sale_ratio": 4.68,
            "price_fair": 69.48,
            "eps_avg_yearly": 1.99,
            "eps_latest_yearly": 2.24,
            "eps_growth_yearly": 53.59
        },
        "20154": {
            "year_quarter": 20154,
            "year": 2015,
            "quarter": 4,
            "eps": 0.3,
            "eps_growth_year": -39.39,
            "eps_4q": 1.29,
            "eps_4q_growth_year": -38.45,
            "roe": 1.82,
            "roe_4q": 7.52,
            "gross_profit": 810882,
            "gross_margin": 15.34,
            "gross_margin_4q_avg": 15.14,
            "net_income": 162239,
            "net_income_4q": null,
            "revenue": 5287389,
            "revenue_4q": null,
            "common_shares": 5184973,
            "book_valuer_per_share": 16.68,
            "book_valuer_per_share_4q_avg": 16.6,
            "equity": 8936505,
            "current_ratio": 175.73,
            "debt_ratio": 45.33,
            "inventory_turnover_ratio": 1.7,
            "account_receivable_turnover_ratio": 1.05,
            "reinvestment_rate": -6.17,
            "research_to_sale_ratio": 4.84,
            "price_fair": 68.6,
            "eps_avg_yearly": 1.96,
            "eps_latest_yearly": 1.2,
            "eps_growth_yearly": 45.71
        },
        "20161": {
            "year_quarter": 20161,
            "year": 2016,
            "quarter": 1,
            "eps": 0.28,
            "eps_growth_year": 21.74,
            "eps_4q": 1.34,
            "eps_4q_growth_year": -30.44,
            "roe": 1.66,
            "roe_4q": 7.95,
            "gross_profit": 746163,
            "gross_margin": 15.7,
            "gross_margin_4q_avg": 15.42,
            "net_income": 149305,
            "net_income_4q": null,
            "revenue": 4753352,
            "revenue_4q": null,
            "common_shares": 5179593,
            "book_valuer_per_share": 16.98,
            "book_valuer_per_share_4q_avg": 16.49,
            "equity": 9071774,
            "current_ratio": 191,
            "debt_ratio": 41.52,
            "inventory_turnover_ratio": 1.55,
            "account_receivable_turnover_ratio": 1.03,
            "reinvestment_rate": -7.67,
            "research_to_sale_ratio": 5.4,
            "price_fair": 68.78,
            "eps_avg_yearly": 1.97,
            "eps_latest_yearly": 1.12,
            "eps_growth_yearly": 52.79
        },
        "20162": {
            "year_quarter": 20162,
            "year": 2016,
            "quarter": 2,
            "eps": 0.28,
            "eps_growth_year": 40,
            "eps_4q": 1.42,
            "eps_4q_growth_year": -5.55,
            "roe": 1.71,
            "roe_4q": 8.540000000000001,
            "gross_profit": 800408,
            "gross_margin": 16.21,
            "gross_margin_4q_avg": 15.72,
            "net_income": 149641,
            "net_income_4q": null,
            "revenue": 4938458,
            "revenue_4q": null,
            "common_shares": 5184403,
            "book_valuer_per_share": 15.66,
            "book_valuer_per_share_4q_avg": 16.46,
            "equity": 8394252,
            "current_ratio": 172.9,
            "debt_ratio": 46.57,
            "inventory_turnover_ratio": 1.69,
            "account_receivable_turnover_ratio": 1.1,
            "reinvestment_rate": -17.83,
            "research_to_sale_ratio": 5.14,
            "price_fair": 51.09,
            "eps_avg_yearly": 1.88,
            "eps_latest_yearly": 1.12,
            "eps_growth_yearly": 17.21
        },
        "20163": {
            "year_quarter": 20163,
            "year": 2016,
            "quarter": 3,
            "eps": 0.21,
            "eps_growth_year": -62.5,
            "eps_4q": 1.06,
            "eps_4q_growth_year": -29.07,
            "roe": 1.38,
            "roe_4q": 6.57,
            "gross_profit": 809063,
            "gross_margin": 15.65,
            "gross_margin_4q_avg": 15.73,
            "net_income": 116068,
            "net_income_4q": null,
            "revenue": 5171282,
            "revenue_4q": null,
            "common_shares": 5189313,
            "book_valuer_per_share": 15.72,
            "book_valuer_per_share_4q_avg": 16.26,
            "equity": 8434088,
            "current_ratio": 180.52,
            "debt_ratio": 44.44,
            "inventory_turnover_ratio": 1.88,
            "account_receivable_turnover_ratio": 1.08,
            "reinvestment_rate": -18.94,
            "research_to_sale_ratio": 5.13,
            "price_fair": 36.4,
            "eps_avg_yearly": 1.77,
            "eps_latest_yearly": 0.84,
            "eps_growth_yearly": 10.56
        },
        "20164": {
            "year_quarter": 20164,
            "year": 2016,
            "quarter": 4,
            "eps": 0.24,
            "eps_growth_year": -19.14,
            "eps_4q": 1,
            "eps_4q_growth_year": -22.57,
            "roe": 1.59,
            "roe_4q": 6.34,
            "gross_profit": 821462,
            "gross_margin": 16.81,
            "gross_margin_4q_avg": 16.09,
            "net_income": 134721,
            "net_income_4q": null,
            "revenue": 4886440,
            "revenue_4q": null,
            "common_shares": 5199493,
            "book_valuer_per_share": 15.83,
            "book_valuer_per_share_4q_avg": 16.05,
            "equity": 8515354,
            "current_ratio": 179.3,
            "debt_ratio": 45.69,
            "inventory_turnover_ratio": 1.74,
            "account_receivable_turnover_ratio": 0.97,
            "reinvestment_rate": -20.16,
            "research_to_sale_ratio": 5.77,
            "price_fair": 50.48,
            "eps_avg_yearly": 1.71,
            "eps_latest_yearly": 0.96,
            "eps_growth_yearly": 19.6
        },
        "20171": {
            "year_quarter": 20171,
            "year": 2017,
            "quarter": 1,
            "eps": 0.1,
            "eps_growth_year": -64.29,
            "eps_4q": 0.83,
            "eps_4q_growth_year": -38.53,
            "roe": 0.77,
            "roe_4q": 5.45,
            "gross_profit": 697781,
            "gross_margin": 16.49,
            "gross_margin_4q_avg": 16.29,
            "net_income": 65124,
            "net_income_4q": null,
            "revenue": 4231409,
            "revenue_4q": null,
            "common_shares": 5184893,
            "book_valuer_per_share": 15.76,
            "book_valuer_per_share_4q_avg": 15.74,
            "equity": 8440857,
            "current_ratio": 197.03,
            "debt_ratio": 41.61,
            "inventory_turnover_ratio": 1.47,
            "account_receivable_turnover_ratio": 0.91,
            "reinvestment_rate": -24.21,
            "research_to_sale_ratio": 6.26,
            "price_fair": 4.73,
            "eps_avg_yearly": 1.58,
            "eps_latest_yearly": 0.4,
            "eps_growth_yearly": -0.98
        },
        "20172": {
            "year_quarter": 20172,
            "year": 2017,
            "quarter": 2,
            "eps": 0.16,
            "eps_growth_year": -42.86,
            "eps_4q": 0.7,
            "eps_4q_growth_year": -50.31,
            "roe": 1.11,
            "roe_4q": 4.85,
            "gross_profit": 704377,
            "gross_margin": 15.74,
            "gross_margin_4q_avg": 16.17,
            "net_income": 90098,
            "net_income_4q": null,
            "revenue": 4475797,
            "revenue_4q": null,
            "common_shares": 5184053,
            "book_valuer_per_share": 14.58,
            "book_valuer_per_share_4q_avg": 15.47,
            "equity": 7842565,
            "current_ratio": 166.86,
            "debt_ratio": 47.91,
            "inventory_turnover_ratio": 1.58,
            "account_receivable_turnover_ratio": 1.04,
            "reinvestment_rate": -21.79,
            "research_to_sale_ratio": 5.99,
            "price_fair": 31.85,
            "eps_avg_yearly": 1.45,
            "eps_latest_yearly": 0.64,
            "eps_growth_yearly": 12.01
        },
        "20173": {
            "year_quarter": 20173,
            "year": 2017,
            "quarter": 3,
            "eps": 0.31,
            "eps_growth_year": 47.62,
            "eps_4q": 0.81,
            "eps_4q_growth_year": -23.73,
            "roe": 2.23,
            "roe_4q": 5.699999999999999,
            "gross_profit": 798116,
            "gross_margin": 17.13,
            "gross_margin_4q_avg": 16.54,
            "net_income": 176773,
            "net_income_4q": null,
            "revenue": 4660164,
            "revenue_4q": null,
            "common_shares": 5183813,
            "book_valuer_per_share": 14.92,
            "book_valuer_per_share_4q_avg": 15.27,
            "equity": 8039876,
            "current_ratio": 179.18,
            "debt_ratio": 47.14,
            "inventory_turnover_ratio": 1.58,
            "account_receivable_turnover_ratio": 1.02,
            "reinvestment_rate": -22.18,
            "research_to_sale_ratio": 6.05,
            "price_fair": 48.83,
            "eps_avg_yearly": 1.4,
            "eps_latest_yearly": 1.24,
            "eps_growth_yearly": 41.04
        },
        "20174": {
            "year_quarter": 20174,
            "year": 2017,
            "quarter": 4,
            "eps": 0.03,
            "eps_growth_year": -85.81,
            "eps_4q": 0.6,
            "eps_4q_growth_year": -40.12,
            "roe": 0.32,
            "roe_4q": 4.43,
            "gross_profit": 667704,
            "gross_margin": 15.06,
            "gross_margin_4q_avg": 16.11,
            "net_income": 25812,
            "net_income_4q": null,
            "revenue": 4434320,
            "revenue_4q": null,
            "common_shares": 5183813,
            "book_valuer_per_share": 14.92,
            "book_valuer_per_share_4q_avg": 15.05,
            "equity": 8049841,
            "current_ratio": 165.11,
            "debt_ratio": 47.37,
            "inventory_turnover_ratio": 1.5,
            "account_receivable_turnover_ratio": 0.93,
            "reinvestment_rate": 9.14,
            "research_to_sale_ratio": 5.7,
            "price_fair": 30.17,
            "eps_avg_yearly": 1.25,
            "eps_latest_yearly": 0.12,
            "eps_growth_yearly": 14.13
        },
        "20181": {
            "year_quarter": 20181,
            "year": 2018,
            "quarter": 1,
            "eps": -0.26,
            "eps_growth_year": -360,
            "eps_4q": 0.24,
            "eps_4q_growth_year": -71.38,
            "roe": -1.67,
            "roe_4q": 1.9900000000000002,
            "gross_profit": 440436,
            "gross_margin": 11.72,
            "gross_margin_4q_avg": 14.91,
            "net_income": -133017,
            "net_income_4q": null,
            "revenue": 3756920,
            "revenue_4q": null,
            "common_shares": 5166213,
            "book_valuer_per_share": 14.75,
            "book_valuer_per_share_4q_avg": 14.79,
            "equity": 7917242,
            "current_ratio": 166.39,
            "debt_ratio": 46.62,
            "inventory_turnover_ratio": 1.29,
            "account_receivable_turnover_ratio": 0.84,
            "reinvestment_rate": -14.08,
            "research_to_sale_ratio": 7.17,
            "price_fair": 42.65,
            "eps_avg_yearly": 1.23,
            "eps_latest_yearly": 0.12,
            "eps_growth_yearly": 24.69
        },
        "20182": {
            "year_quarter": 20182,
            "year": 2018,
            "quarter": 2,
            "eps": 1.99,
            "eps_growth_year": 1143.75,
            "eps_4q": 2.07,
            "eps_4q_growth_year": 193.31,
            "roe": 12.65,
            "roe_4q": 13.530000000000001,
            "gross_profit": 616609,
            "gross_margin": 12.93,
            "gross_margin_4q_avg": 14.21,
            "net_income": 1037417,
            "net_income_4q": null,
            "revenue": 4769230,
            "revenue_4q": null,
            "common_shares": 5166213,
            "book_valuer_per_share": 15.83,
            "book_valuer_per_share_4q_avg": 15.11,
            "equity": 8487833,
            "current_ratio": 154.23,
            "debt_ratio": 53.91,
            "inventory_turnover_ratio": 1.51,
            "account_receivable_turnover_ratio": 1.04,
            "reinvestment_rate": -35.78,
            "research_to_sale_ratio": 6.16,
            "price_fair": 22.35,
            "eps_avg_yearly": 1.14,
            "eps_latest_yearly": 0.12,
            "eps_growth_yearly": 9.61
        },
        "20183": {
            "year_quarter": 20183,
            "year": 2018,
            "quarter": 3,
            "eps": 0.12,
            "eps_growth_year": -61.29,
            "eps_4q": 1.88,
            "eps_4q_growth_year": 132.07,
            "roe": 0.91,
            "roe_4q": 12.21,
            "gross_profit": 733013,
            "gross_margin": 14.16,
            "gross_margin_4q_avg": 13.47,
            "net_income": 77565,
            "net_income_4q": null,
            "revenue": 5175526,
            "revenue_4q": null,
            "common_shares": 5166213,
            "book_valuer_per_share": 15.84,
            "book_valuer_per_share_4q_avg": 15.34,
            "equity": 8496238,
            "current_ratio": 150.25,
            "debt_ratio": 54.94,
            "inventory_turnover_ratio": 1.41,
            "account_receivable_turnover_ratio": 0.97,
            "reinvestment_rate": -40.9,
            "research_to_sale_ratio": 5.52,
            "price_fair": 3.01,
            "eps_avg_yearly": 1,
            "eps_latest_yearly": 0.48,
            "eps_growth_yearly": -16.32
        },
        "20184": {
            "year_quarter": 20184,
            "year": 2018,
            "quarter": 4,
            "eps": 0.1,
            "eps_growth_year": 201.73,
            "eps_4q": 1.95,
            "eps_4q_growth_year": 224.44,
            "roe": 0.78,
            "roe_4q": 12.67,
            "gross_profit": 665963,
            "gross_margin": 13.24,
            "gross_margin_4q_avg": 13.01,
            "net_income": 66700,
            "net_income_4q": null,
            "revenue": 5030987,
            "revenue_4q": null,
            "common_shares": 5166213,
            "book_valuer_per_share": 16.13,
            "book_valuer_per_share_4q_avg": 15.64,
            "equity": 8659915,
            "current_ratio": 152.84,
            "debt_ratio": 55.53,
            "inventory_turnover_ratio": 1.17,
            "account_receivable_turnover_ratio": 0.91,
            "reinvestment_rate": -55.74,
            "research_to_sale_ratio": 5.93,
            "price_fair": 2.67,
            "eps_avg_yearly": 0.89,
            "eps_latest_yearly": 0.4,
            "eps_growth_yearly": -15.84
        },
        "20191": {
            "year_quarter": 20191,
            "year": 2019,
            "quarter": 1,
            "eps": 0.08,
            "eps_growth_year": null,
            "eps_4q": 2.29,
            "eps_4q_growth_year": 869.98,
            "roe": 0.55,
            "roe_4q": 14.89,
            "gross_profit": 685292,
            "gross_margin": 13.33,
            "gross_margin_4q_avg": 13.42,
            "net_income": 47653,
            "net_income_4q": null,
            "revenue": 5139565,
            "revenue_4q": null,
            "common_shares": 5166213,
            "book_valuer_per_share": 16.31,
            "book_valuer_per_share_4q_avg": 16.03,
            "equity": 8772565,
            "current_ratio": 152.91,
            "debt_ratio": 55.2,
            "inventory_turnover_ratio": 1.14,
            "account_receivable_turnover_ratio": 0.97,
            "reinvestment_rate": -49.36,
            "research_to_sale_ratio": 5.61,
            "price_fair": 2.55,
            "eps_avg_yearly": 0.85,
            "eps_latest_yearly": 0.32,
            "eps_growth_yearly": -6.4
        },
        "20192": {
            "year_quarter": 20192,
            "year": 2019,
            "quarter": 2,
            "eps": 0.97,
            "eps_growth_year": -51.26,
            "eps_4q": 1.28,
            "eps_4q_growth_year": -38.27,
            "roe": 5.92,
            "roe_4q": 8.16,
            "gross_profit": 789096,
            "gross_margin": 14.98,
            "gross_margin_4q_avg": 13.93,
            "net_income": 519151,
            "net_income_4q": null,
            "revenue": 5267150,
            "revenue_4q": null,
            "common_shares": 5166213,
            "book_valuer_per_share": 16.25,
            "book_valuer_per_share_4q_avg": 16.13,
            "equity": 8753019,
            "current_ratio": 143.37,
            "debt_ratio": 58.93,
            "inventory_turnover_ratio": 1.25,
            "account_receivable_turnover_ratio": 0.99,
            "reinvestment_rate": -18.87,
            "research_to_sale_ratio": 5.68,
            "price_fair": 37.4,
            "eps_avg_yearly": 1.07,
            "eps_latest_yearly": 3.88,
            "eps_growth_yearly": 315.19
        },
        "20193": {
            "year_quarter": 20193,
            "year": 2019,
            "quarter": 3,
            "eps": 1.8,
            "eps_growth_year": 1400,
            "eps_4q": 2.96,
            "eps_4q_growth_year": 57.58,
            "roe": 10.26,
            "roe_4q": 17.51,
            "gross_profit": 790963,
            "gross_margin": 15.06,
            "gross_margin_4q_avg": 14.15,
            "net_income": 949115,
            "net_income_4q": null,
            "revenue": 5250975,
            "revenue_4q": null,
            "common_shares": 5166213,
            "book_valuer_per_share": 17.87,
            "book_valuer_per_share_4q_avg": 16.64,
            "equity": 9745871,
            "current_ratio": 154.97,
            "debt_ratio": 55.68,
            "inventory_turnover_ratio": 1.27,
            "account_receivable_turnover_ratio": 0.95,
            "reinvestment_rate": -10.79,
            "research_to_sale_ratio": 6.27,
            "price_fair": 49.8,
            "eps_avg_yearly": 1.42,
            "eps_latest_yearly": 7.2,
            "eps_growth_yearly": 288.2
        },
        "20194": {
            "year_quarter": 20194,
            "year": 2019,
            "quarter": 4,
            "eps": 0.02,
            "eps_growth_year": -80.74,
            "eps_4q": 2.87,
            "eps_4q_growth_year": 47.66,
            "roe": 1.3,
            "roe_4q": 18.03,
            "gross_profit": 700293,
            "gross_margin": 14.22,
            "gross_margin_4q_avg": 14.4,
            "net_income": 127121,
            "net_income_4q": null,
            "revenue": 4925869,
            "revenue_4q": null,
            "common_shares": 5166213,
            "book_valuer_per_share": 17.9,
            "book_valuer_per_share_4q_avg": 17.08,
            "equity": 9872543,
            "current_ratio": 156.43,
            "debt_ratio": 55.92,
            "inventory_turnover_ratio": 1.09,
            "account_receivable_turnover_ratio": 0.93,
            "reinvestment_rate": -1.45,
            "research_to_sale_ratio": 7.77,
            "price_fair": 47,
            "eps_avg_yearly": 1.34,
            "eps_latest_yearly": 0.08,
            "eps_growth_yearly": 273.22
        },
        "20201": {
            "year_quarter": 20201,
            "year": 2020,
            "quarter": 1,
            "eps": 0.04,
            "eps_growth_year": -50,
            "eps_4q": 2.83,
            "eps_4q_growth_year": 23.39,
            "roe": 0.4,
            "roe_4q": 17.880000000000003,
            "gross_profit": 730450,
            "gross_margin": 15.02,
            "gross_margin_4q_avg": 14.82,
            "net_income": 39605,
            "net_income_4q": null,
            "revenue": 4863741,
            "revenue_4q": null,
            "common_shares": 5166213,
            "book_valuer_per_share": 17.9,
            "book_valuer_per_share_4q_avg": 17.48,
            "equity": 9862514,
            "current_ratio": 157.22,
            "debt_ratio": 55.1,
            "inventory_turnover_ratio": 1.16,
            "account_receivable_turnover_ratio": 1.06,
            "reinvestment_rate": 14.38,
            "research_to_sale_ratio": 6.85,
            "price_fair": 44.6,
            "eps_avg_yearly": 1.27,
            "eps_latest_yearly": 0.16,
            "eps_growth_yearly": 303.69
        },
        "20202": {
            "year_quarter": 20202,
            "year": 2020,
            "quarter": 2,
            "eps": 2.06,
            "eps_growth_year": 112.37,
            "eps_4q": 3.92,
            "eps_4q_growth_year": 207.41,
            "roe": 10.83,
            "roe_4q": 22.79,
            "gross_profit": 934951,
            "gross_margin": 18.46,
            "gross_margin_4q_avg": 15.69,
            "net_income": 1094496,
            "net_income_4q": null,
            "revenue": 5064685,
            "revenue_4q": null,
            "common_shares": 5166213,
            "book_valuer_per_share": 18.81,
            "book_valuer_per_share_4q_avg": 18.12,
            "equity": 10354791,
            "current_ratio": 151.92,
            "debt_ratio": 58.14,
            "inventory_turnover_ratio": 1.35,
            "account_receivable_turnover_ratio": 1.09,
            "reinvestment_rate": 24.55,
            "research_to_sale_ratio": 6.76,
            "price_fair": 62.4,
            "eps_avg_yearly": 1.78,
            "eps_latest_yearly": 8.24,
            "eps_growth_yearly": 1746.55
        },
        "20203": {
            "year_quarter": 20203,
            "year": 2020,
            "quarter": 3,
            "eps": 0.67,
            "eps_growth_year": -62.78,
            "eps_4q": 2.79,
            "eps_4q_growth_year": -5.67,
            "roe": 3.45,
            "roe_4q": 15.980000000000002,
            "gross_profit": 1049008,
            "gross_margin": 18.7,
            "gross_margin_4q_avg": 16.6,
            "net_income": 363790,
            "net_income_4q": null,
            "revenue": 5608405,
            "revenue_4q": null,
            "common_shares": 5166213,
            "book_valuer_per_share": 19.55,
            "book_valuer_per_share_4q_avg": 18.54,
            "equity": 10761940,
            "current_ratio": 151.2,
            "debt_ratio": 57.13,
            "inventory_turnover_ratio": 1.44,
            "account_receivable_turnover_ratio": 1.05,
            "reinvestment_rate": 38.73,
            "research_to_sale_ratio": 7.06,
            "price_fair": 67,
            "eps_avg_yearly": 1.91,
            "eps_latest_yearly": 2.68,
            "eps_growth_yearly": 1734.41
        },
        "20204": {
            "year_quarter": 20204,
            "year": 2020,
            "quarter": 4,
            "eps": -0.23,
            "eps_growth_year": -1240.82,
            "eps_4q": 2.54,
            "eps_4q_growth_year": -11.55,
            "roe": -0.93,
            "roe_4q": 13.75,
            "gross_profit": 817314,
            "gross_margin": 15.01,
            "gross_margin_4q_avg": 16.8,
            "net_income": -99991,
            "net_income_4q": null,
            "revenue": 5446926,
            "revenue_4q": null,
            "common_shares": 5166213,
            "book_valuer_per_share": 19.27,
            "book_valuer_per_share_4q_avg": 18.88,
            "equity": 10643594,
            "current_ratio": 140.75,
            "debt_ratio": 60.54,
            "inventory_turnover_ratio": 1.5,
            "account_receivable_turnover_ratio": 0.98,
            "reinvestment_rate": 65.45,
            "research_to_sale_ratio": 7.93,
            "price_fair": 69.57,
            "eps_avg_yearly": 1.99,
            "eps_latest_yearly": 2.68,
            "eps_growth_yearly": 1863.43
        },
        "20211": {
            "year_quarter": 20211,
            "year": 2021,
            "quarter": 1,
            "eps": 0.16,
            "eps_growth_year": 300,
            "eps_4q": 2.67,
            "eps_4q_growth_year": -5.78,
            "roe": 0.95,
            "roe_4q": 14.3,
            "gross_profit": 816049,
            "gross_margin": 16.8,
            "gross_margin_4q_avg": 17.24,
            "net_income": 101159,
            "net_income_4q": null,
            "revenue": 4858217,
            "revenue_4q": null,
            "common_shares": 5166213,
            "book_valuer_per_share": 19.41,
            "book_valuer_per_share_4q_avg": 19.26,
            "equity": 10677896,
            "current_ratio": 145.44,
            "debt_ratio": 60.36,
            "inventory_turnover_ratio": 1.29,
            "account_receivable_turnover_ratio": 0.89,
            "reinvestment_rate": 78.36,
            "research_to_sale_ratio": 7.56,
            "price_fair": 74.2,
            "eps_avg_yearly": 2.12,
            "eps_latest_yearly": 2.68,
            "eps_growth_yearly": 2038.16
        },
        "20212": {
            "year_quarter": 20212,
            "year": 2021,
            "quarter": 2,
            "eps": 0.34,
            "eps_growth_year": -83.5,
            "eps_4q": 0.95,
            "eps_4q_growth_year": -75.9,
            "roe": 1.82,
            "roe_4q": 5.29,
            "gross_profit": 750438,
            "gross_margin": 15.24,
            "gross_margin_4q_avg": 16.44,
            "net_income": 190732,
            "net_income_4q": null,
            "revenue": 4922636,
            "revenue_4q": null,
            "common_shares": 5166213,
            "book_valuer_per_share": 18.52,
            "book_valuer_per_share_4q_avg": 19.19,
            "equity": 10230514,
            "current_ratio": 139.45,
            "debt_ratio": 63.72,
            "inventory_turnover_ratio": 1.13,
            "account_receivable_turnover_ratio": 0.9,
            "reinvestment_rate": 97.37,
            "research_to_sale_ratio": 7.77,
            "price_fair": 76.3,
            "eps_avg_yearly": 2.18,
            "eps_latest_yearly": 1.36,
            "eps_growth_yearly": 2055.66
        },
        "20213": {
            "year_quarter": 20213,
            "year": 2021,
            "quarter": 3,
            "eps": 0.48,
            "eps_growth_year": -28.36,
            "eps_4q": 0.75,
            "eps_4q_growth_year": -73,
            "roe": 2.67,
            "roe_4q": 4.510000000000001,
            "gross_profit": 1039409,
            "gross_margin": 17.85,
            "gross_margin_4q_avg": 16.23,
            "net_income": 274884,
            "net_income_4q": null,
            "revenue": 5823291,
            "revenue_4q": null,
            "common_shares": 5166213,
            "book_valuer_per_share": 18.94,
            "book_valuer_per_share_4q_avg": 19.04,
            "equity": 10385434,
            "current_ratio": 139.23,
            "debt_ratio": 64.22,
            "inventory_turnover_ratio": 1.13,
            "account_receivable_turnover_ratio": 0.96,
            "reinvestment_rate": 105.93,
            "research_to_sale_ratio": 6.78,
            "price_fair": 78.28,
            "eps_avg_yearly": 2.24,
            "eps_latest_yearly": 1.92,
            "eps_growth_yearly": 2038.14
        },
        "20214": {
            "year_quarter": 20214,
            "year": 2021,
            "quarter": 4,
            "eps": 0.18,
            "eps_growth_year": null,
            "eps_4q": 1.17,
            "eps_4q_growth_year": -54.15,
            "roe": 0.98,
            "roe_4q": 6.42,
            "gross_profit": 1026080,
            "gross_margin": 16.28,
            "gross_margin_4q_avg": 16.54,
            "net_income": 102873,
            "net_income_4q": null,
            "revenue": 6302251,
            "revenue_4q": null,
            "common_shares": 5166213,
            "book_valuer_per_share": 19.14,
            "book_valuer_per_share_4q_avg": 19,
            "equity": 10501452,
            "current_ratio": 133.53,
            "debt_ratio": 65.77,
            "inventory_turnover_ratio": 1.07,
            "account_receivable_turnover_ratio": 0.92,
            "reinvestment_rate": 123.88,
            "research_to_sale_ratio": 6.93,
            "price_fair": 80.03,
            "eps_avg_yearly": 2.29,
            "eps_latest_yearly": 0.72,
            "eps_growth_yearly": 2047.41
        },
        "20221": {
            "year_quarter": 20221,
            "year": 2022,
            "quarter": 1,
            "eps": 0.2,
            "eps_growth_year": 25,
            "eps_4q": 1.21,
            "eps_4q_growth_year": -54.75,
            "roe": 1.07,
            "roe_4q": 6.54,
            "gross_profit": 912527,
            "gross_margin": 14.87,
            "gross_margin_4q_avg": 16.06,
            "net_income": 112119,
            "net_income_4q": null,
            "revenue": 6137568,
            "revenue_4q": null,
            "common_shares": 5166213,
            "book_valuer_per_share": 19.05,
            "book_valuer_per_share_4q_avg": 18.91,
            "equity": 10439636,
            "current_ratio": 173.5,
            "debt_ratio": 69.07,
            "inventory_turnover_ratio": 0.94,
            "account_receivable_turnover_ratio": 0.87,
            "reinvestment_rate": 132.65,
            "research_to_sale_ratio": 6.35,
            "price_fair": 76.03,
            "eps_avg_yearly": 2.17,
            "eps_latest_yearly": 0.8,
            "eps_growth_yearly": 1893.34
        },
        "20222": {
            "year_quarter": 20222,
            "year": 2022,
            "quarter": 2,
            "eps": 0.49,
            "eps_growth_year": 44.12,
            "eps_4q": 1.36,
            "eps_4q_growth_year": 43.61,
            "roe": 2.53,
            "roe_4q": 7.25,
            "gross_profit": 1135926,
            "gross_margin": 17.15,
            "gross_margin_4q_avg": 16.54,
            "net_income": 266800,
            "net_income_4q": null,
            "revenue": 6621986,
            "revenue_4q": null,
            "common_shares": 5166213,
            "book_valuer_per_share": 19.44,
            "book_valuer_per_share_4q_avg": 19.14,
            "equity": 10648276,
            "current_ratio": 190.77,
            "debt_ratio": 67.53,
            "inventory_turnover_ratio": 0.98,
            "account_receivable_turnover_ratio": 0.89,
            "reinvestment_rate": 160.85,
            "research_to_sale_ratio": 6.17,
            "price_fair": 75.5,
            "eps_avg_yearly": 2.16,
            "eps_latest_yearly": 1.96,
            "eps_growth_yearly": 1799.53
        },
        "20223": {
            "year_quarter": 20223,
            "year": 2022,
            "quarter": 3,
            "eps": 0.76,
            "eps_growth_year": 58.33,
            "eps_4q": 1.61,
            "eps_4q_growth_year": 113.14,
            "roe": 3.73,
            "roe_4q": 8.31,
            "gross_profit": 1127016,
            "gross_margin": 16.7,
            "gross_margin_4q_avg": 16.25,
            "net_income": 405139,
            "net_income_4q": null,
            "revenue": 6747645,
            "revenue_4q": null,
            "common_shares": 5262913,
            "book_valuer_per_share": 19.68,
            "book_valuer_per_share_4q_avg": 19.33,
            "equity": 11054069,
            "current_ratio": 191.25,
            "debt_ratio": 67.32,
            "inventory_turnover_ratio": 1.05,
            "account_receivable_turnover_ratio": 0.86,
            "reinvestment_rate": 155.91,
            "research_to_sale_ratio": 6.37,
            "price_fair": 81.9,
            "eps_avg_yearly": 2.34,
            "eps_latest_yearly": 3.04,
            "eps_growth_yearly": 1842.12
        },
        "20224": {
            "year_quarter": 20224,
            "year": 2022,
            "quarter": 4,
            "eps": -0.22,
            "eps_growth_year": -217.44,
            "eps_4q": 1.21,
            "eps_4q_growth_year": 3.76,
            "roe": -1,
            "roe_4q": 6.33,
            "gross_profit": 1176010,
            "gross_margin": 20.23,
            "gross_margin_4q_avg": 17.24,
            "net_income": -109046,
            "net_income_4q": null,
            "revenue": 5813968,
            "revenue_4q": null,
            "common_shares": 5262913,
            "book_valuer_per_share": 19.26,
            "book_valuer_per_share_4q_avg": 19.36,
            "equity": 10732380,
            "current_ratio": 194.17,
            "debt_ratio": 68.31,
            "inventory_turnover_ratio": 0.84,
            "account_receivable_turnover_ratio": 0.81,
            "reinvestment_rate": 172.15,
            "research_to_sale_ratio": 7.68,
            "price_fair": 87.12,
            "eps_avg_yearly": 2.49,
            "eps_latest_yearly": 3.04,
            "eps_growth_yearly": 1988.95
        },
        "20231": {
            "year_quarter": 20231,
            "year": 2023,
            "quarter": 1,
            "eps": 0.06,
            "eps_growth_year": -70,
            "eps_4q": 1.07,
            "eps_4q_growth_year": -11.7,
            "roe": 0.29,
            "roe_4q": 5.55,
            "gross_profit": 952606,
            "gross_margin": 18.54,
            "gross_margin_4q_avg": 18.16,
            "net_income": 31381,
            "net_income_4q": null,
            "revenue": 5138851,
            "revenue_4q": null,
            "common_shares": 5261013,
            "book_valuer_per_share": 19.17,
            "book_valuer_per_share_4q_avg": 19.39,
            "equity": 10677115,
            "current_ratio": 210.85,
            "debt_ratio": 66.73,
            "inventory_turnover_ratio": 0.74,
            "account_receivable_turnover_ratio": 0.89,
            "reinvestment_rate": 176.16,
            "research_to_sale_ratio": 7.69,
            "price_fair": 93.45,
            "eps_avg_yearly": 2.67,
            "eps_latest_yearly": 3.04,
            "eps_growth_yearly": 2161.36
        },
        "20232": {
            "year_quarter": 20232,
            "year": 2023,
            "quarter": 2,
            "eps": 0.03,
            "eps_growth_year": -93.88,
            "eps_4q": 0.6,
            "eps_4q_growth_year": -55.54,
            "roe": 0.26,
            "roe_4q": 3.2800000000000002,
            "gross_profit": 962484,
            "gross_margin": 19.51,
            "gross_margin_4q_avg": 18.75,
            "net_income": 28166,
            "net_income_4q": null,
            "revenue": 4933781,
            "revenue_4q": null,
            "common_shares": 5336502,
            "book_valuer_per_share": 20.22,
            "book_valuer_per_share_4q_avg": 19.58,
            "equity": 11327729,
            "current_ratio": 174.6,
            "debt_ratio": 74.47,
            "inventory_turnover_ratio": 0.75,
            "account_receivable_turnover_ratio": 0.97,
            "reinvestment_rate": 111.53,
            "research_to_sale_ratio": 8.45,
            "price_fair": 82.48,
            "eps_avg_yearly": 2.36,
            "eps_latest_yearly": 0.12,
            "eps_growth_yearly": 1773.86
        }
    },
    "months": {
        "2003-09": {
            "month": "2003-09",
            "price": "32.40",
            "revenue": 988197
        },
        "2003-10": {
            "month": "2003-10",
            "price": "31.86",
            "revenue": 1007043
        },
        "2003-11": {
            "month": "2003-11",
            "price": "35.14",
            "revenue": 1010139
        },
        "2003-12": {
            "month": "2003-12",
            "price": "37.82",
            "revenue": 1065124
        },
        "2004-01": {
            "month": "2004-01",
            "price": "37.98",
            "revenue": 864780
        },
        "2004-02": {
            "month": "2004-02",
            "price": "38.38",
            "revenue": 812759
        },
        "2004-03": {
            "month": "2004-03",
            "price": "38.11",
            "revenue": 960793
        },
        "2004-04": {
            "month": "2004-04",
            "price": "37.10",
            "revenue": 991969
        },
        "2004-05": {
            "month": "2004-05",
            "price": "32.94",
            "revenue": 967791
        },
        "2004-06": {
            "month": "2004-06",
            "price": "29.70",
            "revenue": 1012927
        },
        "2004-07": {
            "month": "2004-07",
            "price": "26.85",
            "revenue": 1008136
        },
        "2004-08": {
            "month": "2004-08",
            "price": "25.34",
            "revenue": 1037703
        },
        "2004-09": {
            "month": "2004-09",
            "price": "28.50",
            "revenue": 1080946
        },
        "2004-10": {
            "month": "2004-10",
            "price": "28.50",
            "revenue": 1244351
        },
        "2004-11": {
            "month": "2004-11",
            "price": "27.35",
            "revenue": 1275426
        },
        "2004-12": {
            "month": "2004-12",
            "price": "29.00",
            "revenue": 1164091
        },
        "2005-01": {
            "month": "2005-01",
            "price": "28.64",
            "revenue": 1160381
        },
        "2005-02": {
            "month": "2005-02",
            "price": "29.42",
            "revenue": 764001
        },
        "2005-03": {
            "month": "2005-03",
            "price": "32.31",
            "revenue": 1016658
        },
        "2005-04": {
            "month": "2005-04",
            "price": "30.68",
            "revenue": 1028660
        },
        "2005-05": {
            "month": "2005-05",
            "price": "24.88",
            "revenue": 950602
        },
        "2005-06": {
            "month": "2005-06",
            "price": "26.92",
            "revenue": 1003366
        },
        "2005-07": {
            "month": "2005-07",
            "price": "26.52",
            "revenue": 882606
        },
        "2005-08": {
            "month": "2005-08",
            "price": "19.91",
            "revenue": 1057203
        },
        "2005-09": {
            "month": "2005-09",
            "price": "16.83",
            "revenue": 1031116
        },
        "2005-10": {
            "month": "2005-10",
            "price": "15.52",
            "revenue": 1217383
        },
        "2005-11": {
            "month": "2005-11",
            "price": "16.80",
            "revenue": 1258164
        },
        "2005-12": {
            "month": "2005-12",
            "price": "17.80",
            "revenue": 1147599
        },
        "2006-01": {
            "month": "2006-01",
            "price": "16.95",
            "revenue": 890258
        },
        "2006-02": {
            "month": "2006-02",
            "price": "15.53",
            "revenue": 816962
        },
        "2006-03": {
            "month": "2006-03",
            "price": "15.04",
            "revenue": 1076463
        },
        "2006-04": {
            "month": "2006-04",
            "price": "15.97",
            "revenue": 945499
        },
        "2006-05": {
            "month": "2006-05",
            "price": "16.39",
            "revenue": 1024254
        },
        "2006-06": {
            "month": "2006-06",
            "price": "12.78",
            "revenue": 1091489
        },
        "2006-07": {
            "month": "2006-07",
            "price": "12.02",
            "revenue": 1013310
        },
        "2006-08": {
            "month": "2006-08",
            "price": "10.44",
            "revenue": 1149717
        },
        "2006-09": {
            "month": "2006-09",
            "price": "9.54",
            "revenue": 1149184
        },
        "2006-10": {
            "month": "2006-10",
            "price": "10.71",
            "revenue": 1131566
        },
        "2006-11": {
            "month": "2006-11",
            "price": "11.17",
            "revenue": 1265510
        },
        "2006-12": {
            "month": "2006-12",
            "price": "12.18",
            "revenue": 1064873
        },
        "2007-01": {
            "month": "2007-01",
            "price": "14.72",
            "revenue": 958000
        },
        "2007-02": {
            "month": "2007-02",
            "price": "14.69",
            "revenue": 755390
        },
        "2007-03": {
            "month": "2007-03",
            "price": "15.05",
            "revenue": 987590
        },
        "2007-04": {
            "month": "2007-04",
            "price": "15.40",
            "revenue": 971093
        },
        "2007-05": {
            "month": "2007-05",
            "price": "15.99",
            "revenue": 932675
        },
        "2007-06": {
            "month": "2007-06",
            "price": "17.73",
            "revenue": 1137730
        },
        "2007-07": {
            "month": "2007-07",
            "price": "22.65",
            "revenue": 1305525
        },
        "2007-08": {
            "month": "2007-08",
            "price": "20.95",
            "revenue": 1246125
        },
        "2007-09": {
            "month": "2007-09",
            "price": "20.96",
            "revenue": 1292762
        },
        "2007-10": {
            "month": "2007-10",
            "price": "20.90",
            "revenue": 1328793
        },
        "2007-11": {
            "month": "2007-11",
            "price": "19.28",
            "revenue": 1434556
        },
        "2007-12": {
            "month": "2007-12",
            "price": "17.44",
            "revenue": 1264152
        },
        "2008-01": {
            "month": "2008-01",
            "price": "13.84",
            "revenue": 1088908
        },
        "2008-02": {
            "month": "2008-02",
            "price": "12.00",
            "revenue": 1000238
        },
        "2008-03": {
            "month": "2008-03",
            "price": "12.77",
            "revenue": 1470816
        },
        "2008-04": {
            "month": "2008-04",
            "price": "15.54",
            "revenue": 1566320
        },
        "2008-05": {
            "month": "2008-05",
            "price": "15.87",
            "revenue": 1386225
        },
        "2008-06": {
            "month": "2008-06",
            "price": "14.24",
            "revenue": 1410545
        },
        "2008-07": {
            "month": "2008-07",
            "price": "13.19",
            "revenue": 1551404
        },
        "2008-08": {
            "month": "2008-08",
            "price": "13.13",
            "revenue": 1472902
        },
        "2008-09": {
            "month": "2008-09",
            "price": "12.71",
            "revenue": 1556713
        },
        "2008-10": {
            "month": "2008-10",
            "price": "14.26",
            "revenue": 1765707
        },
        "2008-11": {
            "month": "2008-11",
            "price": "13.04",
            "revenue": 1393455
        },
        "2008-12": {
            "month": "2008-12",
            "price": "12.07",
            "revenue": 1304964
        },
        "2009-01": {
            "month": "2009-01",
            "price": "12.43",
            "revenue": 918508
        },
        "2009-02": {
            "month": "2009-02",
            "price": "12.88",
            "revenue": 1058080
        },
        "2009-03": {
            "month": "2009-03",
            "price": "14.99",
            "revenue": 1272698
        },
        "2009-04": {
            "month": "2009-04",
            "price": "17.83",
            "revenue": 1243836
        },
        "2009-05": {
            "month": "2009-05",
            "price": "19.77",
            "revenue": 1317614
        },
        "2009-06": {
            "month": "2009-06",
            "price": "18.97",
            "revenue": 1361629
        },
        "2009-07": {
            "month": "2009-07",
            "price": "20.62",
            "revenue": 1412049
        },
        "2009-08": {
            "month": "2009-08",
            "price": "20.97",
            "revenue": 1580554
        },
        "2009-09": {
            "month": "2009-09",
            "price": "21.44",
            "revenue": 1756843
        },
        "2009-10": {
            "month": "2009-10",
            "price": "22.63",
            "revenue": 1535306
        },
        "2009-11": {
            "month": "2009-11",
            "price": "22.95",
            "revenue": 1799388
        },
        "2009-12": {
            "month": "2009-12",
            "price": "26.85",
            "revenue": 1810127
        },
        "2010-01": {
            "month": "2010-01",
            "price": "27.54",
            "revenue": 1618954
        },
        "2010-02": {
            "month": "2010-02",
            "price": "25.18",
            "revenue": 1376391
        },
        "2010-03": {
            "month": "2010-03",
            "price": "26.75",
            "revenue": 1637795
        },
        "2010-04": {
            "month": "2010-04",
            "price": "26.08",
            "revenue": 1775175
        },
        "2010-05": {
            "month": "2010-05",
            "price": "22.30",
            "revenue": 1915478
        },
        "2010-06": {
            "month": "2010-06",
            "price": "22.10",
            "revenue": 2067105
        },
        "2010-07": {
            "month": "2010-07",
            "price": "23.87",
            "revenue": 2101307
        },
        "2010-08": {
            "month": "2010-08",
            "price": "25.77",
            "revenue": 2118187
        },
        "2010-09": {
            "month": "2010-09",
            "price": "26.34",
            "revenue": 2002440
        },
        "2010-10": {
            "month": "2010-10",
            "price": "27.35",
            "revenue": 1891765
        },
        "2010-11": {
            "month": "2010-11",
            "price": "25.85",
            "revenue": 1731781
        },
        "2010-12": {
            "month": "2010-12",
            "price": "26.15",
            "revenue": 1843100
        },
        "2011-01": {
            "month": "2011-01",
            "price": "24.83",
            "revenue": 1643888
        },
        "2011-02": {
            "month": "2011-02",
            "price": "22.88",
            "revenue": 1293330
        },
        "2011-03": {
            "month": "2011-03",
            "price": "22.14",
            "revenue": 1843186
        },
        "2011-04": {
            "month": "2011-04",
            "price": "22.12",
            "revenue": 1892988
        },
        "2011-05": {
            "month": "2011-05",
            "price": "21.29",
            "revenue": 1873891
        },
        "2011-06": {
            "month": "2011-06",
            "price": "22.56",
            "revenue": 1942898
        },
        "2011-07": {
            "month": "2011-07",
            "price": "21.43",
            "revenue": 1946981
        },
        "2011-08": {
            "month": "2011-08",
            "price": "16.79",
            "revenue": 2046015
        },
        "2011-09": {
            "month": "2011-09",
            "price": "14.16",
            "revenue": 2034025
        },
        "2011-10": {
            "month": "2011-10",
            "price": "13.68",
            "revenue": 1917324
        },
        "2011-11": {
            "month": "2011-11",
            "price": "14.53",
            "revenue": 2049894
        },
        "2011-12": {
            "month": "2011-12",
            "price": "14.49",
            "revenue": 1952606
        },
        "2012-01": {
            "month": "2012-01",
            "price": "17.36",
            "revenue": 1596369
        },
        "2012-02": {
            "month": "2012-02",
            "price": "18.92",
            "revenue": 1661498
        },
        "2012-03": {
            "month": "2012-03",
            "price": "18.39",
            "revenue": 2009547
        },
        "2012-04": {
            "month": "2012-04",
            "price": "16.72",
            "revenue": 2073417
        },
        "2012-05": {
            "month": "2012-05",
            "price": "16.30",
            "revenue": 2113221
        },
        "2012-06": {
            "month": "2012-06",
            "price": "16.32",
            "revenue": 2067642
        },
        "2012-07": {
            "month": "2012-07",
            "price": "17.09",
            "revenue": 2156486
        },
        "2012-08": {
            "month": "2012-08",
            "price": "18.15",
            "revenue": 2180069
        },
        "2012-09": {
            "month": "2012-09",
            "price": "20.66",
            "revenue": 2178368
        },
        "2012-10": {
            "month": "2012-10",
            "price": "21.28",
            "revenue": 2113843
        },
        "2012-11": {
            "month": "2012-11",
            "price": "19.68",
            "revenue": 2146867
        },
        "2012-12": {
            "month": "2012-12",
            "price": "20.74",
            "revenue": 2092433
        },
        "2013-01": {
            "month": "2013-01",
            "price": "21.50",
            "revenue": 2159684
        },
        "2013-02": {
            "month": "2013-02",
            "price": "23.16",
            "revenue": 1482357
        },
        "2013-03": {
            "month": "2013-03",
            "price": "24.39",
            "revenue": 2056955
        },
        "2013-04": {
            "month": "2013-04",
            "price": "25.93",
            "revenue": 2139134
        },
        "2013-05": {
            "month": "2013-05",
            "price": "26.00",
            "revenue": 2198493
        },
        "2013-06": {
            "month": "2013-06",
            "price": "24.53",
            "revenue": 2100438
        },
        "2013-07": {
            "month": "2013-07",
            "price": "25.16",
            "revenue": 2117118
        },
        "2013-08": {
            "month": "2013-08",
            "price": "30.75",
            "revenue": 2179471
        },
        "2013-09": {
            "month": "2013-09",
            "price": "32.31",
            "revenue": 2148603
        },
        "2013-10": {
            "month": "2013-10",
            "price": "30.35",
            "revenue": 2008813
        },
        "2013-11": {
            "month": "2013-11",
            "price": "27.79",
            "revenue": 2045696
        },
        "2013-12": {
            "month": "2013-12",
            "price": "29.87",
            "revenue": 1958110
        },
        "2014-01": {
            "month": "2014-01",
            "price": "31.22",
            "revenue": 1786605
        },
        "2014-02": {
            "month": "2014-02",
            "price": "32.90",
            "revenue": 1621082
        },
        "2014-03": {
            "month": "2014-03",
            "price": "37.82",
            "revenue": 1918204
        },
        "2014-04": {
            "month": "2014-04",
            "price": "40.45",
            "revenue": 2125020
        },
        "2014-05": {
            "month": "2014-05",
            "price": "38.29",
            "revenue": 2274908
        },
        "2014-06": {
            "month": "2014-06",
            "price": "39.89",
            "revenue": 2136539
        },
        "2014-07": {
            "month": "2014-07",
            "price": "49.49",
            "revenue": 2210630
        },
        "2014-08": {
            "month": "2014-08",
            "price": "46.56",
            "revenue": 2061555
        },
        "2014-09": {
            "month": "2014-09",
            "price": "43.87",
            "revenue": 2015760
        },
        "2014-10": {
            "month": "2014-10",
            "price": "35.47",
            "revenue": 2080818
        },
        "2014-11": {
            "month": "2014-11",
            "price": "34.03",
            "revenue": 1915421
        },
        "2014-12": {
            "month": "2014-12",
            "price": "34.52",
            "revenue": 1938272
        },
        "2015-01": {
            "month": "2015-01",
            "price": "35.32",
            "revenue": 2037898
        },
        "2015-02": {
            "month": "2015-02",
            "price": "37.30",
            "revenue": 1379744
        },
        "2015-03": {
            "month": "2015-03",
            "price": "35.19",
            "revenue": 1799500
        },
        "2015-04": {
            "month": "2015-04",
            "price": "31.38",
            "revenue": 1670337
        },
        "2015-05": {
            "month": "2015-05",
            "price": "27.50",
            "revenue": 1668948
        },
        "2015-06": {
            "month": "2015-06",
            "price": "25.32",
            "revenue": 1625140
        },
        "2015-07": {
            "month": "2015-07",
            "price": "21.92",
            "revenue": 1721537
        },
        "2015-08": {
            "month": "2015-08",
            "price": "16.75",
            "revenue": 1812245
        },
        "2015-09": {
            "month": "2015-09",
            "price": "18.35",
            "revenue": 1833355
        },
        "2015-10": {
            "month": "2015-10",
            "price": "22.71",
            "revenue": 1896130
        },
        "2015-11": {
            "month": "2015-11",
            "price": "24.79",
            "revenue": 1808517
        },
        "2015-12": {
            "month": "2015-12",
            "price": "24.29",
            "revenue": 1582742
        },
        "2016-01": {
            "month": "2016-01",
            "price": "22.51",
            "revenue": 1755675
        },
        "2016-02": {
            "month": "2016-02",
            "price": "22.98",
            "revenue": 1227396
        },
        "2016-03": {
            "month": "2016-03",
            "price": "26.29",
            "revenue": 1770281
        },
        "2016-04": {
            "month": "2016-04",
            "price": "25.78",
            "revenue": 1640347
        },
        "2016-05": {
            "month": "2016-05",
            "price": "23.55",
            "revenue": 1741684
        },
        "2016-06": {
            "month": "2016-06",
            "price": "24.56",
            "revenue": 1556427
        },
        "2016-07": {
            "month": "2016-07",
            "price": "25.49",
            "revenue": 1644293
        },
        "2016-08": {
            "month": "2016-08",
            "price": "25.26",
            "revenue": 1719387
        },
        "2016-09": {
            "month": "2016-09",
            "price": "23.22",
            "revenue": 1807602
        },
        "2016-10": {
            "month": "2016-10",
            "price": "23.58",
            "revenue": 1597078
        },
        "2016-11": {
            "month": "2016-11",
            "price": "22.49",
            "revenue": 1671284
        },
        "2016-12": {
            "month": "2016-12",
            "price": "23.14",
            "revenue": 1618078
        },
        "2017-01": {
            "month": "2017-01",
            "price": "23.50",
            "revenue": 1326505
        },
        "2017-02": {
            "month": "2017-02",
            "price": "24.37",
            "revenue": 1217083
        },
        "2017-03": {
            "month": "2017-03",
            "price": "24.23",
            "revenue": 1687821
        },
        "2017-04": {
            "month": "2017-04",
            "price": "23.50",
            "revenue": 1466290
        },
        "2017-05": {
            "month": "2017-05",
            "price": "22.82",
            "revenue": 1537866
        },
        "2017-06": {
            "month": "2017-06",
            "price": "22.96",
            "revenue": 1471641
        },
        "2017-07": {
            "month": "2017-07",
            "price": "23.25",
            "revenue": 1585863
        },
        "2017-08": {
            "month": "2017-08",
            "price": "23.92",
            "revenue": 1560867
        },
        "2017-09": {
            "month": "2017-09",
            "price": "23.79",
            "revenue": 1513434
        },
        "2017-10": {
            "month": "2017-10",
            "price": "23.14",
            "revenue": 1433420
        },
        "2017-11": {
            "month": "2017-11",
            "price": "22.72",
            "revenue": 1497904
        },
        "2017-12": {
            "month": "2017-12",
            "price": "21.65",
            "revenue": 1502996
        },
        "2018-01": {
            "month": "2018-01",
            "price": "22.36",
            "revenue": 1415628
        },
        "2018-02": {
            "month": "2018-02",
            "price": "21.50",
            "revenue": 880514
        },
        "2018-03": {
            "month": "2018-03",
            "price": "21.18",
            "revenue": 1460778
        },
        "2018-04": {
            "month": "2018-04",
            "price": "20.06",
            "revenue": 1584517
        },
        "2018-05": {
            "month": "2018-05",
            "price": "18.82",
            "revenue": 1624010
        },
        "2018-06": {
            "month": "2018-06",
            "price": "19.24",
            "revenue": 1560703
        },
        "2018-07": {
            "month": "2018-07",
            "price": "18.75",
            "revenue": 1610615
        },
        "2018-08": {
            "month": "2018-08",
            "price": "19.97",
            "revenue": 1796285
        },
        "2018-09": {
            "month": "2018-09",
            "price": "20.16",
            "revenue": 1768626
        },
        "2018-10": {
            "month": "2018-10",
            "price": "18.67",
            "revenue": 1781761
        },
        "2018-11": {
            "month": "2018-11",
            "price": "18.34",
            "revenue": 1761581
        },
        "2018-12": {
            "month": "2018-12",
            "price": "19.39",
            "revenue": 1487645
        },
        "2019-01": {
            "month": "2019-01",
            "price": "19.30",
            "revenue": 2005062
        },
        "2019-02": {
            "month": "2019-02",
            "price": "20.89",
            "revenue": 1130637
        },
        "2019-03": {
            "month": "2019-03",
            "price": "21.45",
            "revenue": 2003866
        },
        "2019-04": {
            "month": "2019-04",
            "price": "22.02",
            "revenue": 1868702
        },
        "2019-05": {
            "month": "2019-05",
            "price": "20.23",
            "revenue": 1676992
        },
        "2019-06": {
            "month": "2019-06",
            "price": "19.87",
            "revenue": 1721456
        },
        "2019-07": {
            "month": "2019-07",
            "price": "21.29",
            "revenue": 1719572
        },
        "2019-08": {
            "month": "2019-08",
            "price": "22.51",
            "revenue": 1754414
        },
        "2019-09": {
            "month": "2019-09",
            "price": "22.23",
            "revenue": 1776989
        },
        "2019-10": {
            "month": "2019-10",
            "price": "22.06",
            "revenue": 1633996
        },
        "2019-11": {
            "month": "2019-11",
            "price": "22.98",
            "revenue": 1803432
        },
        "2019-12": {
            "month": "2019-12",
            "price": "23.88",
            "revenue": 1488441
        },
        "2020-01": {
            "month": "2020-01",
            "price": "24.33",
            "revenue": 2033104
        },
        "2020-02": {
            "month": "2020-02",
            "price": "23.51",
            "revenue": 835291
        },
        "2020-03": {
            "month": "2020-03",
            "price": "19.41",
            "revenue": 1995346
        },
        "2020-04": {
            "month": "2020-04",
            "price": "19.62",
            "revenue": 1877053
        },
        "2020-05": {
            "month": "2020-05",
            "price": "20.41",
            "revenue": 1565616
        },
        "2020-06": {
            "month": "2020-06",
            "price": "20.60",
            "revenue": 1622016
        },
        "2020-07": {
            "month": "2020-07",
            "price": "21.90",
            "revenue": 1847655
        },
        "2020-08": {
            "month": "2020-08",
            "price": "24.65",
            "revenue": 1818052
        },
        "2020-09": {
            "month": "2020-09",
            "price": "24.91",
            "revenue": 1942698
        },
        "2020-10": {
            "month": "2020-10",
            "price": "26.22",
            "revenue": 1822337
        },
        "2020-11": {
            "month": "2020-11",
            "price": "27.18",
            "revenue": 1840504
        },
        "2020-12": {
            "month": "2020-12",
            "price": "28.88",
            "revenue": 1784085
        },
        "2021-01": {
            "month": "2021-01",
            "price": "29.11",
            "revenue": 1778605
        },
        "2021-02": {
            "month": "2021-02",
            "price": "29.09",
            "revenue": 1225098
        },
        "2021-03": {
            "month": "2021-03",
            "price": "28.76",
            "revenue": 1854514
        },
        "2021-04": {
            "month": "2021-04",
            "price": "29.73",
            "revenue": 1633322
        },
        "2021-05": {
            "month": "2021-05",
            "price": "26.22",
            "revenue": 1685568
        },
        "2021-06": {
            "month": "2021-06",
            "price": "26.76",
            "revenue": 1603746
        },
        "2021-07": {
            "month": "2021-07",
            "price": "27.17",
            "revenue": 1847607
        },
        "2021-08": {
            "month": "2021-08",
            "price": "26.83",
            "revenue": 1990302
        },
        "2021-09": {
            "month": "2021-09",
            "price": "27.58",
            "revenue": 1985382
        },
        "2021-10": {
            "month": "2021-10",
            "price": "28.54",
            "revenue": 2148334
        },
        "2021-11": {
            "month": "2021-11",
            "price": "35.34",
            "revenue": 2178893
        },
        "2021-12": {
            "month": "2021-12",
            "price": "35.31",
            "revenue": 1975024
        },
        "2022-01": {
            "month": "2022-01",
            "price": "34.61",
            "revenue": 2086724
        },
        "2022-02": {
            "month": "2022-02",
            "price": "34.43",
            "revenue": 1714792
        },
        "2022-03": {
            "month": "2022-03",
            "price": "34.38",
            "revenue": 2336052
        },
        "2022-04": {
            "month": "2022-04",
            "price": "31.86",
            "revenue": 1951395
        },
        "2022-05": {
            "month": "2022-05",
            "price": "28.50",
            "revenue": 2171674
        },
        "2022-06": {
            "month": "2022-06",
            "price": "29.17",
            "revenue": 2498917
        },
        "2022-07": {
            "month": "2022-07",
            "price": "30.20",
            "revenue": 2062672
        },
        "2022-08": {
            "month": "2022-08",
            "price": "30.44",
            "revenue": 2152244
        },
        "2022-09": {
            "month": "2022-09",
            "price": "29.01",
            "revenue": 2532729
        },
        "2022-10": {
            "month": "2022-10",
            "price": "28.10",
            "revenue": 2040878
        },
        "2022-11": {
            "month": "2022-11",
            "price": "29.56",
            "revenue": 2024583
        },
        "2022-12": {
            "month": "2022-12",
            "price": "30.25",
            "revenue": 1748507
        },
        "2023-01": {
            "month": "2023-01",
            "price": "30.53",
            "revenue": 1796634
        },
        "2023-02": {
            "month": "2023-02",
            "price": "38.02",
            "revenue": 1571001
        },
        "2023-03": {
            "month": "2023-03",
            "price": "39.85",
            "revenue": 1771216
        },
        "2023-04": {
            "month": "2023-04",
            "price": "41.17",
            "revenue": 1611210
        },
        "2023-05": {
            "month": "2023-05",
            "price": "41.98",
            "revenue": 1506291
        },
        "2023-06": {
            "month": "2023-06",
            "price": "47.22",
            "revenue": 1816280
        },
        "2023-07": {
            "month": "2023-07",
            "price": "52.61",
            "revenue": 2678261
        },
        "2023-08": {
            "month": "2023-08",
            "price": "50.08",
            "revenue": 3386030
        },
        "2023-09": {
            "month": "2023-09",
            "price": "44.86",
            "revenue": 3719363
        }
    }
}
