{
    "summary": {
        "stock_name": "淳安",
        "stock_id": "6283",
        "category": "其他電子",
        "main_business": "車用鏡頭研發製造、先進駕駛輔助系統整合開發。<br>汽車輕量化工程模、檢、治具研發製造，智能產線規劃。<br>各式薄膜線路與按鍵之製造.加工.代理國內外廠商產品經銷服務",
        "website_url": "http://www.soe-ele.com",
        "ceo": "陳世昌",
        "pe_ratio": -37,
        "report_year_from": 2002,
        "report_year_to": 2023,
        "age": 21,
        "eps_negative_percentage": 48,
        "eps_growth_avg": {
            "last_all": -34.74,
            "last_2y": -100,
            "last_4y": -72.22,
            "last_8y": -36.9,
            "last_12y": -36.9,
            "last_16y": -35.54,
            "last_20y": null,
            "at_2006_last_3y": null,
            "at_2007_last_3y": -4.39,
            "at_2008_last_3y": -22.72,
            "at_2009_last_3y": -33.84,
            "at_2010_last_3y": -57.21,
            "at_2011_last_3y": -90,
            "at_2012_last_3y": -100,
            "at_2013_last_3y": null,
            "at_2014_last_3y": null,
            "at_2015_last_3y": null,
            "at_2016_last_3y": 100,
            "at_2017_last_3y": 16.07,
            "at_2018_last_3y": -0.4,
            "at_2019_last_3y": -21.13,
            "at_2020_last_3y": -71.13,
            "at_2021_last_3y": -72.22,
            "at_2022_last_3y": -91.67,
            "at_2023_last_3y": -91.67,
            "at_2006_last_all": -8.64,
            "at_2007_last_all": -4.39,
            "at_2008_last_all": -19.51,
            "at_2009_last_all": -32.93,
            "at_2010_last_all": -32.93,
            "at_2011_last_all": -32.93,
            "at_2012_last_all": -32.93,
            "at_2013_last_all": -32.93,
            "at_2014_last_all": -32.93,
            "at_2015_last_all": -32.93,
            "at_2016_last_all": -13.94,
            "at_2017_last_all": -20.68,
            "at_2018_last_all": -22.08,
            "at_2019_last_all": -28.21,
            "at_2020_last_all": -34.74,
            "at_2021_last_all": -34.74,
            "at_2022_last_all": -34.74,
            "at_2023_last_all": -34.74
        },
        "latest_eps": -0.84,
        "latest_price": 31.25,
        "latest_roe": -6.23,
        "latest_gross_margin": 6.58,
        "latest_equity": 1935132,
        "latest_revenue": 215976,
        "latest_gross_profit": 14215,
        "latest_net_income": -48724,
        "latest_debt_ratio": 33.01,
        "latest_current_ratio": 216.29,
        "latest_account_receivable_turnover_ratio": 0.43,
        "latest_inventory_turnover_ratio": 0.71,
        "latest_reinvestment_rate": null,
        "latest_research_to_sale_ratio": 11.81
    },
    "eps_dividends": {
        "2001": {
            "cash": 0,
            "stock": 0,
            "eps": 0
        },
        "2002": {
            "cash": 1,
            "stock": 0.15,
            "eps": 0
        },
        "2003": {
            "cash": 1,
            "stock": 0.15,
            "eps": 4.65
        },
        "2004": {
            "cash": 1.5,
            "stock": 1.5,
            "eps": 4.34
        },
        "2005": {
            "cash": 1.13,
            "stock": 1.13,
            "eps": 1.93
        },
        "2006": {
            "cash": 0,
            "stock": 1,
            "eps": 2.63
        },
        "2007": {
            "cash": 0.75,
            "stock": 0.75,
            "eps": 2.85
        },
        "2008": {
            "cash": 0.51,
            "stock": 1.52,
            "eps": 0.57
        },
        "2009": {
            "cash": 0,
            "stock": 0.5,
            "eps": -1.82
        },
        "2010": {
            "cash": 0,
            "stock": 0,
            "eps": -0.04
        },
        "2011": {
            "cash": 0,
            "stock": 0,
            "eps": -2.05
        },
        "2012": {
            "cash": 0,
            "stock": 0,
            "eps": -1.47
        },
        "2013": {
            "cash": 0,
            "stock": 0,
            "eps": -1.53
        },
        "2014": {
            "cash": 0,
            "stock": 0,
            "eps": -3.68
        },
        "2015": {
            "cash": 0,
            "stock": 0,
            "eps": 0.1
        },
        "2016": {
            "cash": 0,
            "stock": 0,
            "eps": 0.84
        },
        "2017": {
            "cash": 0.5,
            "stock": 0.5,
            "eps": 0.27
        },
        "2018": {
            "cash": 0,
            "stock": 0,
            "eps": 0.18
        },
        "2019": {
            "cash": 0,
            "stock": 0,
            "eps": 0.03
        },
        "2020": {
            "cash": 0,
            "stock": 0,
            "eps": -0.16
        },
        "2021": {
            "cash": 0,
            "stock": 0,
            "eps": -0.4
        },
        "2022": {
            "cash": 0,
            "stock": 0,
            "eps": -0.62
        },
        "2023": {
            "cash": 0,
            "stock": 0,
            "eps": -0.3
        }
    },
    "dividends": {
        "2002-03-04": {
            "cash": 1,
            "stock": 0.15
        },
        "2003-02-07": {
            "cash": 1,
            "stock": 0.15
        },
        "2004-02-21": {
            "cash": 1.5,
            "stock": 1.5
        },
        "2005-02-17": {
            "cash": 1.13,
            "stock": 1.13
        },
        "2006-03-10": {
            "cash": 0,
            "stock": 1
        },
        "2007-03-05": {
            "cash": 0.75,
            "stock": 0.75
        },
        "2008-03-20": {
            "cash": 0.51,
            "stock": 1.52
        },
        "2009-04-30": {
            "cash": 0,
            "stock": 0.5
        },
        "2017-08-18": {
            "cash": 0.5,
            "stock": 0.5
        }
    },
    "prices": {
        "200101": "無",
        "200102": "無",
        "200103": "無",
        "200104": "無",
        "200105": "無",
        "200106": "無",
        "200107": "無",
        "200108": "無",
        "200109": "無",
        "200110": "無",
        "200111": "無",
        "200112": "無",
        "200201": "無",
        "200202": "無",
        "200203": "無",
        "200204": "無",
        "200205": "無",
        "200206": "無",
        "200207": "無",
        "200208": "無",
        "200209": "無",
        "200210": "無",
        "200211": "無",
        "200212": "無",
        "200301": "無",
        "200302": "無",
        "200303": "無",
        "200304": "無",
        "200305": "無",
        "200306": "無",
        "200307": "無",
        "200308": "無",
        "200309": "52.20",
        "200310": "55.61",
        "200311": "56.17",
        "200312": "54.74",
        "200401": "55.93",
        "200402": "60.35",
        "200403": "58.11",
        "200404": "56.34",
        "200405": "50.10",
        "200406": "49.33",
        "200407": "33.66",
        "200408": "28.26",
        "200409": "27.19",
        "200410": "23.44",
        "200411": "22.46",
        "200412": "24.79",
        "200501": "23.48",
        "200502": "30.01",
        "200503": "37.62",
        "200504": "31.48",
        "200505": "26.90",
        "200506": "31.39",
        "200507": "32.28",
        "200508": "24.39",
        "200509": "22.92",
        "200510": "20.82",
        "200511": "21.94",
        "200512": "23.92",
        "200601": "24.12",
        "200602": "22.26",
        "200603": "20.16",
        "200604": "23.70",
        "200605": "25.07",
        "200606": "22.82",
        "200607": "20.65",
        "200608": "19.72",
        "200609": "18.75",
        "200610": "21.09",
        "200611": "22.73",
        "200612": "25.36",
        "200701": "28.96",
        "200702": "33.22",
        "200703": "34.98",
        "200704": "33.83",
        "200705": "33.75",
        "200706": "36.36",
        "200707": "38.95",
        "200708": "33.34",
        "200709": "36.57",
        "200710": "34.72",
        "200711": "32.98",
        "200712": "28.38",
        "200801": "25.78",
        "200802": "25.18",
        "200803": "25.09",
        "200804": "26.73",
        "200805": "24.73",
        "200806": "21.43",
        "200807": "18.72",
        "200808": "17.72",
        "200809": "14.59",
        "200810": "13.25",
        "200811": "12.94",
        "200812": "11.71",
        "200901": "11.44",
        "200902": "11.18",
        "200903": "13.57",
        "200904": "14.53",
        "200905": "13.26",
        "200906": "11.89",
        "200907": "12.40",
        "200908": "13.12",
        "200909": "13.85",
        "200910": "15.28",
        "200911": "15.47",
        "200912": "17.20",
        "201001": "16.42",
        "201002": "13.52",
        "201003": "14.42",
        "201004": "15.94",
        "201005": "16.22",
        "201006": "15.91",
        "201007": "15.79",
        "201008": "15.63",
        "201009": "13.87",
        "201010": "12.91",
        "201011": "11.26",
        "201012": "12.23",
        "201101": "12.62",
        "201102": "11.80",
        "201103": "11.28",
        "201104": "10.88",
        "201105": "10.46",
        "201106": "10.65",
        "201107": "9.90",
        "201108": "8.66",
        "201109": "8.25",
        "201110": "7.07",
        "201111": "6.58",
        "201112": "5.56",
        "201201": "7.68",
        "201202": "9.46",
        "201203": "9.44",
        "201204": "8.61",
        "201205": "7.59",
        "201206": "7.48",
        "201207": "7.52",
        "201208": "8.22",
        "201209": "10.32",
        "201210": "10.39",
        "201211": "8.71",
        "201212": "9.78",
        "201301": "11.77",
        "201302": "14.05",
        "201303": "16.08",
        "201304": "16.61",
        "201305": "18.50",
        "201306": "21.38",
        "201307": "16.72",
        "201308": "16.31",
        "201309": "16.86",
        "201310": "14.47",
        "201311": "12.15",
        "201312": "11.27",
        "201401": "11.96",
        "201402": "11.47",
        "201403": "10.75",
        "201404": "10.52",
        "201405": "8.83",
        "201406": "8.81",
        "201407": "8.26",
        "201408": "7.15",
        "201409": "6.65",
        "201410": "5.77",
        "201411": "5.72",
        "201412": "6.75",
        "201501": "7.20",
        "201502": "6.83",
        "201503": "6.33",
        "201504": "5.75",
        "201505": "5.98",
        "201506": "5.83",
        "201507": "5.43",
        "201508": "4.17",
        "201509": "4.33",
        "201510": "5.01",
        "201511": "4.81",
        "201512": "4.70",
        "201601": "4.16",
        "201602": "4.23",
        "201603": "4.86",
        "201604": "5.32",
        "201605": "5.04",
        "201606": "4.90",
        "201607": "4.83",
        "201608": "5.09",
        "201609": "5.33",
        "201610": "13.39",
        "201611": "21.63",
        "201612": "25.15",
        "201701": "33.09",
        "201702": "44.19",
        "201703": "42.60",
        "201704": "45.47",
        "201705": "61.63",
        "201706": "58.70",
        "201707": "51.33",
        "201708": "47.92",
        "201709": "46.87",
        "201710": "47.60",
        "201711": "45.50",
        "201712": "50.05",
        "201801": "46.80",
        "201802": "39.46",
        "201803": "39.23",
        "201804": "45.74",
        "201805": "49.92",
        "201806": "55.27",
        "201807": "59.27",
        "201808": "51.83",
        "201809": "45.12",
        "201810": "36.35",
        "201811": "34.35",
        "201812": "35.77",
        "201901": "33.65",
        "201902": "36.45",
        "201903": "38.83",
        "201904": "39.42",
        "201905": "35.62",
        "201906": "35.27",
        "201907": "35.80",
        "201908": "34.37",
        "201909": "33.86",
        "201910": "30.68",
        "201911": "31.18",
        "201912": "29.66",
        "202001": "29.61",
        "202002": "25.02",
        "202003": "17.27",
        "202004": "17.67",
        "202005": "20.82",
        "202006": "24.64",
        "202007": "26.32",
        "202008": "24.58",
        "202009": "26.85",
        "202010": "37.72",
        "202011": "35.65",
        "202012": "38.15",
        "202101": "42.71",
        "202102": "40.31",
        "202103": "52.43",
        "202104": "62.22",
        "202105": "46.08",
        "202106": "48.64",
        "202107": "58.36",
        "202108": "49.99",
        "202109": "48.18",
        "202110": "43.18",
        "202111": "50.48",
        "202112": "45.84",
        "202201": "43.12",
        "202202": "41.90",
        "202203": "37.86",
        "202204": "36.16",
        "202205": "32.70",
        "202206": "33.26",
        "202207": "29.48",
        "202208": "35.24",
        "202209": "36.05",
        "202210": "30.94",
        "202211": "34.19",
        "202212": "33.83",
        "202301": "31.87",
        "202302": "33.45",
        "202303": "34.16",
        "202304": "33.81",
        "202305": "31.47",
        "202306": "31.75"
    },
    "quarters": {
        "20011": {
            "year_quarter": 20011,
            "year": 2001,
            "quarter": 1,
            "eps": null,
            "eps_growth_year": null,
            "eps_4q": null,
            "eps_4q_growth_year": null,
            "roe": null,
            "roe_4q": 0,
            "gross_profit": null,
            "gross_margin": null,
            "gross_margin_4q_avg": 0,
            "net_income": null,
            "revenue": null,
            "common_shares": null,
            "book_valuer_per_share": null,
            "book_valuer_per_share_4q_avg": 0,
            "equity": null,
            "current_ratio": null,
            "debt_ratio": null,
            "inventory_turnover_ratio": null,
            "account_receivable_turnover_ratio": null,
            "reinvestment_rate": null,
            "research_to_sale_ratio": null,
            "price_fair": 0,
            "eps_avg_yearly": 0,
            "eps_latest_yearly": 0,
            "eps_growth_yearly": 0
        },
        "20012": {
            "year_quarter": 20012,
            "year": 2001,
            "quarter": 2,
            "eps": null,
            "eps_growth_year": null,
            "eps_4q": null,
            "eps_4q_growth_year": null,
            "roe": null,
            "roe_4q": 0,
            "gross_profit": null,
            "gross_margin": null,
            "gross_margin_4q_avg": 0,
            "net_income": null,
            "revenue": null,
            "common_shares": null,
            "book_valuer_per_share": null,
            "book_valuer_per_share_4q_avg": 0,
            "equity": null,
            "current_ratio": null,
            "debt_ratio": null,
            "inventory_turnover_ratio": null,
            "account_receivable_turnover_ratio": null,
            "reinvestment_rate": null,
            "research_to_sale_ratio": null,
            "price_fair": 0,
            "eps_avg_yearly": 0,
            "eps_latest_yearly": 0,
            "eps_growth_yearly": 0
        },
        "20013": {
            "year_quarter": 20013,
            "year": 2001,
            "quarter": 3,
            "eps": null,
            "eps_growth_year": null,
            "eps_4q": null,
            "eps_4q_growth_year": null,
            "roe": null,
            "roe_4q": 0,
            "gross_profit": null,
            "gross_margin": null,
            "gross_margin_4q_avg": 0,
            "net_income": null,
            "revenue": null,
            "common_shares": null,
            "book_valuer_per_share": null,
            "book_valuer_per_share_4q_avg": 0,
            "equity": null,
            "current_ratio": null,
            "debt_ratio": null,
            "inventory_turnover_ratio": null,
            "account_receivable_turnover_ratio": null,
            "reinvestment_rate": null,
            "research_to_sale_ratio": null,
            "price_fair": 0,
            "eps_avg_yearly": 0,
            "eps_latest_yearly": 0,
            "eps_growth_yearly": 0
        },
        "20014": {
            "year_quarter": 20014,
            "year": 2001,
            "quarter": 4,
            "eps": null,
            "eps_growth_year": null,
            "eps_4q": null,
            "eps_4q_growth_year": null,
            "roe": null,
            "roe_4q": 0,
            "gross_profit": null,
            "gross_margin": null,
            "gross_margin_4q_avg": 0,
            "net_income": null,
            "revenue": null,
            "common_shares": 195000,
            "book_valuer_per_share": 15.25,
            "book_valuer_per_share_4q_avg": 3.81,
            "equity": 297420,
            "current_ratio": 255.33,
            "debt_ratio": 27.19,
            "inventory_turnover_ratio": null,
            "account_receivable_turnover_ratio": null,
            "reinvestment_rate": null,
            "research_to_sale_ratio": null,
            "price_fair": 0,
            "eps_avg_yearly": 0,
            "eps_latest_yearly": 0,
            "eps_growth_yearly": 0
        },
        "20021": {
            "year_quarter": 20021,
            "year": 2002,
            "quarter": 1,
            "eps": null,
            "eps_growth_year": null,
            "eps_4q": null,
            "eps_4q_growth_year": null,
            "roe": null,
            "roe_4q": 0,
            "gross_profit": null,
            "gross_margin": null,
            "gross_margin_4q_avg": 0,
            "net_income": null,
            "revenue": null,
            "common_shares": null,
            "book_valuer_per_share": null,
            "book_valuer_per_share_4q_avg": 3.81,
            "equity": null,
            "current_ratio": null,
            "debt_ratio": null,
            "inventory_turnover_ratio": null,
            "account_receivable_turnover_ratio": null,
            "reinvestment_rate": null,
            "research_to_sale_ratio": null,
            "price_fair": 0,
            "eps_avg_yearly": 0,
            "eps_latest_yearly": 0,
            "eps_growth_yearly": 0
        },
        "20022": {
            "year_quarter": 20022,
            "year": 2002,
            "quarter": 2,
            "eps": null,
            "eps_growth_year": null,
            "eps_4q": null,
            "eps_4q_growth_year": null,
            "roe": null,
            "roe_4q": 0,
            "gross_profit": null,
            "gross_margin": null,
            "gross_margin_4q_avg": 0,
            "net_income": null,
            "revenue": null,
            "common_shares": null,
            "book_valuer_per_share": null,
            "book_valuer_per_share_4q_avg": 3.81,
            "equity": null,
            "current_ratio": null,
            "debt_ratio": null,
            "inventory_turnover_ratio": null,
            "account_receivable_turnover_ratio": null,
            "reinvestment_rate": null,
            "research_to_sale_ratio": null,
            "price_fair": 0,
            "eps_avg_yearly": 0,
            "eps_latest_yearly": 0,
            "eps_growth_yearly": 0
        },
        "20023": {
            "year_quarter": 20023,
            "year": 2002,
            "quarter": 3,
            "eps": null,
            "eps_growth_year": null,
            "eps_4q": null,
            "eps_4q_growth_year": null,
            "roe": null,
            "roe_4q": 0,
            "gross_profit": null,
            "gross_margin": null,
            "gross_margin_4q_avg": 0,
            "net_income": null,
            "revenue": null,
            "common_shares": null,
            "book_valuer_per_share": null,
            "book_valuer_per_share_4q_avg": 3.81,
            "equity": null,
            "current_ratio": null,
            "debt_ratio": null,
            "inventory_turnover_ratio": null,
            "account_receivable_turnover_ratio": null,
            "reinvestment_rate": null,
            "research_to_sale_ratio": null,
            "price_fair": 0,
            "eps_avg_yearly": 0,
            "eps_latest_yearly": 0,
            "eps_growth_yearly": 0
        },
        "20024": {
            "year_quarter": 20024,
            "year": 2002,
            "quarter": 4,
            "eps": null,
            "eps_growth_year": null,
            "eps_4q": null,
            "eps_4q_growth_year": null,
            "roe": null,
            "roe_4q": 0,
            "gross_profit": null,
            "gross_margin": null,
            "gross_margin_4q_avg": 0,
            "net_income": null,
            "revenue": null,
            "common_shares": 279850,
            "book_valuer_per_share": 17.66,
            "book_valuer_per_share_4q_avg": 4.42,
            "equity": 494305,
            "current_ratio": 269.4,
            "debt_ratio": 32.26,
            "inventory_turnover_ratio": null,
            "account_receivable_turnover_ratio": null,
            "reinvestment_rate": null,
            "research_to_sale_ratio": null,
            "price_fair": 0,
            "eps_avg_yearly": 0,
            "eps_latest_yearly": 0,
            "eps_growth_yearly": 0
        },
        "20031": {
            "year_quarter": 20031,
            "year": 2003,
            "quarter": 1,
            "eps": 1.22,
            "eps_growth_year": null,
            "eps_4q": null,
            "eps_4q_growth_year": null,
            "roe": 4.83,
            "roe_4q": 4.83,
            "gross_profit": 16764,
            "gross_margin": 13.03,
            "gross_margin_4q_avg": 3.26,
            "net_income": 24474,
            "revenue": 128689,
            "common_shares": 279850,
            "book_valuer_per_share": 18.54,
            "book_valuer_per_share_4q_avg": 9.05,
            "equity": 518865,
            "current_ratio": 193.51,
            "debt_ratio": 27.93,
            "inventory_turnover_ratio": 4.39,
            "account_receivable_turnover_ratio": null,
            "reinvestment_rate": null,
            "research_to_sale_ratio": null,
            "price_fair": 0,
            "eps_avg_yearly": 0,
            "eps_latest_yearly": 0,
            "eps_growth_yearly": 0
        },
        "20032": {
            "year_quarter": 20032,
            "year": 2003,
            "quarter": 2,
            "eps": 1,
            "eps_growth_year": null,
            "eps_4q": null,
            "eps_4q_growth_year": null,
            "roe": 5.44,
            "roe_4q": 10.27,
            "gross_profit": 20709,
            "gross_margin": 14.17,
            "gross_margin_4q_avg": 6.8,
            "net_income": 28105,
            "revenue": 146167,
            "common_shares": 279850,
            "book_valuer_per_share": 18.37,
            "book_valuer_per_share_4q_avg": 13.64,
            "equity": 514180,
            "current_ratio": 142.12,
            "debt_ratio": 34.79,
            "inventory_turnover_ratio": 48.81,
            "account_receivable_turnover_ratio": null,
            "reinvestment_rate": null,
            "research_to_sale_ratio": null,
            "price_fair": 12,
            "eps_avg_yearly": 4,
            "eps_latest_yearly": 4,
            "eps_growth_yearly": -72.13
        },
        "20033": {
            "year_quarter": 20033,
            "year": 2003,
            "quarter": 3,
            "eps": 1.05,
            "eps_growth_year": null,
            "eps_4q": null,
            "eps_4q_growth_year": null,
            "roe": 6.58,
            "roe_4q": 16.85,
            "gross_profit": 22959,
            "gross_margin": 11.53,
            "gross_margin_4q_avg": 9.68,
            "net_income": 34983,
            "revenue": 199144,
            "common_shares": 333000,
            "book_valuer_per_share": 16.49,
            "book_valuer_per_share_4q_avg": 17.77,
            "equity": 549163,
            "current_ratio": 122.64,
            "debt_ratio": 38.94,
            "inventory_turnover_ratio": 60.87,
            "account_receivable_turnover_ratio": null,
            "reinvestment_rate": null,
            "research_to_sale_ratio": null,
            "price_fair": 12.3,
            "eps_avg_yearly": 4.1,
            "eps_latest_yearly": 4.2,
            "eps_growth_yearly": -26.07
        },
        "20034": {
            "year_quarter": 20034,
            "year": 2003,
            "quarter": 4,
            "eps": 1.38,
            "eps_growth_year": null,
            "eps_4q": 4,
            "eps_4q_growth_year": null,
            "roe": 7.98,
            "roe_4q": 24.83,
            "gross_profit": 22480,
            "gross_margin": 11.82,
            "gross_margin_4q_avg": 12.64,
            "net_income": 46053,
            "revenue": 190179,
            "common_shares": 333000,
            "book_valuer_per_share": 17.47,
            "book_valuer_per_share_4q_avg": 17.72,
            "equity": 605725,
            "current_ratio": 217.77,
            "debt_ratio": 37.89,
            "inventory_turnover_ratio": 3.7,
            "account_receivable_turnover_ratio": null,
            "reinvestment_rate": null,
            "research_to_sale_ratio": null,
            "price_fair": 157.91,
            "eps_avg_yearly": 4.57,
            "eps_latest_yearly": 5.52,
            "eps_growth_yearly": 24.53
        },
        "20041": {
            "year_quarter": 20041,
            "year": 2004,
            "quarter": 1,
            "eps": 1.22,
            "eps_growth_year": 0,
            "eps_4q": 4.49,
            "eps_4q_growth_year": null,
            "roe": 6.73,
            "roe_4q": 26.73,
            "gross_profit": 20235,
            "gross_margin": 11.8,
            "gross_margin_4q_avg": 12.33,
            "net_income": 40745,
            "revenue": 171504,
            "common_shares": 333000,
            "book_valuer_per_share": 18.15,
            "book_valuer_per_share_4q_avg": 17.62,
            "equity": 604468,
            "current_ratio": 87.09,
            "debt_ratio": 43.88,
            "inventory_turnover_ratio": 3.38,
            "account_receivable_turnover_ratio": null,
            "reinvestment_rate": null,
            "research_to_sale_ratio": null,
            "price_fair": 78.13,
            "eps_avg_yearly": 4.65,
            "eps_latest_yearly": 4.88,
            "eps_growth_yearly": 6.8
        },
        "20042": {
            "year_quarter": 20042,
            "year": 2004,
            "quarter": 2,
            "eps": 0.78,
            "eps_growth_year": -22,
            "eps_4q": 3.86,
            "eps_4q_growth_year": null,
            "roe": 5.15,
            "roe_4q": 26.439999999999998,
            "gross_profit": 27553,
            "gross_margin": 16.58,
            "gross_margin_4q_avg": 12.93,
            "net_income": 30819,
            "revenue": 166158,
            "common_shares": 333000,
            "book_valuer_per_share": 17.78,
            "book_valuer_per_share_4q_avg": 17.47,
            "equity": 592118,
            "current_ratio": 145.39,
            "debt_ratio": 54.71,
            "inventory_turnover_ratio": 83.27,
            "account_receivable_turnover_ratio": null,
            "reinvestment_rate": null,
            "research_to_sale_ratio": null,
            "price_fair": 13.03,
            "eps_avg_yearly": 4.34,
            "eps_latest_yearly": 3.12,
            "eps_growth_yearly": -23.41
        },
        "20043": {
            "year_quarter": 20043,
            "year": 2004,
            "quarter": 3,
            "eps": 1.12,
            "eps_growth_year": 6.67,
            "eps_4q": 4.09,
            "eps_4q_growth_year": null,
            "roe": 7.29,
            "roe_4q": 27.150000000000002,
            "gross_profit": 37028,
            "gross_margin": 17.13,
            "gross_margin_4q_avg": 14.33,
            "net_income": 44396,
            "revenue": 216131,
            "common_shares": 396000,
            "book_valuer_per_share": 15.81,
            "book_valuer_per_share_4q_avg": 17.3,
            "equity": 626152,
            "current_ratio": 134.56,
            "debt_ratio": 52.2,
            "inventory_turnover_ratio": 110.9,
            "account_receivable_turnover_ratio": null,
            "reinvestment_rate": null,
            "research_to_sale_ratio": null,
            "price_fair": 85.37,
            "eps_avg_yearly": 4.37,
            "eps_latest_yearly": 4.48,
            "eps_growth_yearly": 9.55
        },
        "20044": {
            "year_quarter": 20044,
            "year": 2004,
            "quarter": 4,
            "eps": 1.22,
            "eps_growth_year": -11.59,
            "eps_4q": 4.17,
            "eps_4q_growth_year": 4.04,
            "roe": 7.5,
            "roe_4q": 26.669999999999998,
            "gross_profit": 36413,
            "gross_margin": 19.62,
            "gross_margin_4q_avg": 16.28,
            "net_income": 48026,
            "revenue": 185605,
            "common_shares": 396000,
            "book_valuer_per_share": 15.94,
            "book_valuer_per_share_4q_avg": 16.92,
            "equity": 654592,
            "current_ratio": 210.06,
            "debt_ratio": 53.78,
            "inventory_turnover_ratio": 2.54,
            "account_receivable_turnover_ratio": null,
            "reinvestment_rate": null,
            "research_to_sale_ratio": null,
            "price_fair": 103.4,
            "eps_avg_yearly": 4.44,
            "eps_latest_yearly": 4.88,
            "eps_growth_yearly": 13.29
        },
        "20051": {
            "year_quarter": 20051,
            "year": 2005,
            "quarter": 1,
            "eps": 0.43,
            "eps_growth_year": -64.75,
            "eps_4q": 3.58,
            "eps_4q_growth_year": -20.23,
            "roe": 2.33,
            "roe_4q": 22.270000000000003,
            "gross_profit": 28441,
            "gross_margin": 17.5,
            "gross_margin_4q_avg": 17.71,
            "net_income": 16823,
            "revenue": 162524,
            "common_shares": 430216,
            "book_valuer_per_share": 18.35,
            "book_valuer_per_share_4q_avg": 16.97,
            "equity": 789617,
            "current_ratio": 145.62,
            "debt_ratio": 38.44,
            "inventory_turnover_ratio": 2.29,
            "account_receivable_turnover_ratio": null,
            "reinvestment_rate": null,
            "research_to_sale_ratio": null,
            "price_fair": 12.3,
            "eps_avg_yearly": 4.1,
            "eps_latest_yearly": 1.72,
            "eps_growth_yearly": -20.75
        },
        "20052": {
            "year_quarter": 20052,
            "year": 2005,
            "quarter": 2,
            "eps": 0.55,
            "eps_growth_year": -29.49,
            "eps_4q": 3.23,
            "eps_4q_growth_year": -16.3,
            "roe": 2.85,
            "roe_4q": 19.97,
            "gross_profit": 31670,
            "gross_margin": 18.64,
            "gross_margin_4q_avg": 18.22,
            "net_income": 22398,
            "revenue": 169905,
            "common_shares": 437810,
            "book_valuer_per_share": 17.88,
            "book_valuer_per_share_4q_avg": 17,
            "equity": 782920,
            "current_ratio": 127.67,
            "debt_ratio": 36.08,
            "inventory_turnover_ratio": 90.82,
            "account_receivable_turnover_ratio": null,
            "reinvestment_rate": null,
            "research_to_sale_ratio": null,
            "price_fair": 11.67,
            "eps_avg_yearly": 3.89,
            "eps_latest_yearly": 2.2,
            "eps_growth_yearly": -6.04
        },
        "20053": {
            "year_quarter": 20053,
            "year": 2005,
            "quarter": 3,
            "eps": 0.6,
            "eps_growth_year": -46.43,
            "eps_4q": 2.42,
            "eps_4q_growth_year": -40.73,
            "roe": 3.53,
            "roe_4q": 16.21,
            "gross_profit": 23288,
            "gross_margin": 13.3,
            "gross_margin_4q_avg": 17.27,
            "net_income": 28721,
            "revenue": 175148,
            "common_shares": 496810,
            "book_valuer_per_share": 16.95,
            "book_valuer_per_share_4q_avg": 17.28,
            "equity": 842271,
            "current_ratio": 118.17,
            "debt_ratio": 36.12,
            "inventory_turnover_ratio": 90.02,
            "account_receivable_turnover_ratio": null,
            "reinvestment_rate": null,
            "research_to_sale_ratio": null,
            "price_fair": 11.22,
            "eps_avg_yearly": 3.74,
            "eps_latest_yearly": 2.4,
            "eps_growth_yearly": -1.8
        },
        "20054": {
            "year_quarter": 20054,
            "year": 2005,
            "quarter": 4,
            "eps": 0.35,
            "eps_growth_year": -71.31,
            "eps_4q": 1.74,
            "eps_4q_growth_year": -58.19,
            "roe": 1.93,
            "roe_4q": 10.64,
            "gross_profit": 2895,
            "gross_margin": 1.36,
            "gross_margin_4q_avg": 12.7,
            "net_income": 17089,
            "revenue": 212886,
            "common_shares": 496810,
            "book_valuer_per_share": 17.29,
            "book_valuer_per_share_4q_avg": 17.62,
            "equity": 926563,
            "current_ratio": 184.2,
            "debt_ratio": 42.38,
            "inventory_turnover_ratio": 3.49,
            "account_receivable_turnover_ratio": null,
            "reinvestment_rate": null,
            "research_to_sale_ratio": null,
            "price_fair": 10.58,
            "eps_avg_yearly": 3.53,
            "eps_latest_yearly": 1.4,
            "eps_growth_yearly": -16.79
        },
        "20061": {
            "year_quarter": 20061,
            "year": 2006,
            "quarter": 1,
            "eps": 0.47,
            "eps_growth_year": 9.3,
            "eps_4q": 1.84,
            "eps_4q_growth_year": -48.69,
            "roe": 2.6,
            "roe_4q": 10.91,
            "gross_profit": 22025,
            "gross_margin": 12.06,
            "gross_margin_4q_avg": 11.34,
            "net_income": 23450,
            "revenue": 182556,
            "common_shares": 496810,
            "book_valuer_per_share": 17.68,
            "book_valuer_per_share_4q_avg": 17.45,
            "equity": 878569,
            "current_ratio": 103.89,
            "debt_ratio": 36.36,
            "inventory_turnover_ratio": 2.67,
            "account_receivable_turnover_ratio": null,
            "reinvestment_rate": null,
            "research_to_sale_ratio": null,
            "price_fair": 10.17,
            "eps_avg_yearly": 3.39,
            "eps_latest_yearly": 1.88,
            "eps_growth_yearly": -3.96
        },
        "20062": {
            "year_quarter": 20062,
            "year": 2006,
            "quarter": 2,
            "eps": 0.64,
            "eps_growth_year": 16.36,
            "eps_4q": 2.03,
            "eps_4q_growth_year": -37.16,
            "roe": 3.59,
            "roe_4q": 11.649999999999999,
            "gross_profit": 23210,
            "gross_margin": 11.36,
            "gross_margin_4q_avg": 9.52,
            "net_income": 31855,
            "revenue": 204344,
            "common_shares": 496810,
            "book_valuer_per_share": 18.02,
            "book_valuer_per_share_4q_avg": 17.49,
            "equity": 895497,
            "current_ratio": 100.77,
            "debt_ratio": 35.49,
            "inventory_turnover_ratio": 108.27,
            "account_receivable_turnover_ratio": null,
            "reinvestment_rate": null,
            "research_to_sale_ratio": null,
            "price_fair": 58.12,
            "eps_avg_yearly": 3.33,
            "eps_latest_yearly": 2.56,
            "eps_growth_yearly": 7.47
        },
        "20063": {
            "year_quarter": 20063,
            "year": 2006,
            "quarter": 3,
            "eps": 0.76,
            "eps_growth_year": 26.67,
            "eps_4q": 2.07,
            "eps_4q_growth_year": -14.55,
            "roe": 4.54,
            "roe_4q": 12.659999999999998,
            "gross_profit": 30708,
            "gross_margin": 11.68,
            "gross_margin_4q_avg": 9.12,
            "net_income": 41994,
            "revenue": 262858,
            "common_shares": 552300,
            "book_valuer_per_share": 17.3,
            "book_valuer_per_share_4q_avg": 17.57,
            "equity": 955321,
            "current_ratio": 103.11,
            "debt_ratio": 36.79,
            "inventory_turnover_ratio": 223.01,
            "account_receivable_turnover_ratio": null,
            "reinvestment_rate": null,
            "research_to_sale_ratio": null,
            "price_fair": 73.71,
            "eps_avg_yearly": 3.31,
            "eps_latest_yearly": 3.04,
            "eps_growth_yearly": 12.3
        },
        "20064": {
            "year_quarter": 20064,
            "year": 2006,
            "quarter": 4,
            "eps": 0.76,
            "eps_growth_year": 117.14,
            "eps_4q": 2.48,
            "eps_4q_growth_year": 42.35,
            "roe": 3.45,
            "roe_4q": 14.18,
            "gross_profit": 21280,
            "gross_margin": 12.29,
            "gross_margin_4q_avg": 11.85,
            "net_income": 43016,
            "revenue": 173163,
            "common_shares": 683891,
            "book_valuer_per_share": 18.4,
            "book_valuer_per_share_4q_avg": 17.85,
            "equity": 1538467,
            "current_ratio": 254.65,
            "debt_ratio": 31.05,
            "inventory_turnover_ratio": 2.95,
            "account_receivable_turnover_ratio": null,
            "reinvestment_rate": 87,
            "research_to_sale_ratio": null,
            "price_fair": 70.62,
            "eps_avg_yearly": 3.29,
            "eps_latest_yearly": 3.04,
            "eps_growth_yearly": 11.48
        },
        "20071": {
            "year_quarter": 20071,
            "year": 2007,
            "quarter": 1,
            "eps": 0.49,
            "eps_growth_year": 4.26,
            "eps_4q": 2.2,
            "eps_4q_growth_year": 19.59,
            "roe": 2.35,
            "roe_4q": 13.93,
            "gross_profit": 18841,
            "gross_margin": 11.11,
            "gross_margin_4q_avg": 11.61,
            "net_income": 33546,
            "revenue": 169583,
            "common_shares": 688677,
            "book_valuer_per_share": 19.16,
            "book_valuer_per_share_4q_avg": 18.22,
            "equity": 1319272,
            "current_ratio": 198.04,
            "debt_ratio": 22.3,
            "inventory_turnover_ratio": 2.56,
            "account_receivable_turnover_ratio": null,
            "reinvestment_rate": 1.94,
            "research_to_sale_ratio": null,
            "price_fair": 38.07,
            "eps_avg_yearly": 3.21,
            "eps_latest_yearly": 1.96,
            "eps_growth_yearly": 1.88
        },
        "20072": {
            "year_quarter": 20072,
            "year": 2007,
            "quarter": 2,
            "eps": 0.54,
            "eps_growth_year": -15.62,
            "eps_4q": 2.28,
            "eps_4q_growth_year": 12.11,
            "roe": 2.89,
            "roe_4q": 13.23,
            "gross_profit": 21742,
            "gross_margin": 10.79,
            "gross_margin_4q_avg": 11.47,
            "net_income": 36846,
            "revenue": 201531,
            "common_shares": 689391,
            "book_valuer_per_share": 17.85,
            "book_valuer_per_share_4q_avg": 18.18,
            "equity": 1230335,
            "current_ratio": 154.33,
            "debt_ratio": 28.27,
            "inventory_turnover_ratio": 8.65,
            "account_receivable_turnover_ratio": null,
            "reinvestment_rate": 1.91,
            "research_to_sale_ratio": null,
            "price_fair": 58.52,
            "eps_avg_yearly": 3.09,
            "eps_latest_yearly": 2.16,
            "eps_growth_yearly": 8.94
        },
        "20073": {
            "year_quarter": 20073,
            "year": 2007,
            "quarter": 3,
            "eps": 1.05,
            "eps_growth_year": 38.16,
            "eps_4q": 2.57,
            "eps_4q_growth_year": 24.02,
            "roe": 6.08,
            "roe_4q": 14.77,
            "gross_profit": 26700,
            "gross_margin": 8.54,
            "gross_margin_4q_avg": 10.68,
            "net_income": 78474,
            "revenue": 312676,
            "common_shares": 689391,
            "book_valuer_per_share": 19.58,
            "book_valuer_per_share_4q_avg": 18.75,
            "equity": 1349634,
            "current_ratio": 154.81,
            "debt_ratio": 27.66,
            "inventory_turnover_ratio": 10.39,
            "account_receivable_turnover_ratio": null,
            "reinvestment_rate": 1.9,
            "research_to_sale_ratio": null,
            "price_fair": 108.15,
            "eps_avg_yearly": 3.09,
            "eps_latest_yearly": 4.2,
            "eps_growth_yearly": 31.3
        },
        "20074": {
            "year_quarter": 20074,
            "year": 2007,
            "quarter": 4,
            "eps": 0.77,
            "eps_growth_year": 1.32,
            "eps_4q": 2.78,
            "eps_4q_growth_year": 12.02,
            "roe": 4.06,
            "roe_4q": 15.38,
            "gross_profit": 35548,
            "gross_margin": 9.76,
            "gross_margin_4q_avg": 10.05,
            "net_income": 57111,
            "revenue": 364074,
            "common_shares": 756131,
            "book_valuer_per_share": 18.96,
            "book_valuer_per_share_4q_avg": 18.89,
            "equity": 1460839,
            "current_ratio": 189.52,
            "debt_ratio": 37.05,
            "inventory_turnover_ratio": 2.41,
            "account_receivable_turnover_ratio": null,
            "reinvestment_rate": 95.24,
            "research_to_sale_ratio": null,
            "price_fair": 78.65,
            "eps_avg_yearly": 2.94,
            "eps_latest_yearly": 3.08,
            "eps_growth_yearly": 16.77
        },
        "20081": {
            "year_quarter": 20081,
            "year": 2008,
            "quarter": 1,
            "eps": 0.22,
            "eps_growth_year": -55.1,
            "eps_4q": 2.56,
            "eps_4q_growth_year": 16.53,
            "roe": 1.12,
            "roe_4q": 14.15,
            "gross_profit": 82236,
            "gross_margin": 19.06,
            "gross_margin_4q_avg": 12.04,
            "net_income": 16236,
            "revenue": 431534,
            "common_shares": 756131,
            "book_valuer_per_share": 18.59,
            "book_valuer_per_share_4q_avg": 18.75,
            "equity": 1432298,
            "current_ratio": 176.97,
            "debt_ratio": 36.86,
            "inventory_turnover_ratio": 1.53,
            "account_receivable_turnover_ratio": null,
            "reinvestment_rate": 115.04,
            "research_to_sale_ratio": null,
            "price_fair": 31.75,
            "eps_avg_yearly": 2.69,
            "eps_latest_yearly": 0.88,
            "eps_growth_yearly": 1.82
        },
        "20082": {
            "year_quarter": 20082,
            "year": 2008,
            "quarter": 2,
            "eps": 0.15,
            "eps_growth_year": -72.22,
            "eps_4q": 2.3,
            "eps_4q_growth_year": 1.08,
            "roe": 0.75,
            "roe_4q": 12.01,
            "gross_profit": 62579,
            "gross_margin": 14.83,
            "gross_margin_4q_avg": 13.05,
            "net_income": 10645,
            "revenue": 422070,
            "common_shares": 756131,
            "book_valuer_per_share": 18.23,
            "book_valuer_per_share_4q_avg": 18.84,
            "equity": 1403907,
            "current_ratio": 165.07,
            "debt_ratio": 37.11,
            "inventory_turnover_ratio": 1.72,
            "account_receivable_turnover_ratio": null,
            "reinvestment_rate": 120.9,
            "research_to_sale_ratio": null,
            "price_fair": 32.58,
            "eps_avg_yearly": 2.53,
            "eps_latest_yearly": 0.6,
            "eps_growth_yearly": 2.88
        },
        "20083": {
            "year_quarter": 20083,
            "year": 2008,
            "quarter": 3,
            "eps": 0.28,
            "eps_growth_year": -73.33,
            "eps_4q": 1.29,
            "eps_4q_growth_year": -49.72,
            "roe": 1.65,
            "roe_4q": 7.58,
            "gross_profit": 86529,
            "gross_margin": 18.51,
            "gross_margin_4q_avg": 15.54,
            "net_income": 23712,
            "revenue": 467553,
            "common_shares": 886005,
            "book_valuer_per_share": 16.22,
            "book_valuer_per_share_4q_avg": 18,
            "equity": 1462807,
            "current_ratio": 170.52,
            "debt_ratio": 37.48,
            "inventory_turnover_ratio": 1.85,
            "account_receivable_turnover_ratio": null,
            "reinvestment_rate": 132.62,
            "research_to_sale_ratio": null,
            "price_fair": 54.86,
            "eps_avg_yearly": 2.32,
            "eps_latest_yearly": 1.12,
            "eps_growth_yearly": 13.65
        },
        "20084": {
            "year_quarter": 20084,
            "year": 2008,
            "quarter": 4,
            "eps": -0.08,
            "eps_growth_year": -110.39,
            "eps_4q": 0.58,
            "eps_4q_growth_year": -79.09,
            "roe": -0.7,
            "roe_4q": 2.8200000000000003,
            "gross_profit": 105450,
            "gross_margin": 22.49,
            "gross_margin_4q_avg": 18.72,
            "net_income": -10291,
            "revenue": 468836,
            "common_shares": 886005,
            "book_valuer_per_share": 16.38,
            "book_valuer_per_share_4q_avg": 17.36,
            "equity": 1474045,
            "current_ratio": 170.64,
            "debt_ratio": 36.97,
            "inventory_turnover_ratio": 1.74,
            "account_receivable_turnover_ratio": null,
            "reinvestment_rate": 113.34,
            "research_to_sale_ratio": null,
            "price_fair": 47.66,
            "eps_avg_yearly": 2.15,
            "eps_latest_yearly": 1.12,
            "eps_growth_yearly": 12.18
        },
        "20091": {
            "year_quarter": 20091,
            "year": 2009,
            "quarter": 1,
            "eps": 0.07,
            "eps_growth_year": -68.18,
            "eps_4q": 0.37,
            "eps_4q_growth_year": -85.63,
            "roe": 0.44,
            "roe_4q": 2.1399999999999997,
            "gross_profit": 55694,
            "gross_margin": 17.75,
            "gross_margin_4q_avg": 18.4,
            "net_income": 6584,
            "revenue": 313698,
            "common_shares": 886005,
            "book_valuer_per_share": 16.69,
            "book_valuer_per_share_4q_avg": 16.88,
            "equity": 1501655,
            "current_ratio": 188.67,
            "debt_ratio": 32.63,
            "inventory_turnover_ratio": 1.32,
            "account_receivable_turnover_ratio": null,
            "reinvestment_rate": 156.8,
            "research_to_sale_ratio": null,
            "price_fair": 76.3,
            "eps_avg_yearly": 2.18,
            "eps_latest_yearly": 1.12,
            "eps_growth_yearly": 31.55
        },
        "20092": {
            "year_quarter": 20092,
            "year": 2009,
            "quarter": 2,
            "eps": 0.2,
            "eps_growth_year": 33.33,
            "eps_4q": 0.49,
            "eps_4q_growth_year": -78.74,
            "roe": 1.1,
            "roe_4q": 2.49,
            "gross_profit": 79264,
            "gross_margin": 19.97,
            "gross_margin_4q_avg": 19.68,
            "net_income": 16397,
            "revenue": 396921,
            "common_shares": 886005,
            "book_valuer_per_share": 16.52,
            "book_valuer_per_share_4q_avg": 16.45,
            "equity": 1487471,
            "current_ratio": 184.24,
            "debt_ratio": 34.09,
            "inventory_turnover_ratio": 1.67,
            "account_receivable_turnover_ratio": 1.38,
            "reinvestment_rate": 149.8,
            "research_to_sale_ratio": null,
            "price_fair": 72.8,
            "eps_avg_yearly": 2.08,
            "eps_latest_yearly": 0.8,
            "eps_growth_yearly": 76.63
        },
        "20093": {
            "year_quarter": 20093,
            "year": 2009,
            "quarter": 3,
            "eps": 0.22,
            "eps_growth_year": -21.43,
            "eps_4q": 0.38,
            "eps_4q_growth_year": -70.18,
            "roe": 1.37,
            "roe_4q": 2.21,
            "gross_profit": 86339,
            "gross_margin": 19.44,
            "gross_margin_4q_avg": 19.91,
            "net_income": 20340,
            "revenue": 444048,
            "common_shares": 928805,
            "book_valuer_per_share": 15.73,
            "book_valuer_per_share_4q_avg": 16.33,
            "equity": 1484964,
            "current_ratio": 188.95,
            "debt_ratio": 33.76,
            "inventory_turnover_ratio": 1.89,
            "account_receivable_turnover_ratio": 0.72,
            "reinvestment_rate": 148.29,
            "research_to_sale_ratio": null,
            "price_fair": 69,
            "eps_avg_yearly": 1.97,
            "eps_latest_yearly": 0.88,
            "eps_growth_yearly": 76.89
        },
        "20094": {
            "year_quarter": 20094,
            "year": 2009,
            "quarter": 4,
            "eps": -2.31,
            "eps_growth_year": null,
            "eps_4q": -1.84,
            "eps_4q_growth_year": -417.37,
            "roe": -15.19,
            "roe_4q": -12.280000000000001,
            "gross_profit": 79817,
            "gross_margin": 19.09,
            "gross_margin_4q_avg": 19.06,
            "net_income": -208168,
            "revenue": 418055,
            "common_shares": 928805,
            "book_valuer_per_share": 13.44,
            "book_valuer_per_share_4q_avg": 15.6,
            "equity": 1256479,
            "current_ratio": 175.8,
            "debt_ratio": 38.38,
            "inventory_turnover_ratio": 1.9,
            "account_receivable_turnover_ratio": 0.67,
            "reinvestment_rate": 131.57,
            "research_to_sale_ratio": null,
            "price_fair": 70.54,
            "eps_avg_yearly": 2.02,
            "eps_latest_yearly": 0.88,
            "eps_growth_yearly": 95.63
        },
        "20101": {
            "year_quarter": 20101,
            "year": 2010,
            "quarter": 1,
            "eps": null,
            "eps_growth_year": null,
            "eps_4q": null,
            "eps_4q_growth_year": null,
            "roe": null,
            "roe_4q": -12.72,
            "gross_profit": 71143,
            "gross_margin": null,
            "gross_margin_4q_avg": 14.63,
            "net_income": 8503,
            "revenue": 352946,
            "common_shares": 928805,
            "book_valuer_per_share": 13.47,
            "book_valuer_per_share_4q_avg": 14.79,
            "equity": 1260385,
            "current_ratio": 201.56,
            "debt_ratio": 33.65,
            "inventory_turnover_ratio": null,
            "account_receivable_turnover_ratio": null,
            "reinvestment_rate": null,
            "research_to_sale_ratio": null,
            "price_fair": 70.93,
            "eps_avg_yearly": 2.03,
            "eps_latest_yearly": 0.88,
            "eps_growth_yearly": 92.17
        },
        "20102": {
            "year_quarter": 20102,
            "year": 2010,
            "quarter": 2,
            "eps": 0.15,
            "eps_growth_year": -24.67,
            "eps_4q": -1.64,
            "eps_4q_growth_year": -435.54,
            "roe": 1.15,
            "roe_4q": -12.669999999999998,
            "gross_profit": 75824,
            "gross_margin": 17.55,
            "gross_margin_4q_avg": 14.02,
            "net_income": 15802,
            "revenue": 431942,
            "common_shares": 1078805,
            "book_valuer_per_share": 14.11,
            "book_valuer_per_share_4q_avg": 14.19,
            "equity": 1489608,
            "current_ratio": 227.82,
            "debt_ratio": 32.29,
            "inventory_turnover_ratio": 1.74,
            "account_receivable_turnover_ratio": 1.22,
            "reinvestment_rate": 965.82,
            "research_to_sale_ratio": null,
            "price_fair": 69.24,
            "eps_avg_yearly": 1.98,
            "eps_latest_yearly": 0.88,
            "eps_growth_yearly": 87.4
        },
        "20103": {
            "year_quarter": 20103,
            "year": 2010,
            "quarter": 3,
            "eps": -0.06,
            "eps_growth_year": -129.21,
            "eps_4q": -1.9,
            "eps_4q_growth_year": -592.46,
            "roe": -0.27,
            "roe_4q": -14.309999999999999,
            "gross_profit": 65290,
            "gross_margin": 15.5,
            "gross_margin_4q_avg": 13.04,
            "net_income": -4003,
            "revenue": 421238,
            "common_shares": 1073395,
            "book_valuer_per_share": 13.86,
            "book_valuer_per_share_4q_avg": 13.72,
            "equity": 1466769,
            "current_ratio": 237.49,
            "debt_ratio": 32.54,
            "inventory_turnover_ratio": 1.5,
            "account_receivable_turnover_ratio": 0.61,
            "reinvestment_rate": 1342.83,
            "research_to_sale_ratio": 0.12,
            "price_fair": 65.52,
            "eps_avg_yearly": 1.87,
            "eps_latest_yearly": 0.88,
            "eps_growth_yearly": 88.64
        },
        "20104": {
            "year_quarter": 20104,
            "year": 2010,
            "quarter": 4,
            "eps": -0.13,
            "eps_growth_year": null,
            "eps_4q": -0.05,
            "eps_4q_growth_year": null,
            "roe": -0.91,
            "roe_4q": -0.03000000000000025,
            "gross_profit": 64163,
            "gross_margin": 15.28,
            "gross_margin_4q_avg": 12.08,
            "net_income": -12964,
            "revenue": 420049,
            "common_shares": 1073395,
            "book_valuer_per_share": 13.06,
            "book_valuer_per_share_4q_avg": 13.63,
            "equity": 1379317,
            "current_ratio": 265.25,
            "debt_ratio": 29.1,
            "inventory_turnover_ratio": 1.71,
            "account_receivable_turnover_ratio": 0.68,
            "reinvestment_rate": 1505.69,
            "research_to_sale_ratio": 0.15,
            "price_fair": 60.98,
            "eps_avg_yearly": 1.74,
            "eps_latest_yearly": 0.88,
            "eps_growth_yearly": 98.48
        },
        "20111": {
            "year_quarter": 20111,
            "year": 2011,
            "quarter": 1,
            "eps": -0.44,
            "eps_growth_year": null,
            "eps_4q": -0.49,
            "eps_4q_growth_year": null,
            "roe": -3.31,
            "roe_4q": -3.3400000000000003,
            "gross_profit": 13140,
            "gross_margin": 4.73,
            "gross_margin_4q_avg": 13.27,
            "net_income": -45093,
            "revenue": 277795,
            "common_shares": 1073395,
            "book_valuer_per_share": 12.8,
            "book_valuer_per_share_4q_avg": 13.46,
            "equity": 1345227,
            "current_ratio": 271.49,
            "debt_ratio": 27.76,
            "inventory_turnover_ratio": 1.47,
            "account_receivable_turnover_ratio": 0.55,
            "reinvestment_rate": 45382.93,
            "research_to_sale_ratio": 0.29,
            "price_fair": 60.03,
            "eps_avg_yearly": 1.72,
            "eps_latest_yearly": 0.88,
            "eps_growth_yearly": 128.56
        },
        "20112": {
            "year_quarter": 20112,
            "year": 2011,
            "quarter": 2,
            "eps": -0.23,
            "eps_growth_year": -252.68,
            "eps_4q": -0.88,
            "eps_4q_growth_year": null,
            "roe": -1.7,
            "roe_4q": -6.1899999999999995,
            "gross_profit": 42194,
            "gross_margin": 10.57,
            "gross_margin_4q_avg": 11.52,
            "net_income": -22497,
            "revenue": 399068,
            "common_shares": 1073395,
            "book_valuer_per_share": 12.41,
            "book_valuer_per_share_4q_avg": 13.03,
            "equity": 1296831,
            "current_ratio": 217.79,
            "debt_ratio": 33.37,
            "inventory_turnover_ratio": 2.06,
            "account_receivable_turnover_ratio": 0.88,
            "reinvestment_rate": null,
            "research_to_sale_ratio": 0.42,
            "price_fair": 57.8,
            "eps_avg_yearly": 1.65,
            "eps_latest_yearly": 0.88,
            "eps_growth_yearly": 141.09
        },
        "20113": {
            "year_quarter": 20113,
            "year": 2011,
            "quarter": 3,
            "eps": -0.32,
            "eps_growth_year": null,
            "eps_4q": -1.14,
            "eps_4q_growth_year": null,
            "roe": -2.58,
            "roe_4q": -8.5,
            "gross_profit": 32732,
            "gross_margin": 8.34,
            "gross_margin_4q_avg": 9.73,
            "net_income": -33982,
            "revenue": 392444,
            "common_shares": 1058805,
            "book_valuer_per_share": 12.86,
            "book_valuer_per_share_4q_avg": 12.78,
            "equity": 1342102,
            "current_ratio": 187.62,
            "debt_ratio": 37.07,
            "inventory_turnover_ratio": 2.09,
            "account_receivable_turnover_ratio": 0.82,
            "reinvestment_rate": null,
            "research_to_sale_ratio": 0.96,
            "price_fair": 42.93,
            "eps_avg_yearly": 1.23,
            "eps_latest_yearly": 0.88,
            "eps_growth_yearly": 101.65
        },
        "20114": {
            "year_quarter": 20114,
            "year": 2011,
            "quarter": 4,
            "eps": -1.06,
            "eps_growth_year": null,
            "eps_4q": -2.06,
            "eps_4q_growth_year": null,
            "roe": -8.61,
            "roe_4q": -16.2,
            "gross_profit": -1203,
            "gross_margin": -0.33,
            "gross_margin_4q_avg": 5.83,
            "net_income": -110488,
            "revenue": 364759,
            "common_shares": 1058805,
            "book_valuer_per_share": 11.73,
            "book_valuer_per_share_4q_avg": 12.45,
            "equity": 1225513,
            "current_ratio": 176.43,
            "debt_ratio": 39.04,
            "inventory_turnover_ratio": 2.33,
            "account_receivable_turnover_ratio": 0.71,
            "reinvestment_rate": null,
            "research_to_sale_ratio": 1.51,
            "price_fair": 29.96,
            "eps_avg_yearly": 0.86,
            "eps_latest_yearly": 0.88,
            "eps_growth_yearly": 143.31
        },
        "20121": {
            "year_quarter": 20121,
            "year": 2012,
            "quarter": 1,
            "eps": -0.49,
            "eps_growth_year": null,
            "eps_4q": -2.17,
            "eps_4q_growth_year": null,
            "roe": -4.03,
            "roe_4q": -16.92,
            "gross_profit": 18587,
            "gross_margin": 5.82,
            "gross_margin_4q_avg": 6.1,
            "net_income": -47317,
            "revenue": 319628,
            "common_shares": 1048805,
            "book_valuer_per_share": 11.13,
            "book_valuer_per_share_4q_avg": 12.03,
            "equity": 1120416,
            "current_ratio": 168.06,
            "debt_ratio": 38.99,
            "inventory_turnover_ratio": 2.48,
            "account_receivable_turnover_ratio": 0.68,
            "reinvestment_rate": null,
            "research_to_sale_ratio": 2.72,
            "price_fair": 29.75,
            "eps_avg_yearly": 0.85,
            "eps_latest_yearly": 0.88,
            "eps_growth_yearly": 250.56
        },
        "20122": {
            "year_quarter": 20122,
            "year": 2012,
            "quarter": 2,
            "eps": -0.06,
            "eps_growth_year": null,
            "eps_4q": -1.99,
            "eps_4q_growth_year": null,
            "roe": -0.57,
            "roe_4q": -15.790000000000001,
            "gross_profit": 61838,
            "gross_margin": 16.36,
            "gross_margin_4q_avg": 7.55,
            "net_income": -6344,
            "revenue": 377916,
            "common_shares": 1048805,
            "book_valuer_per_share": 11.16,
            "book_valuer_per_share_4q_avg": 11.72,
            "equity": 1123541,
            "current_ratio": 172.17,
            "debt_ratio": 37.52,
            "inventory_turnover_ratio": 2.76,
            "account_receivable_turnover_ratio": 1,
            "reinvestment_rate": null,
            "research_to_sale_ratio": 2.4,
            "price_fair": 32.67,
            "eps_avg_yearly": 0.93,
            "eps_latest_yearly": 0.88,
            "eps_growth_yearly": 376.51
        },
        "20123": {
            "year_quarter": 20123,
            "year": 2012,
            "quarter": 3,
            "eps": -0.15,
            "eps_growth_year": null,
            "eps_4q": -1.79,
            "eps_4q_growth_year": null,
            "roe": -1.24,
            "roe_4q": -14.45,
            "gross_profit": 60256,
            "gross_margin": 12.86,
            "gross_margin_4q_avg": 8.68,
            "net_income": -13800,
            "revenue": 468547,
            "common_shares": 1048805,
            "book_valuer_per_share": 10.78,
            "book_valuer_per_share_4q_avg": 11.2,
            "equity": 1093854,
            "current_ratio": 155.96,
            "debt_ratio": 42.65,
            "inventory_turnover_ratio": 3.52,
            "account_receivable_turnover_ratio": 1.18,
            "reinvestment_rate": null,
            "research_to_sale_ratio": 1.54,
            "price_fair": 29.4,
            "eps_avg_yearly": 0.84,
            "eps_latest_yearly": 0.88,
            "eps_growth_yearly": 391.43
        },
        "20124": {
            "year_quarter": 20124,
            "year": 2012,
            "quarter": 4,
            "eps": -0.77,
            "eps_growth_year": null,
            "eps_4q": -1.46,
            "eps_4q_growth_year": null,
            "roe": -7.34,
            "roe_4q": -13.18,
            "gross_profit": 28458,
            "gross_margin": 7.57,
            "gross_margin_4q_avg": 10.65,
            "net_income": -76347,
            "revenue": 375928,
            "common_shares": 1048805,
            "book_valuer_per_share": 9.74,
            "book_valuer_per_share_4q_avg": 10.7,
            "equity": 986774,
            "current_ratio": 153.66,
            "debt_ratio": 48.22,
            "inventory_turnover_ratio": 3.11,
            "account_receivable_turnover_ratio": 0.92,
            "reinvestment_rate": null,
            "research_to_sale_ratio": 1.94,
            "price_fair": 29.4,
            "eps_avg_yearly": 0.84,
            "eps_latest_yearly": 0.88,
            "eps_growth_yearly": 391.43
        },
        "20131": {
            "year_quarter": 20131,
            "year": 2013,
            "quarter": 1,
            "eps": 0.1,
            "eps_growth_year": null,
            "eps_4q": -0.73,
            "eps_4q_growth_year": null,
            "roe": 0.84,
            "roe_4q": -8.31,
            "gross_profit": 88237,
            "gross_margin": 15.77,
            "gross_margin_4q_avg": 13.14,
            "net_income": 9306,
            "revenue": 559491,
            "common_shares": 1248805,
            "book_valuer_per_share": 10.17,
            "book_valuer_per_share_4q_avg": 10.46,
            "equity": 1232547,
            "current_ratio": 186.2,
            "debt_ratio": 43.2,
            "inventory_turnover_ratio": 4.45,
            "account_receivable_turnover_ratio": 1.19,
            "reinvestment_rate": null,
            "research_to_sale_ratio": 1.15,
            "price_fair": 29.4,
            "eps_avg_yearly": 0.84,
            "eps_latest_yearly": 0.88,
            "eps_growth_yearly": 391.43
        },
        "20132": {
            "year_quarter": 20132,
            "year": 2013,
            "quarter": 2,
            "eps": 0.04,
            "eps_growth_year": null,
            "eps_4q": -0.65,
            "eps_4q_growth_year": null,
            "roe": 0.47,
            "roe_4q": -7.27,
            "gross_profit": 87693,
            "gross_margin": 14.26,
            "gross_margin_4q_avg": 12.62,
            "net_income": 5835,
            "revenue": 614949,
            "common_shares": 1248805,
            "book_valuer_per_share": 10.33,
            "book_valuer_per_share_4q_avg": 10.26,
            "equity": 1252613,
            "current_ratio": 185.74,
            "debt_ratio": 44.2,
            "inventory_turnover_ratio": 4.51,
            "account_receivable_turnover_ratio": 1.05,
            "reinvestment_rate": null,
            "research_to_sale_ratio": 1.01,
            "price_fair": 1.56,
            "eps_avg_yearly": 0.52,
            "eps_latest_yearly": 0.16,
            "eps_growth_yearly": -100
        },
        "20133": {
            "year_quarter": 20133,
            "year": 2013,
            "quarter": 3,
            "eps": -0.64,
            "eps_growth_year": null,
            "eps_4q": -1.15,
            "eps_4q_growth_year": null,
            "roe": -6.41,
            "roe_4q": -12.440000000000001,
            "gross_profit": 31134,
            "gross_margin": 6.83,
            "gross_margin_4q_avg": 11.11,
            "net_income": -78699,
            "revenue": 455513,
            "common_shares": 1248805,
            "book_valuer_per_share": 9.72,
            "book_valuer_per_share_4q_avg": 9.99,
            "equity": 1204091,
            "current_ratio": 170.16,
            "debt_ratio": 47.93,
            "inventory_turnover_ratio": 2.6,
            "account_receivable_turnover_ratio": 0.88,
            "reinvestment_rate": null,
            "research_to_sale_ratio": 1.84,
            "price_fair": 0.48,
            "eps_avg_yearly": 0.16,
            "eps_latest_yearly": 0.16,
            "eps_growth_yearly": -240
        },
        "20134": {
            "year_quarter": 20134,
            "year": 2013,
            "quarter": 4,
            "eps": -1.03,
            "eps_growth_year": null,
            "eps_4q": -1.56,
            "eps_4q_growth_year": null,
            "roe": -12.43,
            "roe_4q": -17.53,
            "gross_profit": 12703,
            "gross_margin": 2.01,
            "gross_margin_4q_avg": 9.72,
            "net_income": -141734,
            "revenue": 631213,
            "common_shares": 1248805,
            "book_valuer_per_share": 8.79,
            "book_valuer_per_share_4q_avg": 9.75,
            "equity": 1076049,
            "current_ratio": 144.31,
            "debt_ratio": 54.64,
            "inventory_turnover_ratio": 3.56,
            "account_receivable_turnover_ratio": 1.26,
            "reinvestment_rate": null,
            "research_to_sale_ratio": 1.43,
            "price_fair": 0.48,
            "eps_avg_yearly": 0.16,
            "eps_latest_yearly": 0.16,
            "eps_growth_yearly": -240
        },
        "20141": {
            "year_quarter": 20141,
            "year": 2014,
            "quarter": 1,
            "eps": -0.58,
            "eps_growth_year": -680,
            "eps_4q": -2.18,
            "eps_4q_growth_year": null,
            "roe": -6.66,
            "roe_4q": -25.03,
            "gross_profit": 1842,
            "gross_margin": 0.54,
            "gross_margin_4q_avg": 5.91,
            "net_income": -70392,
            "revenue": 338398,
            "common_shares": 1248805,
            "book_valuer_per_share": 8.36,
            "book_valuer_per_share_4q_avg": 9.3,
            "equity": 1037420,
            "current_ratio": 134.87,
            "debt_ratio": 52.78,
            "inventory_turnover_ratio": 2.39,
            "account_receivable_turnover_ratio": 0.74,
            "reinvestment_rate": null,
            "research_to_sale_ratio": 2.37,
            "price_fair": 0.48,
            "eps_avg_yearly": 0.16,
            "eps_latest_yearly": 0.16,
            "eps_growth_yearly": -240
        },
        "20142": {
            "year_quarter": 20142,
            "year": 2014,
            "quarter": 2,
            "eps": -0.6,
            "eps_growth_year": -1600,
            "eps_4q": -2.52,
            "eps_4q_growth_year": null,
            "roe": -7.83,
            "roe_4q": -33.33,
            "gross_profit": -22063,
            "gross_margin": -7.13,
            "gross_margin_4q_avg": 0.56,
            "net_income": -84294,
            "revenue": 309652,
            "common_shares": 1448805,
            "book_valuer_per_share": 7.84,
            "book_valuer_per_share_4q_avg": 8.68,
            "equity": 1115615,
            "current_ratio": 158.37,
            "debt_ratio": 42.26,
            "inventory_turnover_ratio": 2.82,
            "account_receivable_turnover_ratio": 0.91,
            "reinvestment_rate": null,
            "research_to_sale_ratio": 1.65,
            "price_fair": 0.48,
            "eps_avg_yearly": 0.16,
            "eps_latest_yearly": 0.16,
            "eps_growth_yearly": -240
        },
        "20143": {
            "year_quarter": 20143,
            "year": 2014,
            "quarter": 3,
            "eps": -1.56,
            "eps_growth_year": null,
            "eps_4q": -3.53,
            "eps_4q_growth_year": null,
            "roe": -21.87,
            "roe_4q": -48.79,
            "gross_profit": -8234,
            "gross_margin": -2.5,
            "gross_margin_4q_avg": -1.77,
            "net_income": -221516,
            "revenue": 329685,
            "common_shares": 1448805,
            "book_valuer_per_share": 6.39,
            "book_valuer_per_share_4q_avg": 7.85,
            "equity": 910390,
            "current_ratio": 140.29,
            "debt_ratio": 49.84,
            "inventory_turnover_ratio": 3.49,
            "account_receivable_turnover_ratio": 0.88,
            "reinvestment_rate": null,
            "research_to_sale_ratio": 1.57,
            "price_fair": 0.48,
            "eps_avg_yearly": 0.16,
            "eps_latest_yearly": 0.16,
            "eps_growth_yearly": -240
        },
        "20144": {
            "year_quarter": 20144,
            "year": 2014,
            "quarter": 4,
            "eps": -0.94,
            "eps_growth_year": null,
            "eps_4q": -3.58,
            "eps_4q_growth_year": null,
            "roe": -15.51,
            "roe_4q": -51.870000000000005,
            "gross_profit": -18587,
            "gross_margin": -5.81,
            "gross_margin_4q_avg": -3.73,
            "net_income": -133751,
            "revenue": 320122,
            "common_shares": 1448805,
            "book_valuer_per_share": 5.72,
            "book_valuer_per_share_4q_avg": 7.08,
            "equity": 814796,
            "current_ratio": 135.06,
            "debt_ratio": 49.23,
            "inventory_turnover_ratio": 5.03,
            "account_receivable_turnover_ratio": 1.01,
            "reinvestment_rate": null,
            "research_to_sale_ratio": 0.55,
            "price_fair": 0.48,
            "eps_avg_yearly": 0.16,
            "eps_latest_yearly": 0.16,
            "eps_growth_yearly": -240
        },
        "20151": {
            "year_quarter": 20151,
            "year": 2015,
            "quarter": 1,
            "eps": 0.11,
            "eps_growth_year": null,
            "eps_4q": -2.98,
            "eps_4q_growth_year": null,
            "roe": 1.91,
            "roe_4q": -43.3,
            "gross_profit": 43557,
            "gross_margin": 18.12,
            "gross_margin_4q_avg": 0.67,
            "net_income": 15578,
            "revenue": 240389,
            "common_shares": 1423805,
            "book_valuer_per_share": 5.74,
            "book_valuer_per_share_4q_avg": 6.42,
            "equity": 817926,
            "current_ratio": 160.56,
            "debt_ratio": 42.19,
            "inventory_turnover_ratio": 3.26,
            "account_receivable_turnover_ratio": 1.33,
            "reinvestment_rate": null,
            "research_to_sale_ratio": 0.02,
            "price_fair": 0.48,
            "eps_avg_yearly": 0.16,
            "eps_latest_yearly": 0.16,
            "eps_growth_yearly": -240
        },
        "20152": {
            "year_quarter": 20152,
            "year": 2015,
            "quarter": 2,
            "eps": 0.04,
            "eps_growth_year": null,
            "eps_4q": -2.35,
            "eps_4q_growth_year": null,
            "roe": 0.64,
            "roe_4q": -34.83,
            "gross_profit": 12660,
            "gross_margin": 5.97,
            "gross_margin_4q_avg": 3.95,
            "net_income": 5244,
            "revenue": 211960,
            "common_shares": 1423805,
            "book_valuer_per_share": 5.73,
            "book_valuer_per_share_4q_avg": 5.9,
            "equity": 815811,
            "current_ratio": 194.22,
            "debt_ratio": 36.68,
            "inventory_turnover_ratio": 3.32,
            "account_receivable_turnover_ratio": 1.44,
            "reinvestment_rate": null,
            "research_to_sale_ratio": 0.03,
            "price_fair": 0.48,
            "eps_avg_yearly": 0.16,
            "eps_latest_yearly": 0.16,
            "eps_growth_yearly": -247.27
        },
        "20153": {
            "year_quarter": 20153,
            "year": 2015,
            "quarter": 3,
            "eps": -0.08,
            "eps_growth_year": null,
            "eps_4q": -0.86,
            "eps_4q_growth_year": null,
            "roe": -1.24,
            "roe_4q": -14.2,
            "gross_profit": 29884,
            "gross_margin": 14.1,
            "gross_margin_4q_avg": 8.1,
            "net_income": -10157,
            "revenue": 211986,
            "common_shares": 1423805,
            "book_valuer_per_share": 5.81,
            "book_valuer_per_share_4q_avg": 5.75,
            "equity": 827419,
            "current_ratio": 206.42,
            "debt_ratio": 33.6,
            "inventory_turnover_ratio": 3.7,
            "account_receivable_turnover_ratio": 1.08,
            "reinvestment_rate": null,
            "research_to_sale_ratio": 0.01,
            "price_fair": 0.48,
            "eps_avg_yearly": 0.16,
            "eps_latest_yearly": 0.16,
            "eps_growth_yearly": -247.27
        },
        "20154": {
            "year_quarter": 20154,
            "year": 2015,
            "quarter": 4,
            "eps": 0.03,
            "eps_growth_year": null,
            "eps_4q": 0.1,
            "eps_4q_growth_year": null,
            "roe": 0.48,
            "roe_4q": 1.79,
            "gross_profit": 52252,
            "gross_margin": 19.95,
            "gross_margin_4q_avg": 14.54,
            "net_income": 3958,
            "revenue": 261953,
            "common_shares": 1423805,
            "book_valuer_per_share": 5.76,
            "book_valuer_per_share_4q_avg": 5.76,
            "equity": 819879,
            "current_ratio": 194.36,
            "debt_ratio": 35.4,
            "inventory_turnover_ratio": 4.73,
            "account_receivable_turnover_ratio": 1.12,
            "reinvestment_rate": null,
            "research_to_sale_ratio": 0.01,
            "price_fair": 0.48,
            "eps_avg_yearly": 0.16,
            "eps_latest_yearly": 0.16,
            "eps_growth_yearly": -247.27
        },
        "20161": {
            "year_quarter": 20161,
            "year": 2016,
            "quarter": 1,
            "eps": 0.08,
            "eps_growth_year": -27.27,
            "eps_4q": 0.07,
            "eps_4q_growth_year": null,
            "roe": 1.4,
            "roe_4q": 1.2799999999999998,
            "gross_profit": 34498,
            "gross_margin": 16.22,
            "gross_margin_4q_avg": 14.06,
            "net_income": 11488,
            "revenue": 212750,
            "common_shares": 1423805,
            "book_valuer_per_share": 5.75,
            "book_valuer_per_share_4q_avg": 5.76,
            "equity": 818400,
            "current_ratio": 211.6,
            "debt_ratio": 32.24,
            "inventory_turnover_ratio": 4.56,
            "account_receivable_turnover_ratio": 1.03,
            "reinvestment_rate": null,
            "research_to_sale_ratio": 4.42,
            "price_fair": 7.47,
            "eps_avg_yearly": 0.21,
            "eps_latest_yearly": 0.32,
            "eps_growth_yearly": 57.37
        },
        "20162": {
            "year_quarter": 20162,
            "year": 2016,
            "quarter": 2,
            "eps": 0.04,
            "eps_growth_year": 0,
            "eps_4q": 0.08,
            "eps_4q_growth_year": null,
            "roe": 0.77,
            "roe_4q": 1.41,
            "gross_profit": 26967,
            "gross_margin": 13.41,
            "gross_margin_4q_avg": 15.92,
            "net_income": 6263,
            "revenue": 201084,
            "common_shares": 1423805,
            "book_valuer_per_share": 5.7,
            "book_valuer_per_share_4q_avg": 5.76,
            "equity": 812102,
            "current_ratio": 250.46,
            "debt_ratio": 27.4,
            "inventory_turnover_ratio": 4.98,
            "account_receivable_turnover_ratio": 1.04,
            "reinvestment_rate": null,
            "research_to_sale_ratio": 4.27,
            "price_fair": 0.6,
            "eps_avg_yearly": 0.2,
            "eps_latest_yearly": 0.16,
            "eps_growth_yearly": -6.97
        },
        "20163": {
            "year_quarter": 20163,
            "year": 2016,
            "quarter": 3,
            "eps": 0.4,
            "eps_growth_year": null,
            "eps_4q": 0.68,
            "eps_4q_growth_year": null,
            "roe": 3.76,
            "roe_4q": 6.41,
            "gross_profit": 69558,
            "gross_margin": 29.18,
            "gross_margin_4q_avg": 19.69,
            "net_income": 30771,
            "revenue": 238382,
            "common_shares": 775430,
            "book_valuer_per_share": 10.64,
            "book_valuer_per_share_4q_avg": 6.96,
            "equity": 824716,
            "current_ratio": 267.21,
            "debt_ratio": 26.91,
            "inventory_turnover_ratio": 4.86,
            "account_receivable_turnover_ratio": 1.29,
            "reinvestment_rate": null,
            "research_to_sale_ratio": 3.24,
            "price_fair": 16.8,
            "eps_avg_yearly": 0.48,
            "eps_latest_yearly": 1.6,
            "eps_growth_yearly": 714.42
        },
        "20164": {
            "year_quarter": 20164,
            "year": 2016,
            "quarter": 4,
            "eps": 0.32,
            "eps_growth_year": 1051.07,
            "eps_4q": 0.7,
            "eps_4q_growth_year": 581.98,
            "roe": 3.64,
            "roe_4q": 9.57,
            "gross_profit": 54452,
            "gross_margin": 23.82,
            "gross_margin_4q_avg": 20.66,
            "net_income": 40812,
            "revenue": 228564,
            "common_shares": 1275430,
            "book_valuer_per_share": 11.09,
            "book_valuer_per_share_4q_avg": 8.3,
            "equity": 1414853,
            "current_ratio": 502.58,
            "debt_ratio": 16.49,
            "inventory_turnover_ratio": 4.82,
            "account_receivable_turnover_ratio": 1.2,
            "reinvestment_rate": null,
            "research_to_sale_ratio": 4.4,
            "price_fair": 21.47,
            "eps_avg_yearly": 0.61,
            "eps_latest_yearly": 1.28,
            "eps_growth_yearly": 582.02
        },
        "20171": {
            "year_quarter": 20171,
            "year": 2017,
            "quarter": 1,
            "eps": 0.2,
            "eps_growth_year": 150,
            "eps_4q": 0.81,
            "eps_4q_growth_year": 993.28,
            "roe": 1.8,
            "roe_4q": 9.969999999999999,
            "gross_profit": 46775,
            "gross_margin": 27.67,
            "gross_margin_4q_avg": 23.52,
            "net_income": 25309,
            "revenue": 169032,
            "common_shares": 1275430,
            "book_valuer_per_share": 10.95,
            "book_valuer_per_share_4q_avg": 9.6,
            "equity": 1396274,
            "current_ratio": 815.9,
            "debt_ratio": 9.82,
            "inventory_turnover_ratio": 3.67,
            "account_receivable_turnover_ratio": 0.99,
            "reinvestment_rate": null,
            "research_to_sale_ratio": 5.16,
            "price_fair": 22.4,
            "eps_avg_yearly": 0.64,
            "eps_latest_yearly": 0.8,
            "eps_growth_yearly": 477.45
        },
        "20172": {
            "year_quarter": 20172,
            "year": 2017,
            "quarter": 2,
            "eps": 0.02,
            "eps_growth_year": -50,
            "eps_4q": 0.74,
            "eps_4q_growth_year": 817.94,
            "roe": 0.21,
            "roe_4q": 9.41,
            "gross_profit": 34618,
            "gross_margin": 21.92,
            "gross_margin_4q_avg": 25.65,
            "net_income": 2848,
            "revenue": 157931,
            "common_shares": 1275430,
            "book_valuer_per_share": 10.56,
            "book_valuer_per_share_4q_avg": 10.81,
            "equity": 1346916,
            "current_ratio": 606.87,
            "debt_ratio": 13.29,
            "inventory_turnover_ratio": 4.37,
            "account_receivable_turnover_ratio": 1.04,
            "reinvestment_rate": null,
            "research_to_sale_ratio": 6.84,
            "price_fair": 22,
            "eps_avg_yearly": 0.63,
            "eps_latest_yearly": 0.08,
            "eps_growth_yearly": 460.3
        },
        "20173": {
            "year_quarter": 20173,
            "year": 2017,
            "quarter": 3,
            "eps": 0.04,
            "eps_growth_year": -90,
            "eps_4q": 0.56,
            "eps_4q_growth_year": -17.82,
            "roe": 0.41,
            "roe_4q": 6.0600000000000005,
            "gross_profit": 40657,
            "gross_margin": 21.92,
            "gross_margin_4q_avg": 23.83,
            "net_income": 5518,
            "revenue": 185459,
            "common_shares": 1339201,
            "book_valuer_per_share": 10.16,
            "book_valuer_per_share_4q_avg": 10.69,
            "equity": 1360197,
            "current_ratio": 743.62,
            "debt_ratio": 10.79,
            "inventory_turnover_ratio": 5.06,
            "account_receivable_turnover_ratio": 1.11,
            "reinvestment_rate": null,
            "research_to_sale_ratio": 5.92,
            "price_fair": 19.95,
            "eps_avg_yearly": 0.57,
            "eps_latest_yearly": 0.16,
            "eps_growth_yearly": 452.77
        },
        "20174": {
            "year_quarter": 20174,
            "year": 2017,
            "quarter": 4,
            "eps": 0.01,
            "eps_growth_year": -96.9,
            "eps_4q": 0.26,
            "eps_4q_growth_year": -62.68,
            "roe": 0.1,
            "roe_4q": 2.52,
            "gross_profit": 42621,
            "gross_margin": 23.83,
            "gross_margin_4q_avg": 23.84,
            "net_income": 1327,
            "revenue": 178878,
            "common_shares": 1339201,
            "book_valuer_per_share": 10.14,
            "book_valuer_per_share_4q_avg": 10.45,
            "equity": 1358164,
            "current_ratio": 670.7,
            "debt_ratio": 11.8,
            "inventory_turnover_ratio": 4.57,
            "account_receivable_turnover_ratio": 1.08,
            "reinvestment_rate": null,
            "research_to_sale_ratio": 10.38,
            "price_fair": 17.89,
            "eps_avg_yearly": 0.51,
            "eps_latest_yearly": 0.04,
            "eps_growth_yearly": 369.12
        },
        "20181": {
            "year_quarter": 20181,
            "year": 2018,
            "quarter": 1,
            "eps": -0.09,
            "eps_growth_year": -145,
            "eps_4q": -0.02,
            "eps_4q_growth_year": -102.36,
            "roe": -0.9,
            "roe_4q": -0.18000000000000008,
            "gross_profit": 43295,
            "gross_margin": 22.13,
            "gross_margin_4q_avg": 22.45,
            "net_income": -12249,
            "revenue": 195617,
            "common_shares": 1339201,
            "book_valuer_per_share": 10.07,
            "book_valuer_per_share_4q_avg": 10.23,
            "equity": 1349074,
            "current_ratio": 547.83,
            "debt_ratio": 14.66,
            "inventory_turnover_ratio": 5.07,
            "account_receivable_turnover_ratio": 1.03,
            "reinvestment_rate": null,
            "research_to_sale_ratio": 9.18,
            "price_fair": 17.89,
            "eps_avg_yearly": 0.51,
            "eps_latest_yearly": 0.04,
            "eps_growth_yearly": 369.12
        },
        "20182": {
            "year_quarter": 20182,
            "year": 2018,
            "quarter": 2,
            "eps": 0.12,
            "eps_growth_year": 500,
            "eps_4q": 0.08,
            "eps_4q_growth_year": -89.23,
            "roe": 1.19,
            "roe_4q": 0.7999999999999998,
            "gross_profit": 50870,
            "gross_margin": 18.15,
            "gross_margin_4q_avg": 21.51,
            "net_income": 16147,
            "revenue": 280320,
            "common_shares": 1339201,
            "book_valuer_per_share": 10.26,
            "book_valuer_per_share_4q_avg": 10.16,
            "equity": 1374544,
            "current_ratio": 349.99,
            "debt_ratio": 22.65,
            "inventory_turnover_ratio": 7.11,
            "account_receivable_turnover_ratio": 1.06,
            "reinvestment_rate": null,
            "research_to_sale_ratio": 5.59,
            "price_fair": 17.89,
            "eps_avg_yearly": 0.51,
            "eps_latest_yearly": 0.04,
            "eps_growth_yearly": 369.12
        },
        "20183": {
            "year_quarter": 20183,
            "year": 2018,
            "quarter": 3,
            "eps": 0.08,
            "eps_growth_year": 100,
            "eps_4q": 0.11,
            "eps_4q_growth_year": -79.55,
            "roe": 0.69,
            "roe_4q": 1.0799999999999998,
            "gross_profit": 64572,
            "gross_margin": 21.01,
            "gross_margin_4q_avg": 21.28,
            "net_income": 11617,
            "revenue": 307307,
            "common_shares": 1481031,
            "book_valuer_per_share": 13.33,
            "book_valuer_per_share_4q_avg": 10.95,
            "equity": 1973503,
            "current_ratio": 453.21,
            "debt_ratio": 18.14,
            "inventory_turnover_ratio": 3.54,
            "account_receivable_turnover_ratio": 1.11,
            "reinvestment_rate": -2107.3,
            "research_to_sale_ratio": 5.73,
            "price_fair": 17.22,
            "eps_avg_yearly": 0.49,
            "eps_latest_yearly": 0.32,
            "eps_growth_yearly": 318.88
        },
        "20184": {
            "year_quarter": 20184,
            "year": 2018,
            "quarter": 4,
            "eps": 0.07,
            "eps_growth_year": 632.45,
            "eps_4q": 0.18,
            "eps_4q_growth_year": -32.15,
            "roe": 0.54,
            "roe_4q": 1.52,
            "gross_profit": 56171,
            "gross_margin": 17.72,
            "gross_margin_4q_avg": 19.75,
            "net_income": 10749,
            "revenue": 317055,
            "common_shares": 1481031,
            "book_valuer_per_share": 13.44,
            "book_valuer_per_share_4q_avg": 11.78,
            "equity": 1989875,
            "current_ratio": 498.56,
            "debt_ratio": 16.47,
            "inventory_turnover_ratio": 2.02,
            "account_receivable_turnover_ratio": 1.23,
            "reinvestment_rate": -221.45,
            "research_to_sale_ratio": 5.53,
            "price_fair": 16.55,
            "eps_avg_yearly": 0.47,
            "eps_latest_yearly": 0.28,
            "eps_growth_yearly": 285.34
        },
        "20191": {
            "year_quarter": 20191,
            "year": 2019,
            "quarter": 1,
            "eps": 0.04,
            "eps_growth_year": null,
            "eps_4q": 0.3,
            "eps_4q_growth_year": null,
            "roe": 0.31,
            "roe_4q": 2.73,
            "gross_profit": 49475,
            "gross_margin": 21.1,
            "gross_margin_4q_avg": 19.5,
            "net_income": 6248,
            "revenue": 234530,
            "common_shares": 1481131,
            "book_valuer_per_share": 13.55,
            "book_valuer_per_share_4q_avg": 12.65,
            "equity": 2006581,
            "current_ratio": 537.38,
            "debt_ratio": 15.69,
            "inventory_turnover_ratio": 1.12,
            "account_receivable_turnover_ratio": 0.88,
            "reinvestment_rate": -172.38,
            "research_to_sale_ratio": 8.55,
            "price_fair": 15.63,
            "eps_avg_yearly": 0.45,
            "eps_latest_yearly": 0.16,
            "eps_growth_yearly": 247.28
        },
        "20192": {
            "year_quarter": 20192,
            "year": 2019,
            "quarter": 2,
            "eps": 0.09,
            "eps_growth_year": -25,
            "eps_4q": 0.29,
            "eps_4q_growth_year": 258.41,
            "roe": 0.77,
            "roe_4q": 2.31,
            "gross_profit": 49064,
            "gross_margin": 17.2,
            "gross_margin_4q_avg": 19.26,
            "net_income": 16154,
            "revenue": 285243,
            "common_shares": 1481131,
            "book_valuer_per_share": 13.64,
            "book_valuer_per_share_4q_avg": 13.49,
            "equity": 2183787,
            "current_ratio": 542.92,
            "debt_ratio": 15.76,
            "inventory_turnover_ratio": 1.46,
            "account_receivable_turnover_ratio": 1,
            "reinvestment_rate": -93.52,
            "research_to_sale_ratio": 7.45,
            "price_fair": 16.22,
            "eps_avg_yearly": 0.46,
            "eps_latest_yearly": 0.36,
            "eps_growth_yearly": 310.16
        },
        "20193": {
            "year_quarter": 20193,
            "year": 2019,
            "quarter": 3,
            "eps": 0.01,
            "eps_growth_year": -87.5,
            "eps_4q": 0.22,
            "eps_4q_growth_year": 91.74,
            "roe": 0.66,
            "roe_4q": 2.2800000000000002,
            "gross_profit": 68834,
            "gross_margin": 22.45,
            "gross_margin_4q_avg": 19.62,
            "net_income": 14287,
            "revenue": 306630,
            "common_shares": 1480981,
            "book_valuer_per_share": 13.52,
            "book_valuer_per_share_4q_avg": 13.54,
            "equity": 2174088,
            "current_ratio": 474.22,
            "debt_ratio": 16.98,
            "inventory_turnover_ratio": 1.66,
            "account_receivable_turnover_ratio": 0.93,
            "reinvestment_rate": 17.25,
            "research_to_sale_ratio": 7.44,
            "price_fair": 15.08,
            "eps_avg_yearly": 0.43,
            "eps_latest_yearly": 0.04,
            "eps_growth_yearly": 258.95
        },
        "20194": {
            "year_quarter": 20194,
            "year": 2019,
            "quarter": 4,
            "eps": -0.11,
            "eps_growth_year": -258.36,
            "eps_4q": 0.03,
            "eps_4q_growth_year": -82.77,
            "roe": -0.46,
            "roe_4q": 1.28,
            "gross_profit": 78956,
            "gross_margin": 19.63,
            "gross_margin_4q_avg": 20.1,
            "net_income": -10021,
            "revenue": 402288,
            "common_shares": 1480791,
            "book_valuer_per_share": 13.29,
            "book_valuer_per_share_4q_avg": 13.5,
            "equity": 2142318,
            "current_ratio": 534.34,
            "debt_ratio": 15.51,
            "inventory_turnover_ratio": 3.07,
            "account_receivable_turnover_ratio": 1.16,
            "reinvestment_rate": 22.25,
            "research_to_sale_ratio": 5.23,
            "price_fair": 15.08,
            "eps_avg_yearly": 0.43,
            "eps_latest_yearly": 0.04,
            "eps_growth_yearly": 258.95
        },
        "20201": {
            "year_quarter": 20201,
            "year": 2020,
            "quarter": 1,
            "eps": -0.01,
            "eps_growth_year": -125,
            "eps_4q": -0.11,
            "eps_4q_growth_year": -137.43,
            "roe": -0.63,
            "roe_4q": 0.33999999999999997,
            "gross_profit": 21164,
            "gross_margin": 11.93,
            "gross_margin_4q_avg": 17.8,
            "net_income": -13080,
            "revenue": 177371,
            "common_shares": 1480791,
            "book_valuer_per_share": 12.53,
            "book_valuer_per_share_4q_avg": 13.25,
            "equity": 2031036,
            "current_ratio": 338.63,
            "debt_ratio": 19.02,
            "inventory_turnover_ratio": 2.03,
            "account_receivable_turnover_ratio": 0.62,
            "reinvestment_rate": 19.61,
            "research_to_sale_ratio": 10.52,
            "price_fair": 15.4,
            "eps_avg_yearly": 0.44,
            "eps_latest_yearly": 0.04,
            "eps_growth_yearly": 224.97
        },
        "20202": {
            "year_quarter": 20202,
            "year": 2020,
            "quarter": 2,
            "eps": 0,
            "eps_growth_year": -100,
            "eps_4q": -0.21,
            "eps_4q_growth_year": -173.64,
            "roe": 0.54,
            "roe_4q": 0.10999999999999999,
            "gross_profit": 57209,
            "gross_margin": 15.55,
            "gross_margin_4q_avg": 17.39,
            "net_income": 11162,
            "revenue": 367855,
            "common_shares": 1480196,
            "book_valuer_per_share": 12.83,
            "book_valuer_per_share_4q_avg": 13.04,
            "equity": 2083026,
            "current_ratio": 291.21,
            "debt_ratio": 23.01,
            "inventory_turnover_ratio": 3.82,
            "account_receivable_turnover_ratio": 1.14,
            "reinvestment_rate": 37.04,
            "research_to_sale_ratio": 5.2,
            "price_fair": 16.29,
            "eps_avg_yearly": 0.47,
            "eps_latest_yearly": 0.04,
            "eps_growth_yearly": 263.61
        },
        "20203": {
            "year_quarter": 20203,
            "year": 2020,
            "quarter": 3,
            "eps": -0.09,
            "eps_growth_year": -1000,
            "eps_4q": -0.31,
            "eps_4q_growth_year": -240.73,
            "roe": -1.74,
            "roe_4q": -2.29,
            "gross_profit": 36667,
            "gross_margin": 7.27,
            "gross_margin_4q_avg": 13.6,
            "net_income": -38906,
            "revenue": 504528,
            "common_shares": 1479998,
            "book_valuer_per_share": 12.82,
            "book_valuer_per_share_4q_avg": 12.87,
            "equity": 2384848,
            "current_ratio": 219.1,
            "debt_ratio": 30.84,
            "inventory_turnover_ratio": 3.96,
            "account_receivable_turnover_ratio": 1.06,
            "reinvestment_rate": 205.3,
            "research_to_sale_ratio": 8.43,
            "price_fair": 1.06,
            "eps_avg_yearly": 0.35,
            "eps_latest_yearly": 0.04,
            "eps_growth_yearly": -70.03
        },
        "20204": {
            "year_quarter": 20204,
            "year": 2020,
            "quarter": 4,
            "eps": -0.06,
            "eps_growth_year": null,
            "eps_4q": -0.25,
            "eps_4q_growth_year": -913.92,
            "roe": -1.88,
            "roe_4q": -3.71,
            "gross_profit": 67177,
            "gross_margin": 10.73,
            "gross_margin_4q_avg": 11.37,
            "net_income": -44659,
            "revenue": 626032,
            "common_shares": 1479998,
            "book_valuer_per_share": 12.89,
            "book_valuer_per_share_4q_avg": 12.77,
            "equity": 2359669,
            "current_ratio": 202.02,
            "debt_ratio": 33.98,
            "inventory_turnover_ratio": 3.22,
            "account_receivable_turnover_ratio": 1.08,
            "reinvestment_rate": 769.45,
            "research_to_sale_ratio": 8.88,
            "price_fair": 0.75,
            "eps_avg_yearly": 0.25,
            "eps_latest_yearly": 0.04,
            "eps_growth_yearly": -68.92
        },
        "20211": {
            "year_quarter": 20211,
            "year": 2021,
            "quarter": 1,
            "eps": -0.18,
            "eps_growth_year": null,
            "eps_4q": -0.33,
            "eps_4q_growth_year": null,
            "roe": -1.53,
            "roe_4q": -4.61,
            "gross_profit": 92825,
            "gross_margin": 13.69,
            "gross_margin_4q_avg": 11.81,
            "net_income": -35284,
            "revenue": 678032,
            "common_shares": 1479998,
            "book_valuer_per_share": 12.39,
            "book_valuer_per_share_4q_avg": 12.73,
            "equity": 2259476,
            "current_ratio": 194.02,
            "debt_ratio": 35.3,
            "inventory_turnover_ratio": 2.77,
            "account_receivable_turnover_ratio": 1.02,
            "reinvestment_rate": null,
            "research_to_sale_ratio": 8.19,
            "price_fair": 0.54,
            "eps_avg_yearly": 0.18,
            "eps_latest_yearly": 0.04,
            "eps_growth_yearly": -58.79
        },
        "20212": {
            "year_quarter": 20212,
            "year": 2021,
            "quarter": 2,
            "eps": -0.34,
            "eps_growth_year": null,
            "eps_4q": -0.67,
            "eps_4q_growth_year": null,
            "roe": -4.01,
            "roe_4q": -9.16,
            "gross_profit": 86342,
            "gross_margin": 13.13,
            "gross_margin_4q_avg": 11.21,
            "net_income": -88533,
            "revenue": 657509,
            "common_shares": 1479073,
            "book_valuer_per_share": 11.96,
            "book_valuer_per_share_4q_avg": 12.52,
            "equity": 2152122,
            "current_ratio": 174.39,
            "debt_ratio": 38.2,
            "inventory_turnover_ratio": 2.23,
            "account_receivable_turnover_ratio": 0.91,
            "reinvestment_rate": null,
            "research_to_sale_ratio": 9.64,
            "price_fair": 0.58,
            "eps_avg_yearly": 0.19,
            "eps_latest_yearly": 0.04,
            "eps_growth_yearly": -15.76
        },
        "20213": {
            "year_quarter": 20213,
            "year": 2021,
            "quarter": 3,
            "eps": -0.44,
            "eps_growth_year": null,
            "eps_4q": -1.02,
            "eps_4q_growth_year": null,
            "roe": -5.36,
            "roe_4q": -12.780000000000001,
            "gross_profit": 49849,
            "gross_margin": 8.41,
            "gross_margin_4q_avg": 11.49,
            "net_income": -112831,
            "revenue": 592734,
            "common_shares": 1479063,
            "book_valuer_per_share": 11.49,
            "book_valuer_per_share_4q_avg": 12.18,
            "equity": 2059353,
            "current_ratio": 167.5,
            "debt_ratio": 37.55,
            "inventory_turnover_ratio": 2.05,
            "account_receivable_turnover_ratio": 0.9,
            "reinvestment_rate": null,
            "research_to_sale_ratio": 10.39,
            "price_fair": 0.6,
            "eps_avg_yearly": 0.2,
            "eps_latest_yearly": 0.04,
            "eps_growth_yearly": -85.05
        },
        "20214": {
            "year_quarter": 20214,
            "year": 2021,
            "quarter": 4,
            "eps": 0.56,
            "eps_growth_year": null,
            "eps_4q": -0.41,
            "eps_4q_growth_year": null,
            "roe": 1.9,
            "roe_4q": -9,
            "gross_profit": 63760,
            "gross_margin": 10.38,
            "gross_margin_4q_avg": 11.4,
            "net_income": 38871,
            "revenue": 613960,
            "common_shares": 1479063,
            "book_valuer_per_share": 12.39,
            "book_valuer_per_share_4q_avg": 12.06,
            "equity": 2031512,
            "current_ratio": 370.57,
            "debt_ratio": 32.15,
            "inventory_turnover_ratio": 2.42,
            "account_receivable_turnover_ratio": 1.06,
            "reinvestment_rate": null,
            "research_to_sale_ratio": 9.1,
            "price_fair": 0.7,
            "eps_avg_yearly": 0.23,
            "eps_latest_yearly": 0.04,
            "eps_growth_yearly": -42.06
        },
        "20221": {
            "year_quarter": 20221,
            "year": 2022,
            "quarter": 1,
            "eps": -0.08,
            "eps_growth_year": null,
            "eps_4q": -0.3,
            "eps_4q_growth_year": null,
            "roe": -0.76,
            "roe_4q": -8.23,
            "gross_profit": 19930,
            "gross_margin": 4.34,
            "gross_margin_4q_avg": 9.07,
            "net_income": -15677,
            "revenue": 458884,
            "common_shares": 1479063,
            "book_valuer_per_share": 12.46,
            "book_valuer_per_share_4q_avg": 12.08,
            "equity": 2084469,
            "current_ratio": 372.76,
            "debt_ratio": 30.68,
            "inventory_turnover_ratio": 2.29,
            "account_receivable_turnover_ratio": 0.81,
            "reinvestment_rate": null,
            "research_to_sale_ratio": 5.59,
            "price_fair": 0.7,
            "eps_avg_yearly": 0.23,
            "eps_latest_yearly": 0.04,
            "eps_growth_yearly": -42.06
        },
        "20222": {
            "year_quarter": 20222,
            "year": 2022,
            "quarter": 2,
            "eps": 0.13,
            "eps_growth_year": null,
            "eps_4q": 0.17,
            "eps_4q_growth_year": null,
            "roe": 1.55,
            "roe_4q": -2.6700000000000004,
            "gross_profit": 77355,
            "gross_margin": 15.08,
            "gross_margin_4q_avg": 9.55,
            "net_income": 32229,
            "revenue": 512818,
            "common_shares": 1479063,
            "book_valuer_per_share": 12.35,
            "book_valuer_per_share_4q_avg": 12.17,
            "equity": 2077934,
            "current_ratio": 352.16,
            "debt_ratio": 30.69,
            "inventory_turnover_ratio": 2.11,
            "account_receivable_turnover_ratio": 0.91,
            "reinvestment_rate": null,
            "research_to_sale_ratio": 4.95,
            "price_fair": 0.7,
            "eps_avg_yearly": 0.23,
            "eps_latest_yearly": 0.04,
            "eps_growth_yearly": -42.06
        },
        "20223": {
            "year_quarter": 20223,
            "year": 2022,
            "quarter": 3,
            "eps": -0.23,
            "eps_growth_year": null,
            "eps_4q": 0.38,
            "eps_4q_growth_year": null,
            "roe": -1.94,
            "roe_4q": 0.75,
            "gross_profit": -13711,
            "gross_margin": -3.61,
            "gross_margin_4q_avg": 6.55,
            "net_income": -39958,
            "revenue": 380070,
            "common_shares": 1479063,
            "book_valuer_per_share": 12.16,
            "book_valuer_per_share_4q_avg": 12.34,
            "equity": 2044925,
            "current_ratio": 324.31,
            "debt_ratio": 32.79,
            "inventory_turnover_ratio": 1.53,
            "account_receivable_turnover_ratio": 0.7,
            "reinvestment_rate": null,
            "research_to_sale_ratio": 10.24,
            "price_fair": 0.63,
            "eps_avg_yearly": 0.21,
            "eps_latest_yearly": 0.04,
            "eps_growth_yearly": -19.25
        },
        "20224": {
            "year_quarter": 20224,
            "year": 2022,
            "quarter": 4,
            "eps": -0.44,
            "eps_growth_year": -179.58,
            "eps_4q": -0.62,
            "eps_4q_growth_year": null,
            "roe": -3.42,
            "roe_4q": -4.569999999999999,
            "gross_profit": 39073,
            "gross_margin": 10.31,
            "gross_margin_4q_avg": 6.53,
            "net_income": -68844,
            "revenue": 378963,
            "common_shares": 1479063,
            "book_valuer_per_share": 11.8,
            "book_valuer_per_share_4q_avg": 12.19,
            "equity": 1986650,
            "current_ratio": 215.07,
            "debt_ratio": 32.94,
            "inventory_turnover_ratio": 1.26,
            "account_receivable_turnover_ratio": 0.65,
            "reinvestment_rate": null,
            "research_to_sale_ratio": 9.38,
            "price_fair": 0.56,
            "eps_avg_yearly": 0.19,
            "eps_latest_yearly": 0.04,
            "eps_growth_yearly": -8.99
        },
        "20231": {
            "year_quarter": 20231,
            "year": 2023,
            "quarter": 1,
            "eps": -0.3,
            "eps_growth_year": null,
            "eps_4q": -0.84,
            "eps_4q_growth_year": null,
            "roe": -2.48,
            "roe_4q": -6.29,
            "gross_profit": 14215,
            "gross_margin": 6.58,
            "gross_margin_4q_avg": 7.09,
            "net_income": -48724,
            "revenue": 215976,
            "common_shares": 1479063,
            "book_valuer_per_share": 11.48,
            "book_valuer_per_share_4q_avg": 11.95,
            "equity": 1935132,
            "current_ratio": 216.29,
            "debt_ratio": 33.01,
            "inventory_turnover_ratio": 0.71,
            "account_receivable_turnover_ratio": 0.43,
            "reinvestment_rate": null,
            "research_to_sale_ratio": 11.81,
            "price_fair": 7,
            "eps_avg_yearly": 0.2,
            "eps_latest_yearly": 0.04,
            "eps_growth_yearly": 72.22
        }
    },
    "months": {
        "2003-09": {
            "month": "2003-09",
            "price": "52.20",
            "revenue": 72045
        },
        "2003-10": {
            "month": "2003-10",
            "price": "55.61",
            "revenue": 64905
        },
        "2003-11": {
            "month": "2003-11",
            "price": "56.17",
            "revenue": 56923
        },
        "2003-12": {
            "month": "2003-12",
            "price": "54.74",
            "revenue": 66219
        },
        "2004-01": {
            "month": "2004-01",
            "price": "55.93",
            "revenue": 50568
        },
        "2004-02": {
            "month": "2004-02",
            "price": "60.35",
            "revenue": 55543
        },
        "2004-03": {
            "month": "2004-03",
            "price": "58.11",
            "revenue": 65394
        },
        "2004-04": {
            "month": "2004-04",
            "price": "56.34",
            "revenue": 53399
        },
        "2004-05": {
            "month": "2004-05",
            "price": "50.10",
            "revenue": 54427
        },
        "2004-06": {
            "month": "2004-06",
            "price": "49.33",
            "revenue": 60314
        },
        "2004-07": {
            "month": "2004-07",
            "price": "33.66",
            "revenue": 70900
        },
        "2004-08": {
            "month": "2004-08",
            "price": "28.26",
            "revenue": 74805
        },
        "2004-09": {
            "month": "2004-09",
            "price": "27.19",
            "revenue": 68444
        },
        "2004-10": {
            "month": "2004-10",
            "price": "23.44",
            "revenue": 60759
        },
        "2004-11": {
            "month": "2004-11",
            "price": "22.46",
            "revenue": 65823
        },
        "2004-12": {
            "month": "2004-12",
            "price": "24.79",
            "revenue": 63450
        },
        "2005-01": {
            "month": "2005-01",
            "price": "23.48",
            "revenue": 64593
        },
        "2005-02": {
            "month": "2005-02",
            "price": "30.01",
            "revenue": 41207
        },
        "2005-03": {
            "month": "2005-03",
            "price": "37.62",
            "revenue": 57233
        },
        "2005-04": {
            "month": "2005-04",
            "price": "31.48",
            "revenue": 52011
        },
        "2005-05": {
            "month": "2005-05",
            "price": "26.90",
            "revenue": 59824
        },
        "2005-06": {
            "month": "2005-06",
            "price": "31.39",
            "revenue": 54697
        },
        "2005-07": {
            "month": "2005-07",
            "price": "32.28",
            "revenue": 50899
        },
        "2005-08": {
            "month": "2005-08",
            "price": "24.39",
            "revenue": 54667
        },
        "2005-09": {
            "month": "2005-09",
            "price": "22.92",
            "revenue": 101865
        },
        "2005-10": {
            "month": "2005-10",
            "price": "20.82",
            "revenue": 103050
        },
        "2005-11": {
            "month": "2005-11",
            "price": "21.94",
            "revenue": 147625
        },
        "2005-12": {
            "month": "2005-12",
            "price": "23.92",
            "revenue": 111844
        },
        "2006-01": {
            "month": "2006-01",
            "price": "24.12",
            "revenue": 111436
        },
        "2006-02": {
            "month": "2006-02",
            "price": "22.26",
            "revenue": 111792
        },
        "2006-03": {
            "month": "2006-03",
            "price": "20.16",
            "revenue": 134749
        },
        "2006-04": {
            "month": "2006-04",
            "price": "23.70",
            "revenue": 120872
        },
        "2006-05": {
            "month": "2006-05",
            "price": "25.07",
            "revenue": 130949
        },
        "2006-06": {
            "month": "2006-06",
            "price": "22.82",
            "revenue": 122025
        },
        "2006-07": {
            "month": "2006-07",
            "price": "20.65",
            "revenue": 132037
        },
        "2006-08": {
            "month": "2006-08",
            "price": "19.72",
            "revenue": 143196
        },
        "2006-09": {
            "month": "2006-09",
            "price": "18.75",
            "revenue": 159409
        },
        "2006-10": {
            "month": "2006-10",
            "price": "21.09",
            "revenue": 122183
        },
        "2006-11": {
            "month": "2006-11",
            "price": "22.73",
            "revenue": 129721
        },
        "2006-12": {
            "month": "2006-12",
            "price": "25.36",
            "revenue": 113922
        },
        "2007-01": {
            "month": "2007-01",
            "price": "28.96",
            "revenue": 143490
        },
        "2007-02": {
            "month": "2007-02",
            "price": "33.22",
            "revenue": 95285
        },
        "2007-03": {
            "month": "2007-03",
            "price": "34.98",
            "revenue": 138974
        },
        "2007-04": {
            "month": "2007-04",
            "price": "33.83",
            "revenue": 140610
        },
        "2007-05": {
            "month": "2007-05",
            "price": "33.75",
            "revenue": 122570
        },
        "2007-06": {
            "month": "2007-06",
            "price": "36.36",
            "revenue": 115821
        },
        "2007-07": {
            "month": "2007-07",
            "price": "38.95",
            "revenue": 165044
        },
        "2007-08": {
            "month": "2007-08",
            "price": "33.34",
            "revenue": 199338
        },
        "2007-09": {
            "month": "2007-09",
            "price": "36.57",
            "revenue": 233509
        },
        "2007-10": {
            "month": "2007-10",
            "price": "34.72",
            "revenue": 223793
        },
        "2007-11": {
            "month": "2007-11",
            "price": "32.98",
            "revenue": 211268
        },
        "2007-12": {
            "month": "2007-12",
            "price": "28.38",
            "revenue": 173367
        },
        "2008-01": {
            "month": "2008-01",
            "price": "25.78",
            "revenue": 168609
        },
        "2008-02": {
            "month": "2008-02",
            "price": "25.18",
            "revenue": 124805
        },
        "2008-03": {
            "month": "2008-03",
            "price": "25.09",
            "revenue": 138080
        },
        "2008-04": {
            "month": "2008-04",
            "price": "26.73",
            "revenue": 142775
        },
        "2008-05": {
            "month": "2008-05",
            "price": "24.73",
            "revenue": 120445
        },
        "2008-06": {
            "month": "2008-06",
            "price": "21.43",
            "revenue": 126120
        },
        "2008-07": {
            "month": "2008-07",
            "price": "18.72",
            "revenue": 155461
        },
        "2008-08": {
            "month": "2008-08",
            "price": "17.72",
            "revenue": 148304
        },
        "2008-09": {
            "month": "2008-09",
            "price": "14.59",
            "revenue": 176009
        },
        "2008-10": {
            "month": "2008-10",
            "price": "13.25",
            "revenue": 191176
        },
        "2008-11": {
            "month": "2008-11",
            "price": "12.94",
            "revenue": 146150
        },
        "2008-12": {
            "month": "2008-12",
            "price": "11.71",
            "revenue": 73322
        },
        "2009-01": {
            "month": "2009-01",
            "price": "11.44",
            "revenue": 84546
        },
        "2009-02": {
            "month": "2009-02",
            "price": "11.18",
            "revenue": 97760
        },
        "2009-03": {
            "month": "2009-03",
            "price": "13.57",
            "revenue": 149871
        },
        "2009-04": {
            "month": "2009-04",
            "price": "14.53",
            "revenue": 149888
        },
        "2009-05": {
            "month": "2009-05",
            "price": "13.26",
            "revenue": 125968
        },
        "2009-06": {
            "month": "2009-06",
            "price": "11.89",
            "revenue": 118156
        },
        "2009-07": {
            "month": "2009-07",
            "price": "12.40",
            "revenue": 129351
        },
        "2009-08": {
            "month": "2009-08",
            "price": "13.12",
            "revenue": 142850
        },
        "2009-09": {
            "month": "2009-09",
            "price": "13.85",
            "revenue": 158024
        },
        "2009-10": {
            "month": "2009-10",
            "price": "15.28",
            "revenue": 153422
        },
        "2009-11": {
            "month": "2009-11",
            "price": "15.47",
            "revenue": 138646
        },
        "2009-12": {
            "month": "2009-12",
            "price": "17.20",
            "revenue": 116913
        },
        "2010-01": {
            "month": "2010-01",
            "price": "16.42",
            "revenue": 133845
        },
        "2010-02": {
            "month": "2010-02",
            "price": "13.52",
            "revenue": 79040
        },
        "2010-03": {
            "month": "2010-03",
            "price": "14.42",
            "revenue": 136229
        },
        "2010-04": {
            "month": "2010-04",
            "price": "15.94",
            "revenue": 143027
        },
        "2010-05": {
            "month": "2010-05",
            "price": "16.22",
            "revenue": 145079
        },
        "2010-06": {
            "month": "2010-06",
            "price": "15.91",
            "revenue": 133613
        },
        "2010-07": {
            "month": "2010-07",
            "price": "15.79",
            "revenue": 155858
        },
        "2010-08": {
            "month": "2010-08",
            "price": "15.63",
            "revenue": 122963
        },
        "2010-09": {
            "month": "2010-09",
            "price": "13.87",
            "revenue": 144836
        },
        "2010-10": {
            "month": "2010-10",
            "price": "12.91",
            "revenue": 132187
        },
        "2010-11": {
            "month": "2010-11",
            "price": "11.26",
            "revenue": 126308
        },
        "2010-12": {
            "month": "2010-12",
            "price": "12.23",
            "revenue": 141931
        },
        "2011-01": {
            "month": "2011-01",
            "price": "12.62",
            "revenue": 84904
        },
        "2011-02": {
            "month": "2011-02",
            "price": "11.80",
            "revenue": 59290
        },
        "2011-03": {
            "month": "2011-03",
            "price": "11.28",
            "revenue": 122467
        },
        "2011-04": {
            "month": "2011-04",
            "price": "10.88",
            "revenue": 121921
        },
        "2011-05": {
            "month": "2011-05",
            "price": "10.46",
            "revenue": 130761
        },
        "2011-06": {
            "month": "2011-06",
            "price": "10.65",
            "revenue": 138351
        },
        "2011-07": {
            "month": "2011-07",
            "price": "9.90",
            "revenue": 138471
        },
        "2011-08": {
            "month": "2011-08",
            "price": "8.66",
            "revenue": 113556
        },
        "2011-09": {
            "month": "2011-09",
            "price": "8.25",
            "revenue": 130957
        },
        "2011-10": {
            "month": "2011-10",
            "price": "7.07",
            "revenue": 132096
        },
        "2011-11": {
            "month": "2011-11",
            "price": "6.58",
            "revenue": 120240
        },
        "2011-12": {
            "month": "2011-12",
            "price": "5.56",
            "revenue": 113209
        },
        "2012-01": {
            "month": "2012-01",
            "price": "7.68",
            "revenue": 85603
        },
        "2012-02": {
            "month": "2012-02",
            "price": "9.46",
            "revenue": 108347
        },
        "2012-03": {
            "month": "2012-03",
            "price": "9.44",
            "revenue": 134027
        },
        "2012-04": {
            "month": "2012-04",
            "price": "8.61",
            "revenue": 125740
        },
        "2012-05": {
            "month": "2012-05",
            "price": "7.59",
            "revenue": 122813
        },
        "2012-06": {
            "month": "2012-06",
            "price": "7.48",
            "revenue": 125433
        },
        "2012-07": {
            "month": "2012-07",
            "price": "7.52",
            "revenue": 126171
        },
        "2012-08": {
            "month": "2012-08",
            "price": "8.22",
            "revenue": 151015
        },
        "2012-09": {
            "month": "2012-09",
            "price": "10.32",
            "revenue": 184204
        },
        "2012-10": {
            "month": "2012-10",
            "price": "10.39",
            "revenue": 142314
        },
        "2012-11": {
            "month": "2012-11",
            "price": "8.71",
            "revenue": 138976
        },
        "2012-12": {
            "month": "2012-12",
            "price": "9.78",
            "revenue": 92922
        },
        "2013-01": {
            "month": "2013-01",
            "price": "11.77",
            "revenue": 196364
        },
        "2013-02": {
            "month": "2013-02",
            "price": "14.05",
            "revenue": 146198
        },
        "2013-03": {
            "month": "2013-03",
            "price": "16.08",
            "revenue": 218816
        },
        "2013-04": {
            "month": "2013-04",
            "price": "16.61",
            "revenue": 229334
        },
        "2013-05": {
            "month": "2013-05",
            "price": "18.50",
            "revenue": 217477
        },
        "2013-06": {
            "month": "2013-06",
            "price": "21.38",
            "revenue": 167571
        },
        "2013-07": {
            "month": "2013-07",
            "price": "16.72",
            "revenue": 130928
        },
        "2013-08": {
            "month": "2013-08",
            "price": "16.31",
            "revenue": 141592
        },
        "2013-09": {
            "month": "2013-09",
            "price": "16.86",
            "revenue": 180443
        },
        "2013-10": {
            "month": "2013-10",
            "price": "14.47",
            "revenue": 233348
        },
        "2013-11": {
            "month": "2013-11",
            "price": "12.15",
            "revenue": 226939
        },
        "2013-12": {
            "month": "2013-12",
            "price": "11.27",
            "revenue": 175294
        },
        "2014-01": {
            "month": "2014-01",
            "price": "11.96",
            "revenue": 145536
        },
        "2014-02": {
            "month": "2014-02",
            "price": "11.47",
            "revenue": 110181
        },
        "2014-03": {
            "month": "2014-03",
            "price": "10.75",
            "revenue": 123704
        },
        "2014-04": {
            "month": "2014-04",
            "price": "10.52",
            "revenue": 117465
        },
        "2014-05": {
            "month": "2014-05",
            "price": "8.83",
            "revenue": 103395
        },
        "2014-06": {
            "month": "2014-06",
            "price": "8.81",
            "revenue": 115507
        },
        "2014-07": {
            "month": "2014-07",
            "price": "8.26",
            "revenue": 128951
        },
        "2014-08": {
            "month": "2014-08",
            "price": "7.15",
            "revenue": 98219
        },
        "2014-09": {
            "month": "2014-09",
            "price": "6.65",
            "revenue": 103538
        },
        "2014-10": {
            "month": "2014-10",
            "price": "5.77",
            "revenue": 88430
        },
        "2014-11": {
            "month": "2014-11",
            "price": "5.72",
            "revenue": 97332
        },
        "2014-12": {
            "month": "2014-12",
            "price": "6.75",
            "revenue": 133243
        },
        "2015-01": {
            "month": "2015-01",
            "price": "7.20",
            "revenue": 111658
        },
        "2015-02": {
            "month": "2015-02",
            "price": "6.83",
            "revenue": 59219
        },
        "2015-03": {
            "month": "2015-03",
            "price": "6.33",
            "revenue": 68518
        },
        "2015-04": {
            "month": "2015-04",
            "price": "5.75",
            "revenue": 73439
        },
        "2015-05": {
            "month": "2015-05",
            "price": "5.98",
            "revenue": 67652
        },
        "2015-06": {
            "month": "2015-06",
            "price": "5.83",
            "revenue": 69039
        },
        "2015-07": {
            "month": "2015-07",
            "price": "5.43",
            "revenue": 68745
        },
        "2015-08": {
            "month": "2015-08",
            "price": "4.17",
            "revenue": 65129
        },
        "2015-09": {
            "month": "2015-09",
            "price": "4.33",
            "revenue": 77340
        },
        "2015-10": {
            "month": "2015-10",
            "price": "5.01",
            "revenue": 80512
        },
        "2015-11": {
            "month": "2015-11",
            "price": "4.81",
            "revenue": 82920
        },
        "2015-12": {
            "month": "2015-12",
            "price": "4.70",
            "revenue": 97202
        },
        "2016-01": {
            "month": "2016-01",
            "price": "4.16",
            "revenue": 85800
        },
        "2016-02": {
            "month": "2016-02",
            "price": "4.23",
            "revenue": 45702
        },
        "2016-03": {
            "month": "2016-03",
            "price": "4.86",
            "revenue": 80909
        },
        "2016-04": {
            "month": "2016-04",
            "price": "5.32",
            "revenue": 70951
        },
        "2016-05": {
            "month": "2016-05",
            "price": "5.04",
            "revenue": 67719
        },
        "2016-06": {
            "month": "2016-06",
            "price": "4.90",
            "revenue": 62841
        },
        "2016-07": {
            "month": "2016-07",
            "price": "4.83",
            "revenue": 66872
        },
        "2016-08": {
            "month": "2016-08",
            "price": "5.09",
            "revenue": 99660
        },
        "2016-09": {
            "month": "2016-09",
            "price": "5.33",
            "revenue": 72872
        },
        "2016-10": {
            "month": "2016-10",
            "price": "13.39",
            "revenue": 73778
        },
        "2016-11": {
            "month": "2016-11",
            "price": "21.63",
            "revenue": 78964
        },
        "2016-12": {
            "month": "2016-12",
            "price": "25.15",
            "revenue": 74960
        },
        "2017-01": {
            "month": "2017-01",
            "price": "33.09",
            "revenue": 59144
        },
        "2017-02": {
            "month": "2017-02",
            "price": "44.19",
            "revenue": 43009
        },
        "2017-03": {
            "month": "2017-03",
            "price": "42.60",
            "revenue": 67109
        },
        "2017-04": {
            "month": "2017-04",
            "price": "45.47",
            "revenue": 46237
        },
        "2017-05": {
            "month": "2017-05",
            "price": "61.63",
            "revenue": 56010
        },
        "2017-06": {
            "month": "2017-06",
            "price": "58.70",
            "revenue": 55881
        },
        "2017-07": {
            "month": "2017-07",
            "price": "51.33",
            "revenue": 60647
        },
        "2017-08": {
            "month": "2017-08",
            "price": "47.92",
            "revenue": 63950
        },
        "2017-09": {
            "month": "2017-09",
            "price": "46.87",
            "revenue": 60343
        },
        "2017-10": {
            "month": "2017-10",
            "price": "47.60",
            "revenue": 55148
        },
        "2017-11": {
            "month": "2017-11",
            "price": "45.50",
            "revenue": 60981
        },
        "2017-12": {
            "month": "2017-12",
            "price": "50.05",
            "revenue": 62766
        },
        "2018-01": {
            "month": "2018-01",
            "price": "46.80",
            "revenue": 63439
        },
        "2018-02": {
            "month": "2018-02",
            "price": "39.46",
            "revenue": 41861
        },
        "2018-03": {
            "month": "2018-03",
            "price": "39.23",
            "revenue": 89975
        },
        "2018-04": {
            "month": "2018-04",
            "price": "45.74",
            "revenue": 68045
        },
        "2018-05": {
            "month": "2018-05",
            "price": "49.92",
            "revenue": 72308
        },
        "2018-06": {
            "month": "2018-06",
            "price": "55.27",
            "revenue": 139901
        },
        "2018-07": {
            "month": "2018-07",
            "price": "59.27",
            "revenue": 87992
        },
        "2018-08": {
            "month": "2018-08",
            "price": "51.83",
            "revenue": 102996
        },
        "2018-09": {
            "month": "2018-09",
            "price": "45.12",
            "revenue": 112279
        },
        "2018-10": {
            "month": "2018-10",
            "price": "36.35",
            "revenue": 123503
        },
        "2018-11": {
            "month": "2018-11",
            "price": "34.35",
            "revenue": 99356
        },
        "2018-12": {
            "month": "2018-12",
            "price": "35.77",
            "revenue": 92979
        },
        "2019-01": {
            "month": "2019-01",
            "price": "33.65",
            "revenue": 90993
        },
        "2019-02": {
            "month": "2019-02",
            "price": "36.45",
            "revenue": 51787
        },
        "2019-03": {
            "month": "2019-03",
            "price": "38.83",
            "revenue": 91370
        },
        "2019-04": {
            "month": "2019-04",
            "price": "39.42",
            "revenue": 96379
        },
        "2019-05": {
            "month": "2019-05",
            "price": "35.62",
            "revenue": 97492
        },
        "2019-06": {
            "month": "2019-06",
            "price": "35.27",
            "revenue": 92420
        },
        "2019-07": {
            "month": "2019-07",
            "price": "35.80",
            "revenue": 96989
        },
        "2019-08": {
            "month": "2019-08",
            "price": "34.37",
            "revenue": 110168
        },
        "2019-09": {
            "month": "2019-09",
            "price": "33.86",
            "revenue": 100097
        },
        "2019-10": {
            "month": "2019-10",
            "price": "30.68",
            "revenue": 183263
        },
        "2019-11": {
            "month": "2019-11",
            "price": "31.18",
            "revenue": 115516
        },
        "2019-12": {
            "month": "2019-12",
            "price": "29.66",
            "revenue": 99690
        },
        "2020-01": {
            "month": "2020-01",
            "price": "29.61",
            "revenue": 75902
        },
        "2020-02": {
            "month": "2020-02",
            "price": "25.02",
            "revenue": 21709
        },
        "2020-03": {
            "month": "2020-03",
            "price": "17.27",
            "revenue": 81104
        },
        "2020-04": {
            "month": "2020-04",
            "price": "17.67",
            "revenue": 115953
        },
        "2020-05": {
            "month": "2020-05",
            "price": "20.82",
            "revenue": 125031
        },
        "2020-06": {
            "month": "2020-06",
            "price": "24.64",
            "revenue": 124271
        },
        "2020-07": {
            "month": "2020-07",
            "price": "26.32",
            "revenue": 122106
        },
        "2020-08": {
            "month": "2020-08",
            "price": "24.58",
            "revenue": 185665
        },
        "2020-09": {
            "month": "2020-09",
            "price": "26.85",
            "revenue": 200578
        },
        "2020-10": {
            "month": "2020-10",
            "price": "37.72",
            "revenue": 177214
        },
        "2020-11": {
            "month": "2020-11",
            "price": "35.65",
            "revenue": 209223
        },
        "2020-12": {
            "month": "2020-12",
            "price": "38.15",
            "revenue": 233672
        },
        "2021-01": {
            "month": "2021-01",
            "price": "42.71",
            "revenue": 239074
        },
        "2021-02": {
            "month": "2021-02",
            "price": "40.31",
            "revenue": 168654
        },
        "2021-03": {
            "month": "2021-03",
            "price": "52.43",
            "revenue": 271895
        },
        "2021-04": {
            "month": "2021-04",
            "price": "62.22",
            "revenue": 231841
        },
        "2021-05": {
            "month": "2021-05",
            "price": "46.08",
            "revenue": 262762
        },
        "2021-06": {
            "month": "2021-06",
            "price": "48.64",
            "revenue": 164325
        },
        "2021-07": {
            "month": "2021-07",
            "price": "58.36",
            "revenue": 242102
        },
        "2021-08": {
            "month": "2021-08",
            "price": "49.99",
            "revenue": 167656
        },
        "2021-09": {
            "month": "2021-09",
            "price": "48.18",
            "revenue": 183059
        },
        "2021-10": {
            "month": "2021-10",
            "price": "43.18",
            "revenue": 172660
        },
        "2021-11": {
            "month": "2021-11",
            "price": "50.48",
            "revenue": 225359
        },
        "2021-12": {
            "month": "2021-12",
            "price": "45.84",
            "revenue": 218227
        },
        "2022-01": {
            "month": "2022-01",
            "price": "43.12",
            "revenue": 169022
        },
        "2022-02": {
            "month": "2022-02",
            "price": "41.90",
            "revenue": 111494
        },
        "2022-03": {
            "month": "2022-03",
            "price": "37.86",
            "revenue": 178015
        },
        "2022-04": {
            "month": "2022-04",
            "price": "36.16",
            "revenue": 148469
        },
        "2022-05": {
            "month": "2022-05",
            "price": "32.70",
            "revenue": 184022
        },
        "2022-06": {
            "month": "2022-06",
            "price": "33.26",
            "revenue": 180679
        },
        "2022-07": {
            "month": "2022-07",
            "price": "29.48",
            "revenue": 153021
        },
        "2022-08": {
            "month": "2022-08",
            "price": "35.24",
            "revenue": 110372
        },
        "2022-09": {
            "month": "2022-09",
            "price": "36.05",
            "revenue": 116677
        },
        "2022-10": {
            "month": "2022-10",
            "price": "30.94",
            "revenue": 132642
        },
        "2022-11": {
            "month": "2022-11",
            "price": "34.19",
            "revenue": 104996
        },
        "2022-12": {
            "month": "2022-12",
            "price": "33.83",
            "revenue": 141325
        },
        "2023-01": {
            "month": "2023-01",
            "price": "31.87",
            "revenue": 54402
        },
        "2023-02": {
            "month": "2023-02",
            "price": "33.45",
            "revenue": 75902
        },
        "2023-03": {
            "month": "2023-03",
            "price": "34.16",
            "revenue": 85672
        },
        "2023-04": {
            "month": "2023-04",
            "price": "33.81",
            "revenue": 105291
        },
        "2023-05": {
            "month": "2023-05",
            "price": "31.47",
            "revenue": 116570
        }
    }
}
