{
    "summary": {
        "stock_name": "佳邦",
        "stock_id": "6284",
        "category": "電子零組件",
        "main_business": "微波複合化微型天線及模組之研究、開發、製造及銷售。<br>積體化電子保護元件之研究、開發、製造及銷售。<br>積層式微波通訊元件及其模組之研究、開發、製造及銷售。",
        "website_url": "http://www.inpaq.com.tw",
        "ceo": "洪志謀",
        "pe_ratio": 19,
        "report_year_from": 2001,
        "report_year_to": 2023,
        "age": 23,
        "eps_negative_percentage": 5,
        "eps_growth_avg": {
            "last_all": 17.91,
            "last_2y": 20.31,
            "last_4y": 24.35,
            "last_8y": 24.29,
            "last_12y": 12.97,
            "last_16y": 11.8,
            "last_20y": null,
            "at_2006_last_3y": null,
            "at_2007_last_3y": 41.23,
            "at_2008_last_3y": -3.58,
            "at_2009_last_3y": -10.39,
            "at_2010_last_3y": 8.3,
            "at_2011_last_3y": -10.81,
            "at_2012_last_3y": -12.64,
            "at_2013_last_3y": -21.01,
            "at_2014_last_3y": -21.01,
            "at_2015_last_3y": -2.12,
            "at_2016_last_3y": 17.3,
            "at_2017_last_3y": 24.22,
            "at_2018_last_3y": 24.22,
            "at_2019_last_3y": 17.52,
            "at_2020_last_3y": 51.45,
            "at_2021_last_3y": 54.26,
            "at_2022_last_3y": 30.43,
            "at_2023_last_3y": 38.73,
            "at_2024_last_3y": 38.73,
            "at_2006_last_all": 50.5,
            "at_2007_last_all": 41.23,
            "at_2008_last_all": 14.44,
            "at_2009_last_all": 14.12,
            "at_2010_last_all": 26.39,
            "at_2011_last_all": 15.21,
            "at_2012_last_all": 2.41,
            "at_2013_last_all": 2.41,
            "at_2014_last_all": 12.17,
            "at_2015_last_all": 10.48,
            "at_2016_last_all": 6.13,
            "at_2017_last_all": 9.12,
            "at_2018_last_all": 15.61,
            "at_2019_last_all": 12.36,
            "at_2020_last_all": 17.46,
            "at_2021_last_all": 19.74,
            "at_2022_last_all": 18.9,
            "at_2023_last_all": 17.91,
            "at_2024_last_all": 17.91
        },
        "latest_eps": 3.99,
        "latest_price": 75.9,
        "latest_roe": 9.39,
        "latest_gross_margin": 29.25,
        "latest_equity": 6721271,
        "latest_revenue": 1792975,
        "latest_gross_profit": 524464,
        "latest_net_income": 293703,
        "latest_debt_ratio": 45.6,
        "latest_current_ratio": 210.03,
        "latest_account_receivable_turnover_ratio": 0.78,
        "latest_inventory_turnover_ratio": 1.42,
        "latest_reinvestment_rate": 105.39,
        "latest_research_to_sale_ratio": 5.55
    },
    "eps_dividends": {
        "2001": {
            "cash": 0,
            "stock": 0,
            "eps": 0
        },
        "2002": {
            "cash": 0,
            "stock": 0,
            "eps": 0
        },
        "2003": {
            "cash": 0.7,
            "stock": 0,
            "eps": 1.78
        },
        "2004": {
            "cash": 1.2,
            "stock": 0,
            "eps": 3.32
        },
        "2005": {
            "cash": 2.3,
            "stock": 0,
            "eps": 4.64
        },
        "2006": {
            "cash": 2.33,
            "stock": 0.68,
            "eps": 5.81
        },
        "2007": {
            "cash": 3.52,
            "stock": 0.59,
            "eps": 6.59
        },
        "2008": {
            "cash": 4.21,
            "stock": 0.5,
            "eps": 0.48
        },
        "2009": {
            "cash": 0,
            "stock": 0.5,
            "eps": 0.54
        },
        "2010": {
            "cash": 0.5,
            "stock": 0,
            "eps": 1.84
        },
        "2011": {
            "cash": 1.6,
            "stock": 0,
            "eps": 0.68
        },
        "2012": {
            "cash": 0.5,
            "stock": 0,
            "eps": -1.49
        },
        "2013": {
            "cash": 0,
            "stock": 0,
            "eps": 0.51
        },
        "2014": {
            "cash": 0.44,
            "stock": 0,
            "eps": 1.1
        },
        "2015": {
            "cash": 1,
            "stock": 0,
            "eps": 1.03
        },
        "2016": {
            "cash": 1,
            "stock": 0,
            "eps": 0.6
        },
        "2017": {
            "cash": 0.46,
            "stock": 0,
            "eps": 0.87
        },
        "2018": {
            "cash": 0.67,
            "stock": 0,
            "eps": 1.99
        },
        "2019": {
            "cash": 0.8,
            "stock": 0,
            "eps": 1.33
        },
        "2020": {
            "cash": 0.5,
            "stock": 0,
            "eps": 2.58
        },
        "2021": {
            "cash": 1,
            "stock": 0,
            "eps": 4.03
        },
        "2022": {
            "cash": 1.2,
            "stock": 0,
            "eps": 4.22
        },
        "2023": {
            "cash": 1.7,
            "stock": 0,
            "eps": 4.22
        }
    },
    "dividends": {
        "2003-06-03": {
            "cash": 0.7,
            "stock": 0
        },
        "2004-03-03": {
            "cash": 1.2,
            "stock": 0
        },
        "2005-03-24": {
            "cash": 2.3,
            "stock": 0
        },
        "2006-03-08": {
            "cash": 2.33,
            "stock": 0.68
        },
        "2007-04-04": {
            "cash": 3.52,
            "stock": 0.59
        },
        "2008-04-29": {
            "cash": 4.21,
            "stock": 0.5
        },
        "2009-03-27": {
            "cash": 0,
            "stock": 0.5
        },
        "2010-03-30": {
            "cash": 0.5,
            "stock": 0
        },
        "2011-03-18": {
            "cash": 1.6,
            "stock": 0
        },
        "2012-06-12": {
            "cash": 0.5,
            "stock": 0
        },
        "2014-09-25": {
            "cash": 0.44,
            "stock": 0
        },
        "2015-08-25": {
            "cash": 1,
            "stock": 0
        },
        "2016-08-19": {
            "cash": 1,
            "stock": 0
        },
        "2017-08-30": {
            "cash": 0.46,
            "stock": 0
        },
        "2018-08-10": {
            "cash": 0.67,
            "stock": 0
        },
        "2019-08-02": {
            "cash": 0.8,
            "stock": 0
        },
        "2020-08-31": {
            "cash": 0.5,
            "stock": 0
        },
        "2021-08-31": {
            "cash": 1,
            "stock": 0
        },
        "2022-09-02": {
            "cash": 1.2,
            "stock": 0
        },
        "2023-08-17": {
            "cash": 1.7,
            "stock": 0
        }
    },
    "prices": {
        "200101": "無",
        "200102": "無",
        "200103": "無",
        "200104": "無",
        "200105": "無",
        "200106": "無",
        "200107": "無",
        "200108": "無",
        "200109": "無",
        "200110": "無",
        "200111": "無",
        "200112": "無",
        "200201": "無",
        "200202": "無",
        "200203": "無",
        "200204": "無",
        "200205": "無",
        "200206": "無",
        "200207": "無",
        "200208": "無",
        "200209": "無",
        "200210": "無",
        "200211": "無",
        "200212": "無",
        "200301": "無",
        "200302": "無",
        "200303": "無",
        "200304": "無",
        "200305": "無",
        "200306": "無",
        "200307": "無",
        "200308": "無",
        "200309": "20.50",
        "200310": "23.70",
        "200311": "27.28",
        "200312": "29.19",
        "200401": "31.73",
        "200402": "31.65",
        "200403": "31.31",
        "200404": "34.97",
        "200405": "33.76",
        "200406": "34.20",
        "200407": "24.27",
        "200408": "24.86",
        "200409": "27.04",
        "200410": "24.82",
        "200411": "25.14",
        "200412": "28.65",
        "200501": "30.03",
        "200502": "34.72",
        "200503": "48.04",
        "200504": "43.74",
        "200505": "46.08",
        "200506": "55.75",
        "200507": "67.75",
        "200508": "73.17",
        "200509": "68.09",
        "200510": "69.72",
        "200511": "68.50",
        "200512": "77.92",
        "200601": "80.40",
        "200602": "68.34",
        "200603": "64.22",
        "200604": "75.83",
        "200605": "67.64",
        "200606": "56.48",
        "200607": "59.70",
        "200608": "62.64",
        "200609": "64.79",
        "200610": "64.71",
        "200611": "62.46",
        "200612": "64.40",
        "200701": "66.85",
        "200702": "66.01",
        "200703": "62.39",
        "200704": "62.39",
        "200705": "57.63",
        "200706": "61.60",
        "200707": "70.95",
        "200708": "69.79",
        "200709": "65.84",
        "200710": "69.42",
        "200711": "63.35",
        "200712": "52.22",
        "200801": "43.90",
        "200802": "43.17",
        "200803": "46.12",
        "200804": "46.95",
        "200805": "47.34",
        "200806": "40.86",
        "200807": "34.93",
        "200808": "30.01",
        "200809": "23.09",
        "200810": "18.89",
        "200811": "12.94",
        "200812": "11.94",
        "200901": "12.31",
        "200902": "13.05",
        "200903": "15.80",
        "200904": "17.03",
        "200905": "17.26",
        "200906": "15.90",
        "200907": "16.42",
        "200908": "16.88",
        "200909": "19.73",
        "200910": "26.04",
        "200911": "28.56",
        "200912": "29.80",
        "201001": "29.88",
        "201002": "24.99",
        "201003": "26.43",
        "201004": "28.77",
        "201005": "26.22",
        "201006": "24.81",
        "201007": "25.21",
        "201008": "27.78",
        "201009": "28.71",
        "201010": "29.76",
        "201011": "28.35",
        "201012": "29.59",
        "201101": "29.78",
        "201102": "29.39",
        "201103": "35.43",
        "201104": "38.45",
        "201105": "36.58",
        "201106": "33.79",
        "201107": "32.27",
        "201108": "26.50",
        "201109": "23.10",
        "201110": "23.16",
        "201111": "20.88",
        "201112": "16.80",
        "201201": "17.23",
        "201202": "21.46",
        "201203": "23.12",
        "201204": "19.71",
        "201205": "17.49",
        "201206": "17.64",
        "201207": "17.29",
        "201208": "16.65",
        "201209": "18.69",
        "201210": "18.38",
        "201211": "16.20",
        "201212": "17.19",
        "201301": "16.89",
        "201302": "17.34",
        "201303": "17.59",
        "201304": "17.79",
        "201305": "19.22",
        "201306": "20.21",
        "201307": "23.50",
        "201308": "26.04",
        "201309": "26.22",
        "201310": "25.97",
        "201311": "32.54",
        "201312": "36.55",
        "201401": "39.31",
        "201402": "43.71",
        "201403": "44.80",
        "201404": "40.58",
        "201405": "39.46",
        "201406": "44.64",
        "201407": "52.64",
        "201408": "47.51",
        "201409": "45.05",
        "201410": "43.38",
        "201411": "41.03",
        "201412": "41.72",
        "201501": "39.20",
        "201502": "37.59",
        "201503": "37.63",
        "201504": "39.08",
        "201505": "37.15",
        "201506": "35.14",
        "201507": "32.13",
        "201508": "20.86",
        "201509": "22.46",
        "201510": "26.48",
        "201511": "23.32",
        "201512": "21.93",
        "201601": "20.04",
        "201602": "21.37",
        "201603": "21.54",
        "201604": "20.84",
        "201605": "19.88",
        "201606": "19.91",
        "201607": "21.53",
        "201608": "22.38",
        "201609": "22.22",
        "201610": "21.18",
        "201611": "20.61",
        "201612": "19.90",
        "201701": "20.37",
        "201702": "21.67",
        "201703": "21.04",
        "201704": "19.71",
        "201705": "19.74",
        "201706": "20.01",
        "201707": "24.68",
        "201708": "26.00",
        "201709": "27.48",
        "201710": "27.23",
        "201711": "27.94",
        "201712": "27.18",
        "201801": "28.39",
        "201802": "26.57",
        "201803": "27.78",
        "201804": "40.34",
        "201805": "44.48",
        "201806": "48.80",
        "201807": "41.62",
        "201808": "35.53",
        "201809": "34.60",
        "201810": "26.45",
        "201811": "28.83",
        "201812": "29.64",
        "201901": "28.44",
        "201902": "32.80",
        "201903": "32.85",
        "201904": "34.90",
        "201905": "30.13",
        "201906": "28.42",
        "201907": "29.62",
        "201908": "30.02",
        "201909": "32.04",
        "201910": "36.42",
        "201911": "35.71",
        "201912": "37.50",
        "202001": "36.94",
        "202002": "33.79",
        "202003": "25.04",
        "202004": "27.87",
        "202005": "30.88",
        "202006": "31.11",
        "202007": "33.39",
        "202008": "34.89",
        "202009": "37.68",
        "202010": "42.77",
        "202011": "52.00",
        "202012": "59.52",
        "202101": "75.64",
        "202102": "74.11",
        "202103": "77.47",
        "202104": "72.68",
        "202105": "57.23",
        "202106": "60.22",
        "202107": "70.16",
        "202108": "58.95",
        "202109": "55.93",
        "202110": "53.26",
        "202111": "60.44",
        "202112": "67.77",
        "202201": "68.05",
        "202202": "62.62",
        "202203": "58.41",
        "202204": "57.66",
        "202205": "52.33",
        "202206": "54.43",
        "202207": "47.21",
        "202208": "50.43",
        "202209": "49.17",
        "202210": "41.02",
        "202211": "47.86",
        "202212": "51.01",
        "202301": "51.27",
        "202302": "57.16",
        "202303": "57.48",
        "202304": "58.32",
        "202305": "55.85",
        "202306": "55.24",
        "202307": "54.20",
        "202308": "49.75",
        "202309": "60.66",
        "202310": "65.90",
        "202311": "78.25",
        "202312": "84.90"
    },
    "quarters": {
        "20011": {
            "year_quarter": 20011,
            "year": 2001,
            "quarter": 1,
            "eps": null,
            "eps_growth_year": null,
            "eps_4q": null,
            "eps_4q_growth_year": null,
            "roe": null,
            "roe_4q": 0,
            "gross_profit": null,
            "gross_margin": null,
            "gross_margin_4q_avg": 0,
            "net_income": null,
            "net_income_4q": null,
            "revenue": null,
            "revenue_4q": null,
            "common_shares": null,
            "book_valuer_per_share": null,
            "book_valuer_per_share_4q_avg": 0,
            "equity": null,
            "current_ratio": null,
            "debt_ratio": null,
            "inventory_turnover_ratio": null,
            "account_receivable_turnover_ratio": null,
            "reinvestment_rate": null,
            "research_to_sale_ratio": null,
            "price_fair": 0,
            "eps_avg_yearly": 0,
            "eps_latest_yearly": 0,
            "eps_growth_yearly": 0
        },
        "20012": {
            "year_quarter": 20012,
            "year": 2001,
            "quarter": 2,
            "eps": null,
            "eps_growth_year": null,
            "eps_4q": null,
            "eps_4q_growth_year": null,
            "roe": null,
            "roe_4q": 0,
            "gross_profit": null,
            "gross_margin": null,
            "gross_margin_4q_avg": 0,
            "net_income": null,
            "net_income_4q": null,
            "revenue": null,
            "revenue_4q": null,
            "common_shares": null,
            "book_valuer_per_share": null,
            "book_valuer_per_share_4q_avg": 0,
            "equity": null,
            "current_ratio": null,
            "debt_ratio": null,
            "inventory_turnover_ratio": null,
            "account_receivable_turnover_ratio": null,
            "reinvestment_rate": null,
            "research_to_sale_ratio": null,
            "price_fair": 0,
            "eps_avg_yearly": 0,
            "eps_latest_yearly": 0,
            "eps_growth_yearly": 0
        },
        "20013": {
            "year_quarter": 20013,
            "year": 2001,
            "quarter": 3,
            "eps": null,
            "eps_growth_year": null,
            "eps_4q": null,
            "eps_4q_growth_year": null,
            "roe": null,
            "roe_4q": 0,
            "gross_profit": null,
            "gross_margin": null,
            "gross_margin_4q_avg": 0,
            "net_income": null,
            "net_income_4q": null,
            "revenue": null,
            "revenue_4q": null,
            "common_shares": null,
            "book_valuer_per_share": null,
            "book_valuer_per_share_4q_avg": 0,
            "equity": null,
            "current_ratio": null,
            "debt_ratio": null,
            "inventory_turnover_ratio": null,
            "account_receivable_turnover_ratio": null,
            "reinvestment_rate": null,
            "research_to_sale_ratio": null,
            "price_fair": 0,
            "eps_avg_yearly": 0,
            "eps_latest_yearly": 0,
            "eps_growth_yearly": 0
        },
        "20014": {
            "year_quarter": 20014,
            "year": 2001,
            "quarter": 4,
            "eps": null,
            "eps_growth_year": null,
            "eps_4q": null,
            "eps_4q_growth_year": null,
            "roe": null,
            "roe_4q": 0,
            "gross_profit": null,
            "gross_margin": null,
            "gross_margin_4q_avg": 0,
            "net_income": null,
            "net_income_4q": null,
            "revenue": null,
            "revenue_4q": null,
            "common_shares": 478458,
            "book_valuer_per_share": 19.09,
            "book_valuer_per_share_4q_avg": 4.77,
            "equity": 913566,
            "current_ratio": 458.38,
            "debt_ratio": 16.55,
            "inventory_turnover_ratio": null,
            "account_receivable_turnover_ratio": null,
            "reinvestment_rate": null,
            "research_to_sale_ratio": null,
            "price_fair": 0,
            "eps_avg_yearly": 0,
            "eps_latest_yearly": 0,
            "eps_growth_yearly": 0
        },
        "20021": {
            "year_quarter": 20021,
            "year": 2002,
            "quarter": 1,
            "eps": null,
            "eps_growth_year": null,
            "eps_4q": null,
            "eps_4q_growth_year": null,
            "roe": null,
            "roe_4q": 0,
            "gross_profit": null,
            "gross_margin": null,
            "gross_margin_4q_avg": 0,
            "net_income": null,
            "net_income_4q": null,
            "revenue": null,
            "revenue_4q": null,
            "common_shares": null,
            "book_valuer_per_share": null,
            "book_valuer_per_share_4q_avg": 4.77,
            "equity": null,
            "current_ratio": null,
            "debt_ratio": null,
            "inventory_turnover_ratio": null,
            "account_receivable_turnover_ratio": null,
            "reinvestment_rate": null,
            "research_to_sale_ratio": null,
            "price_fair": 0,
            "eps_avg_yearly": 0,
            "eps_latest_yearly": 0,
            "eps_growth_yearly": 0
        },
        "20022": {
            "year_quarter": 20022,
            "year": 2002,
            "quarter": 2,
            "eps": null,
            "eps_growth_year": null,
            "eps_4q": null,
            "eps_4q_growth_year": null,
            "roe": null,
            "roe_4q": 0,
            "gross_profit": null,
            "gross_margin": null,
            "gross_margin_4q_avg": 0,
            "net_income": null,
            "net_income_4q": null,
            "revenue": null,
            "revenue_4q": null,
            "common_shares": null,
            "book_valuer_per_share": null,
            "book_valuer_per_share_4q_avg": 4.77,
            "equity": null,
            "current_ratio": null,
            "debt_ratio": null,
            "inventory_turnover_ratio": null,
            "account_receivable_turnover_ratio": null,
            "reinvestment_rate": null,
            "research_to_sale_ratio": null,
            "price_fair": 0,
            "eps_avg_yearly": 0,
            "eps_latest_yearly": 0,
            "eps_growth_yearly": 0
        },
        "20023": {
            "year_quarter": 20023,
            "year": 2002,
            "quarter": 3,
            "eps": null,
            "eps_growth_year": null,
            "eps_4q": null,
            "eps_4q_growth_year": null,
            "roe": null,
            "roe_4q": 0,
            "gross_profit": null,
            "gross_margin": null,
            "gross_margin_4q_avg": 0,
            "net_income": null,
            "net_income_4q": null,
            "revenue": null,
            "revenue_4q": null,
            "common_shares": null,
            "book_valuer_per_share": null,
            "book_valuer_per_share_4q_avg": 4.77,
            "equity": null,
            "current_ratio": null,
            "debt_ratio": null,
            "inventory_turnover_ratio": null,
            "account_receivable_turnover_ratio": null,
            "reinvestment_rate": null,
            "research_to_sale_ratio": null,
            "price_fair": 0,
            "eps_avg_yearly": 0,
            "eps_latest_yearly": 0,
            "eps_growth_yearly": 0
        },
        "20024": {
            "year_quarter": 20024,
            "year": 2002,
            "quarter": 4,
            "eps": null,
            "eps_growth_year": null,
            "eps_4q": null,
            "eps_4q_growth_year": null,
            "roe": null,
            "roe_4q": 0,
            "gross_profit": null,
            "gross_margin": null,
            "gross_margin_4q_avg": 0,
            "net_income": null,
            "net_income_4q": null,
            "revenue": null,
            "revenue_4q": null,
            "common_shares": 478458,
            "book_valuer_per_share": 20.06,
            "book_valuer_per_share_4q_avg": 5.02,
            "equity": 959716,
            "current_ratio": 316.79,
            "debt_ratio": 20.1,
            "inventory_turnover_ratio": null,
            "account_receivable_turnover_ratio": null,
            "reinvestment_rate": null,
            "research_to_sale_ratio": null,
            "price_fair": 0,
            "eps_avg_yearly": 0,
            "eps_latest_yearly": 0,
            "eps_growth_yearly": 0
        },
        "20031": {
            "year_quarter": 20031,
            "year": 2003,
            "quarter": 1,
            "eps": 0.25,
            "eps_growth_year": null,
            "eps_4q": null,
            "eps_4q_growth_year": null,
            "roe": 1.26,
            "roe_4q": 1.26,
            "gross_profit": 39237,
            "gross_margin": 23.06,
            "gross_margin_4q_avg": 5.77,
            "net_income": 12179,
            "net_income_4q": null,
            "revenue": 170144,
            "revenue_4q": null,
            "common_shares": 478458,
            "book_valuer_per_share": 20.31,
            "book_valuer_per_share_4q_avg": 10.09,
            "equity": 971914,
            "current_ratio": 394.23,
            "debt_ratio": 15.18,
            "inventory_turnover_ratio": 0.88,
            "account_receivable_turnover_ratio": null,
            "reinvestment_rate": null,
            "research_to_sale_ratio": null,
            "price_fair": 0,
            "eps_avg_yearly": 0,
            "eps_latest_yearly": 0,
            "eps_growth_yearly": 0
        },
        "20032": {
            "year_quarter": 20032,
            "year": 2003,
            "quarter": 2,
            "eps": 0.25,
            "eps_growth_year": null,
            "eps_4q": null,
            "eps_4q_growth_year": null,
            "roe": 1.24,
            "roe_4q": 2.5,
            "gross_profit": 44711,
            "gross_margin": 30,
            "gross_margin_4q_avg": 13.27,
            "net_income": 11840,
            "net_income_4q": null,
            "revenue": 149032,
            "revenue_4q": null,
            "common_shares": 478458,
            "book_valuer_per_share": 19.73,
            "book_valuer_per_share_4q_avg": 15.03,
            "equity": 943781,
            "current_ratio": 299.39,
            "debt_ratio": 19.48,
            "inventory_turnover_ratio": 0.83,
            "account_receivable_turnover_ratio": null,
            "reinvestment_rate": null,
            "research_to_sale_ratio": null,
            "price_fair": 10,
            "eps_avg_yearly": 1,
            "eps_latest_yearly": 1,
            "eps_growth_yearly": 0
        },
        "20033": {
            "year_quarter": 20033,
            "year": 2003,
            "quarter": 3,
            "eps": 0.91,
            "eps_growth_year": null,
            "eps_4q": null,
            "eps_4q_growth_year": null,
            "roe": 4.53,
            "roe_4q": 7.03,
            "gross_profit": 86119,
            "gross_margin": 36.26,
            "gross_margin_4q_avg": 22.33,
            "net_income": 43741,
            "net_income_4q": null,
            "revenue": 237521,
            "revenue_4q": null,
            "common_shares": 478458,
            "book_valuer_per_share": 20.63,
            "book_valuer_per_share_4q_avg": 20.18,
            "equity": 987026,
            "current_ratio": 288.38,
            "debt_ratio": 21.07,
            "inventory_turnover_ratio": 1.26,
            "account_receivable_turnover_ratio": null,
            "reinvestment_rate": null,
            "research_to_sale_ratio": null,
            "price_fair": 81.2,
            "eps_avg_yearly": 2.32,
            "eps_latest_yearly": 3.64,
            "eps_growth_yearly": 528
        },
        "20034": {
            "year_quarter": 20034,
            "year": 2003,
            "quarter": 4,
            "eps": 0.37,
            "eps_growth_year": null,
            "eps_4q": 1.8,
            "eps_4q_growth_year": null,
            "roe": 1.77,
            "roe_4q": 8.8,
            "gross_profit": 68875,
            "gross_margin": 32.29,
            "gross_margin_4q_avg": 30.4,
            "net_income": 17581,
            "net_income_4q": null,
            "revenue": 213315,
            "revenue_4q": null,
            "common_shares": 478458,
            "book_valuer_per_share": 20.97,
            "book_valuer_per_share_4q_avg": 20.41,
            "equity": 1003479,
            "current_ratio": 275.18,
            "debt_ratio": 21.41,
            "inventory_turnover_ratio": 1.05,
            "account_receivable_turnover_ratio": null,
            "reinvestment_rate": null,
            "research_to_sale_ratio": null,
            "price_fair": 71.4,
            "eps_avg_yearly": 2.04,
            "eps_latest_yearly": 1.48,
            "eps_growth_yearly": 272.88
        },
        "20041": {
            "year_quarter": 20041,
            "year": 2004,
            "quarter": 1,
            "eps": 0.77,
            "eps_growth_year": 208,
            "eps_4q": 2.29,
            "eps_4q_growth_year": null,
            "roe": 3.63,
            "roe_4q": 11.17,
            "gross_profit": 73323,
            "gross_margin": 38.39,
            "gross_margin_4q_avg": 34.24,
            "net_income": 37045,
            "net_income_4q": null,
            "revenue": 191007,
            "revenue_4q": null,
            "common_shares": 478458,
            "book_valuer_per_share": 21.7,
            "book_valuer_per_share_4q_avg": 20.76,
            "equity": 1038470,
            "current_ratio": 333.65,
            "debt_ratio": 17.14,
            "inventory_turnover_ratio": 0.76,
            "account_receivable_turnover_ratio": null,
            "reinvestment_rate": null,
            "research_to_sale_ratio": null,
            "price_fair": 80.5,
            "eps_avg_yearly": 2.3,
            "eps_latest_yearly": 3.08,
            "eps_growth_yearly": 312.77
        },
        "20042": {
            "year_quarter": 20042,
            "year": 2004,
            "quarter": 2,
            "eps": 0.98,
            "eps_growth_year": 292,
            "eps_4q": 3.03,
            "eps_4q_growth_year": null,
            "roe": 4.15,
            "roe_4q": 14.080000000000002,
            "gross_profit": 76504,
            "gross_margin": 36.84,
            "gross_margin_4q_avg": 35.95,
            "net_income": 47101,
            "net_income_4q": null,
            "revenue": 207681,
            "revenue_4q": null,
            "common_shares": 535868,
            "book_valuer_per_share": 23.02,
            "book_valuer_per_share_4q_avg": 21.58,
            "equity": 1233729,
            "current_ratio": 364.22,
            "debt_ratio": 17.27,
            "inventory_turnover_ratio": 0.88,
            "account_receivable_turnover_ratio": null,
            "reinvestment_rate": null,
            "research_to_sale_ratio": null,
            "price_fair": 91.84,
            "eps_avg_yearly": 2.62,
            "eps_latest_yearly": 3.92,
            "eps_growth_yearly": 272.03
        },
        "20043": {
            "year_quarter": 20043,
            "year": 2004,
            "quarter": 3,
            "eps": 1,
            "eps_growth_year": 9.89,
            "eps_4q": 3.04,
            "eps_4q_growth_year": null,
            "roe": 4.04,
            "roe_4q": 13.59,
            "gross_profit": 108956,
            "gross_margin": 43.68,
            "gross_margin_4q_avg": 37.8,
            "net_income": 49858,
            "net_income_4q": null,
            "revenue": 249461,
            "revenue_4q": null,
            "common_shares": 535868,
            "book_valuer_per_share": 23,
            "book_valuer_per_share_4q_avg": 22.17,
            "equity": 1232320,
            "current_ratio": 396.68,
            "debt_ratio": 15.34,
            "inventory_turnover_ratio": 0.91,
            "account_receivable_turnover_ratio": null,
            "reinvestment_rate": null,
            "research_to_sale_ratio": null,
            "price_fair": 99.87,
            "eps_avg_yearly": 2.85,
            "eps_latest_yearly": 4,
            "eps_growth_yearly": 228.05
        },
        "20044": {
            "year_quarter": 20044,
            "year": 2004,
            "quarter": 4,
            "eps": 0.57,
            "eps_growth_year": 54.05,
            "eps_4q": 3.24,
            "eps_4q_growth_year": 80.18,
            "roe": 2.19,
            "roe_4q": 14.010000000000002,
            "gross_profit": 81764,
            "gross_margin": 32.18,
            "gross_margin_4q_avg": 37.77,
            "net_income": 28649,
            "net_income_4q": null,
            "revenue": 254114,
            "revenue_4q": null,
            "common_shares": 564868,
            "book_valuer_per_share": 24.54,
            "book_valuer_per_share_4q_avg": 23.07,
            "equity": 1385960,
            "current_ratio": 291.35,
            "debt_ratio": 25.2,
            "inventory_turnover_ratio": 0.9,
            "account_receivable_turnover_ratio": null,
            "reinvestment_rate": null,
            "research_to_sale_ratio": null,
            "price_fair": 97,
            "eps_avg_yearly": 2.77,
            "eps_latest_yearly": 2.28,
            "eps_growth_yearly": 170.9
        },
        "20051": {
            "year_quarter": 20051,
            "year": 2005,
            "quarter": 1,
            "eps": 0.02,
            "eps_growth_year": -97.4,
            "eps_4q": 2.67,
            "eps_4q_growth_year": 16.43,
            "roe": 0.07,
            "roe_4q": 10.45,
            "gross_profit": 112792,
            "gross_margin": 34.65,
            "gross_margin_4q_avg": 36.84,
            "net_income": 949,
            "net_income_4q": null,
            "revenue": 325504,
            "revenue_4q": null,
            "common_shares": 564868,
            "book_valuer_per_share": 24.58,
            "book_valuer_per_share_4q_avg": 23.79,
            "equity": 1388412,
            "current_ratio": 292.64,
            "debt_ratio": 24.76,
            "inventory_turnover_ratio": 1.13,
            "account_receivable_turnover_ratio": null,
            "reinvestment_rate": null,
            "research_to_sale_ratio": null,
            "price_fair": 85.23,
            "eps_avg_yearly": 2.44,
            "eps_latest_yearly": 0.08,
            "eps_growth_yearly": 101.29
        },
        "20052": {
            "year_quarter": 20052,
            "year": 2005,
            "quarter": 2,
            "eps": 1.42,
            "eps_growth_year": 44.9,
            "eps_4q": 2.86,
            "eps_4q_growth_year": -5.5,
            "roe": 5.67,
            "roe_4q": 11.969999999999999,
            "gross_profit": 127119,
            "gross_margin": 35.57,
            "gross_margin_4q_avg": 36.52,
            "net_income": 78334,
            "net_income_4q": null,
            "revenue": 357401,
            "revenue_4q": null,
            "common_shares": 564868,
            "book_valuer_per_share": 24.36,
            "book_valuer_per_share_4q_avg": 24.12,
            "equity": 1376029,
            "current_ratio": 232.24,
            "debt_ratio": 29.06,
            "inventory_turnover_ratio": 1.57,
            "account_receivable_turnover_ratio": null,
            "reinvestment_rate": null,
            "research_to_sale_ratio": null,
            "price_fair": 97.84,
            "eps_avg_yearly": 2.8,
            "eps_latest_yearly": 5.68,
            "eps_growth_yearly": 3201.15
        },
        "20053": {
            "year_quarter": 20053,
            "year": 2005,
            "quarter": 3,
            "eps": 1.56,
            "eps_growth_year": 56,
            "eps_4q": 3.5,
            "eps_4q_growth_year": 15.08,
            "roe": 6.11,
            "roe_4q": 14.040000000000001,
            "gross_profit": 140826,
            "gross_margin": 36.77,
            "gross_margin_4q_avg": 34.79,
            "net_income": 86848,
            "net_income_4q": null,
            "revenue": 382971,
            "revenue_4q": null,
            "common_shares": 564868,
            "book_valuer_per_share": 25.97,
            "book_valuer_per_share_4q_avg": 24.86,
            "equity": 1466752,
            "current_ratio": 230.34,
            "debt_ratio": 28.74,
            "inventory_turnover_ratio": 1.79,
            "account_receivable_turnover_ratio": null,
            "reinvestment_rate": null,
            "research_to_sale_ratio": null,
            "price_fair": 109.9,
            "eps_avg_yearly": 3.14,
            "eps_latest_yearly": 6.24,
            "eps_growth_yearly": 2884.98
        },
        "20054": {
            "year_quarter": 20054,
            "year": 2005,
            "quarter": 4,
            "eps": 1.64,
            "eps_growth_year": 187.72,
            "eps_4q": 4.61,
            "eps_4q_growth_year": 42.38,
            "roe": 6.06,
            "roe_4q": 17.91,
            "gross_profit": 139885,
            "gross_margin": 36.79,
            "gross_margin_4q_avg": 35.95,
            "net_income": 91812,
            "net_income_4q": null,
            "revenue": 380188,
            "revenue_4q": null,
            "common_shares": 564868,
            "book_valuer_per_share": 27.65,
            "book_valuer_per_share_4q_avg": 25.64,
            "equity": 1563632,
            "current_ratio": 235.13,
            "debt_ratio": 25.65,
            "inventory_turnover_ratio": 1.48,
            "account_receivable_turnover_ratio": null,
            "reinvestment_rate": null,
            "research_to_sale_ratio": null,
            "price_fair": 120.78,
            "eps_avg_yearly": 3.45,
            "eps_latest_yearly": 6.56,
            "eps_growth_yearly": 2624.57
        },
        "20061": {
            "year_quarter": 20061,
            "year": 2006,
            "quarter": 1,
            "eps": 1.45,
            "eps_growth_year": 7150,
            "eps_4q": 5.85,
            "eps_4q_growth_year": 119.46,
            "roe": 4.92,
            "roe_4q": 22.759999999999998,
            "gross_profit": 147941,
            "gross_margin": 44.28,
            "gross_margin_4q_avg": 38.35,
            "net_income": 84624,
            "net_income_4q": null,
            "revenue": 334115,
            "revenue_4q": null,
            "common_shares": 605868,
            "book_valuer_per_share": 30.93,
            "book_valuer_per_share_4q_avg": 27.23,
            "equity": 1874157,
            "current_ratio": 402.67,
            "debt_ratio": 21.03,
            "inventory_turnover_ratio": 1.07,
            "account_receivable_turnover_ratio": null,
            "reinvestment_rate": null,
            "research_to_sale_ratio": null,
            "price_fair": 127.63,
            "eps_avg_yearly": 3.65,
            "eps_latest_yearly": 5.8,
            "eps_growth_yearly": 2402
        },
        "20062": {
            "year_quarter": 20062,
            "year": 2006,
            "quarter": 2,
            "eps": 1.37,
            "eps_growth_year": -3.52,
            "eps_4q": 5.8,
            "eps_4q_growth_year": 102.74,
            "roe": 4.45,
            "roe_4q": 21.54,
            "gross_profit": 134910,
            "gross_margin": 36.22,
            "gross_margin_4q_avg": 38.52,
            "net_income": 81442,
            "net_income_4q": null,
            "revenue": 372519,
            "revenue_4q": null,
            "common_shares": 605868,
            "book_valuer_per_share": 29.52,
            "book_valuer_per_share_4q_avg": 28.52,
            "equity": 1788735,
            "current_ratio": 251.41,
            "debt_ratio": 28.73,
            "inventory_turnover_ratio": 1.48,
            "account_receivable_turnover_ratio": null,
            "reinvestment_rate": null,
            "research_to_sale_ratio": null,
            "price_fair": 132.57,
            "eps_avg_yearly": 3.79,
            "eps_latest_yearly": 5.48,
            "eps_growth_yearly": 2215.53
        },
        "20063": {
            "year_quarter": 20063,
            "year": 2006,
            "quarter": 3,
            "eps": 1.46,
            "eps_growth_year": -6.41,
            "eps_4q": 5.41,
            "eps_4q_growth_year": 54.56,
            "roe": 5.13,
            "roe_4q": 20.56,
            "gross_profit": 163954,
            "gross_margin": 37.39,
            "gross_margin_4q_avg": 38.67,
            "net_income": 95375,
            "net_income_4q": null,
            "revenue": 438502,
            "revenue_4q": null,
            "common_shares": 652579,
            "book_valuer_per_share": 29.58,
            "book_valuer_per_share_4q_avg": 29.42,
            "equity": 1930161,
            "current_ratio": 291.76,
            "debt_ratio": 24.96,
            "inventory_turnover_ratio": 1.66,
            "account_receivable_turnover_ratio": null,
            "reinvestment_rate": null,
            "research_to_sale_ratio": null,
            "price_fair": 137.7,
            "eps_avg_yearly": 3.93,
            "eps_latest_yearly": 5.84,
            "eps_growth_yearly": 2059.16
        },
        "20064": {
            "year_quarter": 20064,
            "year": 2006,
            "quarter": 4,
            "eps": 1.53,
            "eps_growth_year": -6.71,
            "eps_4q": 5.5,
            "eps_4q_growth_year": 19.36,
            "roe": 4.89,
            "roe_4q": 19.39,
            "gross_profit": 167659,
            "gross_margin": 36.75,
            "gross_margin_4q_avg": 38.66,
            "net_income": 100773,
            "net_income_4q": null,
            "revenue": 456183,
            "revenue_4q": null,
            "common_shares": 671641,
            "book_valuer_per_share": 30.25,
            "book_valuer_per_share_4q_avg": 30.07,
            "equity": 2193927,
            "current_ratio": 372.41,
            "debt_ratio": 21.88,
            "inventory_turnover_ratio": 1.44,
            "account_receivable_turnover_ratio": null,
            "reinvestment_rate": 61.77,
            "research_to_sale_ratio": null,
            "price_fair": 142.8,
            "eps_avg_yearly": 4.08,
            "eps_latest_yearly": 6.12,
            "eps_growth_yearly": 1923.16
        },
        "20071": {
            "year_quarter": 20071,
            "year": 2007,
            "quarter": 1,
            "eps": 0.78,
            "eps_growth_year": -46.21,
            "eps_4q": 4.89,
            "eps_4q_growth_year": -16.38,
            "roe": 2.45,
            "roe_4q": 16.919999999999998,
            "gross_profit": 98173,
            "gross_margin": 31.48,
            "gross_margin_4q_avg": 35.46,
            "net_income": 52624,
            "net_income_4q": null,
            "revenue": 311812,
            "revenue_4q": null,
            "common_shares": 671641,
            "book_valuer_per_share": 31.41,
            "book_valuer_per_share_4q_avg": 30.19,
            "equity": 2109453,
            "current_ratio": 384.89,
            "debt_ratio": 19.61,
            "inventory_turnover_ratio": 1.07,
            "account_receivable_turnover_ratio": null,
            "reinvestment_rate": 41.15,
            "research_to_sale_ratio": null,
            "price_fair": 140.7,
            "eps_avg_yearly": 4.02,
            "eps_latest_yearly": 3.12,
            "eps_growth_yearly": 1790.7
        },
        "20072": {
            "year_quarter": 20072,
            "year": 2007,
            "quarter": 2,
            "eps": 1.31,
            "eps_growth_year": -4.38,
            "eps_4q": 4.96,
            "eps_4q_growth_year": -14.46,
            "roe": 4.41,
            "roe_4q": 16.88,
            "gross_profit": 140729,
            "gross_margin": 33.49,
            "gross_margin_4q_avg": 34.78,
            "net_income": 89283,
            "net_income_4q": null,
            "revenue": 420174,
            "revenue_4q": null,
            "common_shares": 679511,
            "book_valuer_per_share": 28.51,
            "book_valuer_per_share_4q_avg": 29.94,
            "equity": 1937282,
            "current_ratio": 241.51,
            "debt_ratio": 28.56,
            "inventory_turnover_ratio": 1.8,
            "account_receivable_turnover_ratio": null,
            "reinvestment_rate": 36.38,
            "research_to_sale_ratio": null,
            "price_fair": 149.98,
            "eps_avg_yearly": 4.29,
            "eps_latest_yearly": 5.24,
            "eps_growth_yearly": 1807.69
        },
        "20073": {
            "year_quarter": 20073,
            "year": 2007,
            "quarter": 3,
            "eps": 2.03,
            "eps_growth_year": 39.04,
            "eps_4q": 5.33,
            "eps_4q_growth_year": -1.5,
            "roe": 7.34,
            "roe_4q": 19.09,
            "gross_profit": 227881,
            "gross_margin": 40.31,
            "gross_margin_4q_avg": 35.51,
            "net_income": 149440,
            "net_income_4q": null,
            "revenue": 565300,
            "revenue_4q": null,
            "common_shares": 735491,
            "book_valuer_per_share": 29.04,
            "book_valuer_per_share_4q_avg": 29.8,
            "equity": 2135525,
            "current_ratio": 223.88,
            "debt_ratio": 30.32,
            "inventory_turnover_ratio": 2.12,
            "account_receivable_turnover_ratio": null,
            "reinvestment_rate": 32.91,
            "research_to_sale_ratio": null,
            "price_fair": 159.78,
            "eps_avg_yearly": 4.57,
            "eps_latest_yearly": 8.12,
            "eps_growth_yearly": 1755.43
        },
        "20074": {
            "year_quarter": 20074,
            "year": 2007,
            "quarter": 4,
            "eps": 2.47,
            "eps_growth_year": 61.44,
            "eps_4q": 6.34,
            "eps_4q_growth_year": 15.3,
            "roe": 6.53,
            "roe_4q": 20.73,
            "gross_profit": 224733,
            "gross_margin": 42.84,
            "gross_margin_4q_avg": 37.03,
            "net_income": 185909,
            "net_income_4q": null,
            "revenue": 524644,
            "revenue_4q": null,
            "common_shares": 948502,
            "book_valuer_per_share": 34.8,
            "book_valuer_per_share_4q_avg": 30.94,
            "equity": 3560735,
            "current_ratio": 478.49,
            "debt_ratio": 17,
            "inventory_turnover_ratio": 1.14,
            "account_receivable_turnover_ratio": null,
            "reinvestment_rate": 56.21,
            "research_to_sale_ratio": null,
            "price_fair": 178.15,
            "eps_avg_yearly": 5.09,
            "eps_latest_yearly": 9.88,
            "eps_growth_yearly": 1775.69
        },
        "20081": {
            "year_quarter": 20081,
            "year": 2008,
            "quarter": 1,
            "eps": 0.23,
            "eps_growth_year": -70.51,
            "eps_4q": 6.44,
            "eps_4q_growth_year": 31.59,
            "roe": 0.46,
            "roe_4q": 18.740000000000002,
            "gross_profit": 155340,
            "gross_margin": 38.12,
            "gross_margin_4q_avg": 38.69,
            "net_income": 15952,
            "net_income_4q": null,
            "revenue": 407501,
            "revenue_4q": null,
            "common_shares": 950631,
            "book_valuer_per_share": 33.1,
            "book_valuer_per_share_4q_avg": 31.36,
            "equity": 3397887,
            "current_ratio": 471.58,
            "debt_ratio": 14.38,
            "inventory_turnover_ratio": 0.67,
            "account_receivable_turnover_ratio": null,
            "reinvestment_rate": 56.7,
            "research_to_sale_ratio": null,
            "price_fair": 173.43,
            "eps_avg_yearly": 4.96,
            "eps_latest_yearly": 0.92,
            "eps_growth_yearly": 1725.99
        },
        "20082": {
            "year_quarter": 20082,
            "year": 2008,
            "quarter": 2,
            "eps": 0.47,
            "eps_growth_year": -64.12,
            "eps_4q": 4.5,
            "eps_4q_growth_year": -9.27,
            "roe": 1.33,
            "roe_4q": 15.66,
            "gross_profit": 166912,
            "gross_margin": 37.01,
            "gross_margin_4q_avg": 39.57,
            "net_income": 41892,
            "net_income_4q": null,
            "revenue": 450951,
            "revenue_4q": null,
            "common_shares": 951522,
            "book_valuer_per_share": 28.02,
            "book_valuer_per_share_4q_avg": 31.24,
            "equity": 2916206,
            "current_ratio": 258.36,
            "debt_ratio": 26.08,
            "inventory_turnover_ratio": 0.69,
            "account_receivable_turnover_ratio": null,
            "reinvestment_rate": 58.51,
            "research_to_sale_ratio": null,
            "price_fair": 168.96,
            "eps_avg_yearly": 4.83,
            "eps_latest_yearly": 1.88,
            "eps_growth_yearly": 1745.26
        },
        "20083": {
            "year_quarter": 20083,
            "year": 2008,
            "quarter": 3,
            "eps": 0.35,
            "eps_growth_year": -82.76,
            "eps_4q": 3.04,
            "eps_4q_growth_year": -42.84,
            "roe": 1.1,
            "roe_4q": 9.42,
            "gross_profit": 144412,
            "gross_margin": 32.42,
            "gross_margin_4q_avg": 37.6,
            "net_income": 32921,
            "net_income_4q": null,
            "revenue": 445453,
            "revenue_4q": null,
            "common_shares": 1015520,
            "book_valuer_per_share": 26.48,
            "book_valuer_per_share_4q_avg": 30.6,
            "equity": 3085493,
            "current_ratio": 370.59,
            "debt_ratio": 17.63,
            "inventory_turnover_ratio": 0.72,
            "account_receivable_turnover_ratio": null,
            "reinvestment_rate": 59.42,
            "research_to_sale_ratio": null,
            "price_fair": 163.28,
            "eps_avg_yearly": 4.67,
            "eps_latest_yearly": 1.4,
            "eps_growth_yearly": 1738.36
        },
        "20084": {
            "year_quarter": 20084,
            "year": 2008,
            "quarter": 4,
            "eps": -0.57,
            "eps_growth_year": -123.08,
            "eps_4q": 0.45,
            "eps_4q_growth_year": -92.93,
            "roe": -4.57,
            "roe_4q": -1.6800000000000002,
            "gross_profit": -25254,
            "gross_margin": -7.71,
            "gross_margin_4q_avg": 24.96,
            "net_income": -136871,
            "net_income_4q": null,
            "revenue": 327694,
            "revenue_4q": null,
            "common_shares": 982590,
            "book_valuer_per_share": 26.22,
            "book_valuer_per_share_4q_avg": 28.46,
            "equity": 2902179,
            "current_ratio": 364.5,
            "debt_ratio": 16.06,
            "inventory_turnover_ratio": 1.02,
            "account_receivable_turnover_ratio": 1.85,
            "reinvestment_rate": 53.2,
            "research_to_sale_ratio": null,
            "price_fair": 168.84,
            "eps_avg_yearly": 4.82,
            "eps_latest_yearly": 1.4,
            "eps_growth_yearly": 1865.72
        },
        "20091": {
            "year_quarter": 20091,
            "year": 2009,
            "quarter": 1,
            "eps": -0.45,
            "eps_growth_year": -295.65,
            "eps_4q": -0.2,
            "eps_4q_growth_year": -103.18,
            "roe": -1.18,
            "roe_4q": -3.3200000000000003,
            "gross_profit": 37345,
            "gross_margin": 14.55,
            "gross_margin_4q_avg": 19.07,
            "net_income": -34487,
            "net_income_4q": null,
            "revenue": 256664,
            "revenue_4q": null,
            "common_shares": 982590,
            "book_valuer_per_share": 26.44,
            "book_valuer_per_share_4q_avg": 26.79,
            "equity": 2937671,
            "current_ratio": 491.69,
            "debt_ratio": 11.92,
            "inventory_turnover_ratio": 0.88,
            "account_receivable_turnover_ratio": 0.8,
            "reinvestment_rate": 61.83,
            "research_to_sale_ratio": null,
            "price_fair": 180.7,
            "eps_avg_yearly": 5.16,
            "eps_latest_yearly": 1.4,
            "eps_growth_yearly": 2026.55
        },
        "20092": {
            "year_quarter": 20092,
            "year": 2009,
            "quarter": 2,
            "eps": -0.14,
            "eps_growth_year": -129.79,
            "eps_4q": -0.78,
            "eps_4q_growth_year": -117.33,
            "roe": -0.35,
            "roe_4q": -5,
            "gross_profit": 86681,
            "gross_margin": 22.22,
            "gross_margin_4q_avg": 15.37,
            "net_income": -10248,
            "net_income_4q": null,
            "revenue": 390160,
            "revenue_4q": null,
            "common_shares": 982590,
            "book_valuer_per_share": 26.86,
            "book_valuer_per_share_4q_avg": 26.5,
            "equity": 2977290,
            "current_ratio": 465.49,
            "debt_ratio": 12.62,
            "inventory_turnover_ratio": 1.43,
            "account_receivable_turnover_ratio": 1.04,
            "reinvestment_rate": 65.27,
            "research_to_sale_ratio": null,
            "price_fair": 179.31,
            "eps_avg_yearly": 5.12,
            "eps_latest_yearly": 1.4,
            "eps_growth_yearly": 28.6
        },
        "20093": {
            "year_quarter": 20093,
            "year": 2009,
            "quarter": 3,
            "eps": 0.67,
            "eps_growth_year": 91.43,
            "eps_4q": -0.34,
            "eps_4q_growth_year": -111.28,
            "roe": 2.83,
            "roe_4q": -3.2700000000000005,
            "gross_profit": 158778,
            "gross_margin": 33.15,
            "gross_margin_4q_avg": 15.55,
            "net_income": 87814,
            "net_income_4q": null,
            "revenue": 478925,
            "revenue_4q": null,
            "common_shares": 1029897,
            "book_valuer_per_share": 27.73,
            "book_valuer_per_share_4q_avg": 26.81,
            "equity": 3231335,
            "current_ratio": 378.18,
            "debt_ratio": 16.21,
            "inventory_turnover_ratio": 1.4,
            "account_receivable_turnover_ratio": 0.97,
            "reinvestment_rate": 67.82,
            "research_to_sale_ratio": null,
            "price_fair": 176.05,
            "eps_avg_yearly": 5.03,
            "eps_latest_yearly": 1.4,
            "eps_growth_yearly": 27.69
        },
        "20094": {
            "year_quarter": 20094,
            "year": 2009,
            "quarter": 4,
            "eps": 0.46,
            "eps_growth_year": null,
            "eps_4q": 0.56,
            "eps_4q_growth_year": 25.96,
            "roe": 1.3,
            "roe_4q": 2.5999999999999996,
            "gross_profit": 116708,
            "gross_margin": 24.03,
            "gross_margin_4q_avg": 23.49,
            "net_income": 43222,
            "net_income_4q": null,
            "revenue": 485633,
            "revenue_4q": null,
            "common_shares": 1029897,
            "book_valuer_per_share": 29.66,
            "book_valuer_per_share_4q_avg": 27.67,
            "equity": 3431849,
            "current_ratio": 368.59,
            "debt_ratio": 16.26,
            "inventory_turnover_ratio": 1.32,
            "account_receivable_turnover_ratio": 1.78,
            "reinvestment_rate": 87.27,
            "research_to_sale_ratio": null,
            "price_fair": 118.41,
            "eps_avg_yearly": 4.64,
            "eps_latest_yearly": 1.84,
            "eps_growth_yearly": 15.54
        },
        "20101": {
            "year_quarter": 20101,
            "year": 2010,
            "quarter": 1,
            "eps": 0.25,
            "eps_growth_year": null,
            "eps_4q": 1.25,
            "eps_4q_growth_year": null,
            "roe": 0.93,
            "roe_4q": 4.710000000000001,
            "gross_profit": 125512,
            "gross_margin": 27.63,
            "gross_margin_4q_avg": 26.76,
            "net_income": 31848,
            "net_income_4q": null,
            "revenue": 454279,
            "revenue_4q": null,
            "common_shares": 1029897,
            "book_valuer_per_share": 29.44,
            "book_valuer_per_share_4q_avg": 28.42,
            "equity": 3416135,
            "current_ratio": 378.88,
            "debt_ratio": 15.14,
            "inventory_turnover_ratio": 1.06,
            "account_receivable_turnover_ratio": 0.83,
            "reinvestment_rate": 103.01,
            "research_to_sale_ratio": 13.47,
            "price_fair": 60.08,
            "eps_avg_yearly": 4.24,
            "eps_latest_yearly": 1,
            "eps_growth_yearly": 4.18
        },
        "20102": {
            "year_quarter": 20102,
            "year": 2010,
            "quarter": 2,
            "eps": 0.69,
            "eps_growth_year": null,
            "eps_4q": 2.07,
            "eps_4q_growth_year": null,
            "roe": 2.66,
            "roe_4q": 7.720000000000001,
            "gross_profit": 181576,
            "gross_margin": 31.67,
            "gross_margin_4q_avg": 29.12,
            "net_income": 90857,
            "net_income_4q": null,
            "revenue": 573268,
            "revenue_4q": null,
            "common_shares": 1029897,
            "book_valuer_per_share": 29.13,
            "book_valuer_per_share_4q_avg": 28.99,
            "equity": 3409494,
            "current_ratio": 274.93,
            "debt_ratio": 20.87,
            "inventory_turnover_ratio": 1.01,
            "account_receivable_turnover_ratio": 0.97,
            "reinvestment_rate": 109.87,
            "research_to_sale_ratio": 11.68,
            "price_fair": 140.35,
            "eps_avg_yearly": 4.01,
            "eps_latest_yearly": 2.76,
            "eps_growth_yearly": 64.69
        },
        "20103": {
            "year_quarter": 20103,
            "year": 2010,
            "quarter": 3,
            "eps": 0.76,
            "eps_growth_year": 13.94,
            "eps_4q": 2.17,
            "eps_4q_growth_year": null,
            "roe": 2.19,
            "roe_4q": 7.079999999999999,
            "gross_profit": 168239,
            "gross_margin": 29.82,
            "gross_margin_4q_avg": 28.29,
            "net_income": 74863,
            "net_income_4q": null,
            "revenue": 564134,
            "revenue_4q": null,
            "common_shares": 1029897,
            "book_valuer_per_share": 29.47,
            "book_valuer_per_share_4q_avg": 29.43,
            "equity": 3441322,
            "current_ratio": 251.06,
            "debt_ratio": 21.05,
            "inventory_turnover_ratio": 0.82,
            "account_receivable_turnover_ratio": 0.94,
            "reinvestment_rate": 142.75,
            "research_to_sale_ratio": 13.76,
            "price_fair": 132.18,
            "eps_avg_yearly": 3.78,
            "eps_latest_yearly": 3.04,
            "eps_growth_yearly": 65.88
        },
        "20104": {
            "year_quarter": 20104,
            "year": 2010,
            "quarter": 4,
            "eps": 0.14,
            "eps_growth_year": -69.57,
            "eps_4q": 1.85,
            "eps_4q_growth_year": 227.3,
            "roe": 0.37,
            "roe_4q": 6.15,
            "gross_profit": 147986,
            "gross_margin": 24.41,
            "gross_margin_4q_avg": 28.38,
            "net_income": 12434,
            "net_income_4q": null,
            "revenue": 606258,
            "revenue_4q": null,
            "common_shares": 1029897,
            "book_valuer_per_share": 28.45,
            "book_valuer_per_share_4q_avg": 29.12,
            "equity": 3328334,
            "current_ratio": 231.69,
            "debt_ratio": 22.12,
            "inventory_turnover_ratio": 0.88,
            "account_receivable_turnover_ratio": 1.05,
            "reinvestment_rate": 144.7,
            "research_to_sale_ratio": 12.36,
            "price_fair": 115.97,
            "eps_avg_yearly": 3.31,
            "eps_latest_yearly": 0.56,
            "eps_growth_yearly": 37.09
        },
        "20111": {
            "year_quarter": 20111,
            "year": 2011,
            "quarter": 1,
            "eps": 0.33,
            "eps_growth_year": 32,
            "eps_4q": 1.92,
            "eps_4q_growth_year": 54.15,
            "roe": 1.71,
            "roe_4q": 6.93,
            "gross_profit": 157322,
            "gross_margin": 25.04,
            "gross_margin_4q_avg": 27.74,
            "net_income": 57320,
            "net_income_4q": null,
            "revenue": 628176,
            "revenue_4q": null,
            "common_shares": 1029897,
            "book_valuer_per_share": 28.82,
            "book_valuer_per_share_4q_avg": 28.97,
            "equity": 3392494,
            "current_ratio": 209.97,
            "debt_ratio": 24.74,
            "inventory_turnover_ratio": 0.85,
            "account_receivable_turnover_ratio": 0.95,
            "reinvestment_rate": 186.74,
            "research_to_sale_ratio": 9.27,
            "price_fair": 110.72,
            "eps_avg_yearly": 3.16,
            "eps_latest_yearly": 1.32,
            "eps_growth_yearly": 98.67
        },
        "20112": {
            "year_quarter": 20112,
            "year": 2011,
            "quarter": 2,
            "eps": 0.31,
            "eps_growth_year": -54.69,
            "eps_4q": 1.55,
            "eps_4q_growth_year": -25.27,
            "roe": 1.54,
            "roe_4q": 5.8100000000000005,
            "gross_profit": 215102,
            "gross_margin": 26.68,
            "gross_margin_4q_avg": 26.49,
            "net_income": 51219,
            "net_income_4q": null,
            "revenue": 806124,
            "revenue_4q": null,
            "common_shares": 993447,
            "book_valuer_per_share": 27.37,
            "book_valuer_per_share_4q_avg": 28.53,
            "equity": 3265718,
            "current_ratio": 168.37,
            "debt_ratio": 34.93,
            "inventory_turnover_ratio": 0.99,
            "account_receivable_turnover_ratio": 0.96,
            "reinvestment_rate": 233.09,
            "research_to_sale_ratio": 10.59,
            "price_fair": 99.05,
            "eps_avg_yearly": 2.83,
            "eps_latest_yearly": 1.24,
            "eps_growth_yearly": 74
        },
        "20113": {
            "year_quarter": 20113,
            "year": 2011,
            "quarter": 3,
            "eps": 0.33,
            "eps_growth_year": -56.59,
            "eps_4q": 1.11,
            "eps_4q_growth_year": -48.54,
            "roe": 1.27,
            "roe_4q": 4.89,
            "gross_profit": 188192,
            "gross_margin": 21.87,
            "gross_margin_4q_avg": 24.5,
            "net_income": 42216,
            "net_income_4q": null,
            "revenue": 860613,
            "revenue_4q": null,
            "common_shares": 993447,
            "book_valuer_per_share": 28.18,
            "book_valuer_per_share_4q_avg": 28.21,
            "equity": 3381318,
            "current_ratio": 149.84,
            "debt_ratio": 38.03,
            "inventory_turnover_ratio": 0.96,
            "account_receivable_turnover_ratio": 0.85,
            "reinvestment_rate": 350.59,
            "research_to_sale_ratio": 10.02,
            "price_fair": 79.22,
            "eps_avg_yearly": 2.26,
            "eps_latest_yearly": 1.32,
            "eps_growth_yearly": 57.83
        },
        "20114": {
            "year_quarter": 20114,
            "year": 2011,
            "quarter": 4,
            "eps": -0.29,
            "eps_growth_year": -305.41,
            "eps_4q": 0.69,
            "eps_4q_growth_year": -62.59,
            "roe": -0.83,
            "roe_4q": 3.69,
            "gross_profit": 202698,
            "gross_margin": 26.46,
            "gross_margin_4q_avg": 25.01,
            "net_income": -27944,
            "net_income_4q": null,
            "revenue": 765992,
            "revenue_4q": null,
            "common_shares": 993447,
            "book_valuer_per_share": 27.84,
            "book_valuer_per_share_4q_avg": 28.05,
            "equity": 3332102,
            "current_ratio": 143.98,
            "debt_ratio": 38.47,
            "inventory_turnover_ratio": 0.73,
            "account_receivable_turnover_ratio": 0.74,
            "reinvestment_rate": 515.64,
            "research_to_sale_ratio": 16.08,
            "price_fair": 54.98,
            "eps_avg_yearly": 1.57,
            "eps_latest_yearly": 1.32,
            "eps_growth_yearly": 55.2
        },
        "20121": {
            "year_quarter": 20121,
            "year": 2012,
            "quarter": 1,
            "eps": -0.09,
            "eps_growth_year": -127.27,
            "eps_4q": 0.28,
            "eps_4q_growth_year": -85.42,
            "roe": -0.22,
            "roe_4q": 1.76,
            "gross_profit": 165712,
            "gross_margin": 21.44,
            "gross_margin_4q_avg": 24.11,
            "net_income": -7365,
            "net_income_4q": null,
            "revenue": 772980,
            "revenue_4q": null,
            "common_shares": 993447,
            "book_valuer_per_share": 27.61,
            "book_valuer_per_share_4q_avg": 27.75,
            "equity": 3247791,
            "current_ratio": 136.33,
            "debt_ratio": 39.48,
            "inventory_turnover_ratio": 0.86,
            "account_receivable_turnover_ratio": 0.81,
            "reinvestment_rate": 611.3,
            "research_to_sale_ratio": 8.69,
            "price_fair": 57.26,
            "eps_avg_yearly": 1.64,
            "eps_latest_yearly": 1.32,
            "eps_growth_yearly": 97
        },
        "20122": {
            "year_quarter": 20122,
            "year": 2012,
            "quarter": 2,
            "eps": 0.1,
            "eps_growth_year": -68.52,
            "eps_4q": 0.06,
            "eps_4q_growth_year": -96.26,
            "roe": 0.32,
            "roe_4q": 0.54,
            "gross_profit": 122782,
            "gross_margin": 19.66,
            "gross_margin_4q_avg": 22.36,
            "net_income": 9564,
            "net_income_4q": null,
            "revenue": 624655,
            "revenue_4q": null,
            "common_shares": 993447,
            "book_valuer_per_share": 27.27,
            "book_valuer_per_share_4q_avg": 27.73,
            "equity": 2641952,
            "current_ratio": 136.41,
            "debt_ratio": 35.96,
            "inventory_turnover_ratio": 0.85,
            "account_receivable_turnover_ratio": 0.75,
            "reinvestment_rate": 463.58,
            "research_to_sale_ratio": 9.82,
            "price_fair": 56.31,
            "eps_avg_yearly": 1.61,
            "eps_latest_yearly": 1.32,
            "eps_growth_yearly": 61.4
        },
        "20123": {
            "year_quarter": 20123,
            "year": 2012,
            "quarter": 3,
            "eps": 0.05,
            "eps_growth_year": -84.7,
            "eps_4q": -0.23,
            "eps_4q_growth_year": -120.75,
            "roe": 0.19,
            "roe_4q": -0.5399999999999999,
            "gross_profit": 176136,
            "gross_margin": 26.44,
            "gross_margin_4q_avg": 23.5,
            "net_income": 4912,
            "net_income_4q": null,
            "revenue": 666232,
            "revenue_4q": null,
            "common_shares": 993447,
            "book_valuer_per_share": 27.12,
            "book_valuer_per_share_4q_avg": 27.46,
            "equity": 2626972,
            "current_ratio": 133.81,
            "debt_ratio": 37.6,
            "inventory_turnover_ratio": 0.94,
            "account_receivable_turnover_ratio": 0.88,
            "reinvestment_rate": 524.16,
            "research_to_sale_ratio": 10.22,
            "price_fair": 51.64,
            "eps_avg_yearly": 1.48,
            "eps_latest_yearly": 0.2,
            "eps_growth_yearly": 50.52
        },
        "20124": {
            "year_quarter": 20124,
            "year": 2012,
            "quarter": 4,
            "eps": -1.55,
            "eps_growth_year": null,
            "eps_4q": -1.48,
            "eps_4q_growth_year": -314.63,
            "roe": -5.87,
            "roe_4q": -5.579999999999999,
            "gross_profit": 39703,
            "gross_margin": 6.04,
            "gross_margin_4q_avg": 18.4,
            "net_income": -149706,
            "net_income_4q": null,
            "revenue": 657784,
            "revenue_4q": null,
            "common_shares": 993447,
            "book_valuer_per_share": 25.52,
            "book_valuer_per_share_4q_avg": 26.88,
            "equity": 2472754,
            "current_ratio": 130.24,
            "debt_ratio": 39.43,
            "inventory_turnover_ratio": 1.23,
            "account_receivable_turnover_ratio": 0.84,
            "reinvestment_rate": 545.61,
            "research_to_sale_ratio": 12.17,
            "price_fair": 51.64,
            "eps_avg_yearly": 1.48,
            "eps_latest_yearly": 0.2,
            "eps_growth_yearly": 50.52
        },
        "20131": {
            "year_quarter": 20131,
            "year": 2013,
            "quarter": 1,
            "eps": 0.15,
            "eps_growth_year": null,
            "eps_4q": -1.24,
            "eps_4q_growth_year": -543.68,
            "roe": 0.6,
            "roe_4q": -4.76,
            "gross_profit": 125844,
            "gross_margin": 22.85,
            "gross_margin_4q_avg": 18.75,
            "net_income": 14875,
            "net_income_4q": null,
            "revenue": 550844,
            "revenue_4q": null,
            "common_shares": 993447,
            "book_valuer_per_share": 25.54,
            "book_valuer_per_share_4q_avg": 26.36,
            "equity": 2469312,
            "current_ratio": 126.06,
            "debt_ratio": 40.61,
            "inventory_turnover_ratio": 0.85,
            "account_receivable_turnover_ratio": 0.74,
            "reinvestment_rate": 402.59,
            "research_to_sale_ratio": 11.89,
            "price_fair": 51.64,
            "eps_avg_yearly": 1.48,
            "eps_latest_yearly": 0.2,
            "eps_growth_yearly": 50.52
        },
        "20132": {
            "year_quarter": 20132,
            "year": 2013,
            "quarter": 2,
            "eps": 0.01,
            "eps_growth_year": -89.87,
            "eps_4q": -1.4,
            "eps_4q_growth_year": -2524.71,
            "roe": 0.04,
            "roe_4q": -5.04,
            "gross_profit": 133005,
            "gross_margin": 20.68,
            "gross_margin_4q_avg": 19,
            "net_income": 1051,
            "net_income_4q": null,
            "revenue": 643085,
            "revenue_4q": null,
            "common_shares": 993447,
            "book_valuer_per_share": 27.06,
            "book_valuer_per_share_4q_avg": 26.31,
            "equity": 2486167,
            "current_ratio": 124.93,
            "debt_ratio": 43.61,
            "inventory_turnover_ratio": 0.93,
            "account_receivable_turnover_ratio": 0.87,
            "reinvestment_rate": 373.26,
            "research_to_sale_ratio": 11.84,
            "price_fair": 24.16,
            "eps_avg_yearly": 1.33,
            "eps_latest_yearly": 0.04,
            "eps_growth_yearly": 8.14
        },
        "20133": {
            "year_quarter": 20133,
            "year": 2013,
            "quarter": 3,
            "eps": 0.13,
            "eps_growth_year": 156.4,
            "eps_4q": -1.32,
            "eps_4q_growth_year": null,
            "roe": 0.49,
            "roe_4q": -4.74,
            "gross_profit": 185988,
            "gross_margin": 21.49,
            "gross_margin_4q_avg": 17.77,
            "net_income": 12098,
            "net_income_4q": null,
            "revenue": 865588,
            "revenue_4q": null,
            "common_shares": 993447,
            "book_valuer_per_share": 27.2,
            "book_valuer_per_share_4q_avg": 26.33,
            "equity": 2498673,
            "current_ratio": 119.92,
            "debt_ratio": 47.02,
            "inventory_turnover_ratio": 1.27,
            "account_receivable_turnover_ratio": 1.02,
            "reinvestment_rate": 439.38,
            "research_to_sale_ratio": 9.27,
            "price_fair": 44.04,
            "eps_avg_yearly": 1.26,
            "eps_latest_yearly": 0.52,
            "eps_growth_yearly": 443.76
        },
        "20134": {
            "year_quarter": 20134,
            "year": 2013,
            "quarter": 4,
            "eps": 0.22,
            "eps_growth_year": null,
            "eps_4q": 0.53,
            "eps_4q_growth_year": null,
            "roe": 0.81,
            "roe_4q": 1.94,
            "gross_profit": 169190,
            "gross_margin": 22.7,
            "gross_margin_4q_avg": 21.93,
            "net_income": 20480,
            "net_income_4q": null,
            "revenue": 745175,
            "revenue_4q": null,
            "common_shares": 993447,
            "book_valuer_per_share": 28.11,
            "book_valuer_per_share_4q_avg": 26.98,
            "equity": 2582396,
            "current_ratio": 128.14,
            "debt_ratio": 48.91,
            "inventory_turnover_ratio": 1.24,
            "account_receivable_turnover_ratio": 0.8,
            "reinvestment_rate": 402.54,
            "research_to_sale_ratio": 12.91,
            "price_fair": 40.98,
            "eps_avg_yearly": 1.17,
            "eps_latest_yearly": 0.88,
            "eps_growth_yearly": 480.33
        },
        "20141": {
            "year_quarter": 20141,
            "year": 2014,
            "quarter": 1,
            "eps": 0.11,
            "eps_growth_year": -26.67,
            "eps_4q": 0.47,
            "eps_4q_growth_year": null,
            "roe": 0.38,
            "roe_4q": 1.72,
            "gross_profit": 129126,
            "gross_margin": 19.97,
            "gross_margin_4q_avg": 21.21,
            "net_income": 10015,
            "net_income_4q": null,
            "revenue": 646693,
            "revenue_4q": null,
            "common_shares": 1000039,
            "book_valuer_per_share": 29.52,
            "book_valuer_per_share_4q_avg": 27.97,
            "equity": 2732172,
            "current_ratio": 131.6,
            "debt_ratio": 47.19,
            "inventory_turnover_ratio": 1.11,
            "account_receivable_turnover_ratio": 0.7,
            "reinvestment_rate": 460.3,
            "research_to_sale_ratio": 11.19,
            "price_fair": 39.2,
            "eps_avg_yearly": 1.12,
            "eps_latest_yearly": 0.44,
            "eps_growth_yearly": 478.75
        },
        "20142": {
            "year_quarter": 20142,
            "year": 2014,
            "quarter": 2,
            "eps": 0.42,
            "eps_growth_year": 4100,
            "eps_4q": 0.87,
            "eps_4q_growth_year": null,
            "roe": 1.38,
            "roe_4q": 3.0599999999999996,
            "gross_profit": 190037,
            "gross_margin": 22.81,
            "gross_margin_4q_avg": 21.74,
            "net_income": 38827,
            "net_income_4q": null,
            "revenue": 833018,
            "revenue_4q": null,
            "common_shares": 1000039,
            "book_valuer_per_share": 30.97,
            "book_valuer_per_share_4q_avg": 28.95,
            "equity": 2897767,
            "current_ratio": 123.5,
            "debt_ratio": 49,
            "inventory_turnover_ratio": 1.21,
            "account_receivable_turnover_ratio": 0.88,
            "reinvestment_rate": 657.09,
            "research_to_sale_ratio": 9.29,
            "price_fair": 35.76,
            "eps_avg_yearly": 1.02,
            "eps_latest_yearly": 1.68,
            "eps_growth_yearly": 517.23
        },
        "20143": {
            "year_quarter": 20143,
            "year": 2014,
            "quarter": 3,
            "eps": 0.21,
            "eps_growth_year": 61.54,
            "eps_4q": 0.94,
            "eps_4q_growth_year": null,
            "roe": 0.69,
            "roe_4q": 3.26,
            "gross_profit": 211633,
            "gross_margin": 22.18,
            "gross_margin_4q_avg": 21.92,
            "net_income": 20273,
            "net_income_4q": null,
            "revenue": 954300,
            "revenue_4q": null,
            "common_shares": 1014937,
            "book_valuer_per_share": 31.12,
            "book_valuer_per_share_4q_avg": 29.93,
            "equity": 2955443,
            "current_ratio": 121.62,
            "debt_ratio": 51.61,
            "inventory_turnover_ratio": 1.21,
            "account_receivable_turnover_ratio": 0.85,
            "reinvestment_rate": 915.84,
            "research_to_sale_ratio": 8.68,
            "price_fair": 28.76,
            "eps_avg_yearly": 0.82,
            "eps_latest_yearly": 0.84,
            "eps_growth_yearly": 495.36
        },
        "20144": {
            "year_quarter": 20144,
            "year": 2014,
            "quarter": 4,
            "eps": 0.36,
            "eps_growth_year": 59.66,
            "eps_4q": 1.06,
            "eps_4q_growth_year": 101.72,
            "roe": 1.16,
            "roe_4q": 3.6099999999999994,
            "gross_profit": 174789,
            "gross_margin": 18.73,
            "gross_margin_4q_avg": 20.92,
            "net_income": 34692,
            "net_income_4q": null,
            "revenue": 933130,
            "revenue_4q": null,
            "common_shares": 1024396,
            "book_valuer_per_share": 31.06,
            "book_valuer_per_share_4q_avg": 30.67,
            "equity": 3028068,
            "current_ratio": 118.42,
            "debt_ratio": 52.02,
            "inventory_turnover_ratio": 1.17,
            "account_receivable_turnover_ratio": 0.74,
            "reinvestment_rate": 796.04,
            "research_to_sale_ratio": 10.3,
            "price_fair": 31.56,
            "eps_avg_yearly": 0.9,
            "eps_latest_yearly": 1.44,
            "eps_growth_yearly": 551
        },
        "20151": {
            "year_quarter": 20151,
            "year": 2015,
            "quarter": 1,
            "eps": 1.07,
            "eps_growth_year": 872.73,
            "eps_4q": 2.04,
            "eps_4q_growth_year": 331.66,
            "roe": 3.51,
            "roe_4q": 6.739999999999999,
            "gross_profit": 131842,
            "gross_margin": 17.84,
            "gross_margin_4q_avg": 20.39,
            "net_income": 104666,
            "net_income_4q": null,
            "revenue": 738971,
            "revenue_4q": null,
            "common_shares": 1024824,
            "book_valuer_per_share": 30.16,
            "book_valuer_per_share_4q_avg": 30.83,
            "equity": 2940377,
            "current_ratio": 117.52,
            "debt_ratio": 50.82,
            "inventory_turnover_ratio": 0.96,
            "account_receivable_turnover_ratio": 0.66,
            "reinvestment_rate": 344.22,
            "research_to_sale_ratio": 11.2,
            "price_fair": 40.98,
            "eps_avg_yearly": 1.17,
            "eps_latest_yearly": 4.28,
            "eps_growth_yearly": 573.37
        },
        "20152": {
            "year_quarter": 20152,
            "year": 2015,
            "quarter": 2,
            "eps": -0.46,
            "eps_growth_year": -209.52,
            "eps_4q": 1.17,
            "eps_4q_growth_year": 34.89,
            "roe": -1.58,
            "roe_4q": 3.78,
            "gross_profit": 132151,
            "gross_margin": 16.36,
            "gross_margin_4q_avg": 18.78,
            "net_income": -45135,
            "net_income_4q": null,
            "revenue": 807823,
            "revenue_4q": null,
            "common_shares": 1024824,
            "book_valuer_per_share": 28.45,
            "book_valuer_per_share_4q_avg": 30.2,
            "equity": 2775088,
            "current_ratio": 111.06,
            "debt_ratio": 52.79,
            "inventory_turnover_ratio": 1.09,
            "account_receivable_turnover_ratio": 0.83,
            "reinvestment_rate": 475.68,
            "research_to_sale_ratio": 9.95,
            "price_fair": 40.74,
            "eps_avg_yearly": 1.16,
            "eps_latest_yearly": 4.28,
            "eps_growth_yearly": 633.13
        },
        "20153": {
            "year_quarter": 20153,
            "year": 2015,
            "quarter": 3,
            "eps": 0.58,
            "eps_growth_year": 176.19,
            "eps_4q": 1.6,
            "eps_4q_growth_year": 69.34,
            "roe": 2,
            "roe_4q": 5.09,
            "gross_profit": 190266,
            "gross_margin": 19.13,
            "gross_margin_4q_avg": 18.02,
            "net_income": 55426,
            "net_income_4q": null,
            "revenue": 994453,
            "revenue_4q": null,
            "common_shares": 1025582,
            "book_valuer_per_share": 29.47,
            "book_valuer_per_share_4q_avg": 29.79,
            "equity": 2760113,
            "current_ratio": 130.12,
            "debt_ratio": 55.22,
            "inventory_turnover_ratio": 1.34,
            "account_receivable_turnover_ratio": 0.9,
            "reinvestment_rate": 27.45,
            "research_to_sale_ratio": 9.28,
            "price_fair": 40.13,
            "eps_avg_yearly": 1.15,
            "eps_latest_yearly": 4.28,
            "eps_growth_yearly": 700.61
        },
        "20154": {
            "year_quarter": 20154,
            "year": 2015,
            "quarter": 4,
            "eps": -0.16,
            "eps_growth_year": -144.55,
            "eps_4q": 1.01,
            "eps_4q_growth_year": -5.13,
            "roe": -0.56,
            "roe_4q": 3.3699999999999997,
            "gross_profit": 169840,
            "gross_margin": 19.76,
            "gross_margin_4q_avg": 18.27,
            "net_income": -15595,
            "net_income_4q": null,
            "revenue": 859728,
            "revenue_4q": null,
            "common_shares": 1025582,
            "book_valuer_per_share": 28.75,
            "book_valuer_per_share_4q_avg": 29.21,
            "equity": 2827381,
            "current_ratio": 130.66,
            "debt_ratio": 51.96,
            "inventory_turnover_ratio": 1.18,
            "account_receivable_turnover_ratio": 0.73,
            "reinvestment_rate": -79.13,
            "research_to_sale_ratio": 10.12,
            "price_fair": 40.13,
            "eps_avg_yearly": 1.15,
            "eps_latest_yearly": 4.28,
            "eps_growth_yearly": 700.61
        },
        "20161": {
            "year_quarter": 20161,
            "year": 2016,
            "quarter": 1,
            "eps": -0.49,
            "eps_growth_year": -145.79,
            "eps_4q": -0.54,
            "eps_4q_growth_year": -126.61,
            "roe": -1.72,
            "roe_4q": -1.8600000000000003,
            "gross_profit": 116407,
            "gross_margin": 18.06,
            "gross_margin_4q_avg": 18.33,
            "net_income": -47974,
            "net_income_4q": null,
            "revenue": 644531,
            "revenue_4q": null,
            "common_shares": 1025582,
            "book_valuer_per_share": 28.06,
            "book_valuer_per_share_4q_avg": 28.68,
            "equity": 2759508,
            "current_ratio": 134.54,
            "debt_ratio": 50.36,
            "inventory_turnover_ratio": 0.93,
            "account_receivable_turnover_ratio": 0.67,
            "reinvestment_rate": -306.56,
            "research_to_sale_ratio": 10.41,
            "price_fair": 40.13,
            "eps_avg_yearly": 1.15,
            "eps_latest_yearly": 4.28,
            "eps_growth_yearly": 700.61
        },
        "20162": {
            "year_quarter": 20162,
            "year": 2016,
            "quarter": 2,
            "eps": 0.02,
            "eps_growth_year": null,
            "eps_4q": -0.06,
            "eps_4q_growth_year": -105.51,
            "roe": 0.07,
            "roe_4q": -0.20999999999999996,
            "gross_profit": 149514,
            "gross_margin": 19.84,
            "gross_margin_4q_avg": 19.2,
            "net_income": 1778,
            "net_income_4q": null,
            "revenue": 753683,
            "revenue_4q": null,
            "common_shares": 1025582,
            "book_valuer_per_share": 26.81,
            "book_valuer_per_share_4q_avg": 28.27,
            "equity": 2636608,
            "current_ratio": 109.31,
            "debt_ratio": 52.81,
            "inventory_turnover_ratio": 1.1,
            "account_receivable_turnover_ratio": 0.91,
            "reinvestment_rate": 259.37,
            "research_to_sale_ratio": 9.23,
            "price_fair": 40.13,
            "eps_avg_yearly": 1.15,
            "eps_latest_yearly": 4.28,
            "eps_growth_yearly": 700.61
        },
        "20163": {
            "year_quarter": 20163,
            "year": 2016,
            "quarter": 3,
            "eps": 0.75,
            "eps_growth_year": 29.31,
            "eps_4q": 0.12,
            "eps_4q_growth_year": -92.21,
            "roe": 2.79,
            "roe_4q": 0.5799999999999998,
            "gross_profit": 193316,
            "gross_margin": 22.03,
            "gross_margin_4q_avg": 19.92,
            "net_income": 74034,
            "net_income_4q": null,
            "revenue": 877667,
            "revenue_4q": null,
            "common_shares": 1025582,
            "book_valuer_per_share": 27.14,
            "book_valuer_per_share_4q_avg": 27.69,
            "equity": 2669330,
            "current_ratio": 113.45,
            "debt_ratio": 52.35,
            "inventory_turnover_ratio": 1.29,
            "account_receivable_turnover_ratio": 0.95,
            "reinvestment_rate": 60.07,
            "research_to_sale_ratio": 8.44,
            "price_fair": 51.02,
            "eps_avg_yearly": 1.46,
            "eps_latest_yearly": 3,
            "eps_growth_yearly": 2345.05
        },
        "20164": {
            "year_quarter": 20164,
            "year": 2016,
            "quarter": 4,
            "eps": 0.32,
            "eps_growth_year": null,
            "eps_4q": 0.6,
            "eps_4q_growth_year": -40.74,
            "roe": 1.16,
            "roe_4q": 2.3000000000000007,
            "gross_profit": 168753,
            "gross_margin": 20.48,
            "gross_margin_4q_avg": 20.1,
            "net_income": 31044,
            "net_income_4q": null,
            "revenue": 824149,
            "revenue_4q": null,
            "common_shares": 1025582,
            "book_valuer_per_share": 27.28,
            "book_valuer_per_share_4q_avg": 27.32,
            "equity": 2683406,
            "current_ratio": 118.14,
            "debt_ratio": 50.01,
            "inventory_turnover_ratio": 1.31,
            "account_receivable_turnover_ratio": 0.82,
            "reinvestment_rate": 9.02,
            "research_to_sale_ratio": 8.8,
            "price_fair": 50.4,
            "eps_avg_yearly": 1.44,
            "eps_latest_yearly": 1.28,
            "eps_growth_yearly": 2087.61
        },
        "20171": {
            "year_quarter": 20171,
            "year": 2017,
            "quarter": 1,
            "eps": -0.37,
            "eps_growth_year": null,
            "eps_4q": 0.72,
            "eps_4q_growth_year": null,
            "roe": -1.36,
            "roe_4q": 2.6599999999999997,
            "gross_profit": 171237,
            "gross_margin": 24.26,
            "gross_margin_4q_avg": 21.65,
            "net_income": -35902,
            "net_income_4q": null,
            "revenue": 705811,
            "revenue_4q": null,
            "common_shares": 1025582,
            "book_valuer_per_share": 26.32,
            "book_valuer_per_share_4q_avg": 26.89,
            "equity": 2588491,
            "current_ratio": 117.97,
            "debt_ratio": 51.06,
            "inventory_turnover_ratio": 1.09,
            "account_receivable_turnover_ratio": 0.74,
            "reinvestment_rate": -28.35,
            "research_to_sale_ratio": 9.6,
            "price_fair": 50.4,
            "eps_avg_yearly": 1.44,
            "eps_latest_yearly": 1.28,
            "eps_growth_yearly": 2087.61
        },
        "20172": {
            "year_quarter": 20172,
            "year": 2017,
            "quarter": 2,
            "eps": 0.55,
            "eps_growth_year": 2650,
            "eps_4q": 1.25,
            "eps_4q_growth_year": null,
            "roe": 2.08,
            "roe_4q": 4.67,
            "gross_profit": 206066,
            "gross_margin": 22.58,
            "gross_margin_4q_avg": 22.34,
            "net_income": 54025,
            "net_income_4q": null,
            "revenue": 912655,
            "revenue_4q": null,
            "common_shares": 1025582,
            "book_valuer_per_share": 26.61,
            "book_valuer_per_share_4q_avg": 26.84,
            "equity": 2617435,
            "current_ratio": 140.41,
            "debt_ratio": 52.31,
            "inventory_turnover_ratio": 1.36,
            "account_receivable_turnover_ratio": 0.95,
            "reinvestment_rate": -17.16,
            "research_to_sale_ratio": 7.66,
            "price_fair": 55.84,
            "eps_avg_yearly": 1.6,
            "eps_latest_yearly": 1.28,
            "eps_growth_yearly": 2361.05
        },
        "20173": {
            "year_quarter": 20173,
            "year": 2017,
            "quarter": 3,
            "eps": 0.61,
            "eps_growth_year": -18.67,
            "eps_4q": 1.11,
            "eps_4q_growth_year": 788.36,
            "roe": 2.24,
            "roe_4q": 4.12,
            "gross_profit": 255070,
            "gross_margin": 23.74,
            "gross_margin_4q_avg": 22.77,
            "net_income": 59595,
            "net_income_4q": null,
            "revenue": 1074255,
            "revenue_4q": null,
            "common_shares": 1025582,
            "book_valuer_per_share": 27.38,
            "book_valuer_per_share_4q_avg": 26.9,
            "equity": 2693526,
            "current_ratio": 137.6,
            "debt_ratio": 54.08,
            "inventory_turnover_ratio": 1.54,
            "account_receivable_turnover_ratio": 0.9,
            "reinvestment_rate": -20.32,
            "research_to_sale_ratio": 7.69,
            "price_fair": 63.31,
            "eps_avg_yearly": 1.81,
            "eps_latest_yearly": 2.44,
            "eps_growth_yearly": 1832.57
        },
        "20174": {
            "year_quarter": 20174,
            "year": 2017,
            "quarter": 4,
            "eps": 0.08,
            "eps_growth_year": -75.14,
            "eps_4q": 0.87,
            "eps_4q_growth_year": 45.1,
            "roe": 0.29,
            "roe_4q": 3.25,
            "gross_profit": 218287,
            "gross_margin": 20.49,
            "gross_margin_4q_avg": 22.77,
            "net_income": 7718,
            "net_income_4q": null,
            "revenue": 1065139,
            "revenue_4q": null,
            "common_shares": 1025582,
            "book_valuer_per_share": 27.57,
            "book_valuer_per_share_4q_avg": 26.97,
            "equity": 2711358,
            "current_ratio": 136.77,
            "debt_ratio": 54.46,
            "inventory_turnover_ratio": 1.62,
            "account_receivable_turnover_ratio": 0.78,
            "reinvestment_rate": -44.8,
            "research_to_sale_ratio": 6.99,
            "price_fair": 61.13,
            "eps_avg_yearly": 1.75,
            "eps_latest_yearly": 0.32,
            "eps_growth_yearly": 1763.18
        },
        "20181": {
            "year_quarter": 20181,
            "year": 2018,
            "quarter": 1,
            "eps": 0.05,
            "eps_growth_year": null,
            "eps_4q": 1.29,
            "eps_4q_growth_year": 78.4,
            "roe": 0.19,
            "roe_4q": 4.800000000000001,
            "gross_profit": 196762,
            "gross_margin": 22.27,
            "gross_margin_4q_avg": 22.27,
            "net_income": 5243,
            "net_income_4q": null,
            "revenue": 883598,
            "revenue_4q": null,
            "common_shares": 1025582,
            "book_valuer_per_share": 27.86,
            "book_valuer_per_share_4q_avg": 27.36,
            "equity": 2739794,
            "current_ratio": 132.75,
            "debt_ratio": 54.79,
            "inventory_turnover_ratio": 1.29,
            "account_receivable_turnover_ratio": 0.67,
            "reinvestment_rate": -92.75,
            "research_to_sale_ratio": 8.64,
            "price_fair": 60.2,
            "eps_avg_yearly": 1.72,
            "eps_latest_yearly": 0.2,
            "eps_growth_yearly": 1768.74
        },
        "20182": {
            "year_quarter": 20182,
            "year": 2018,
            "quarter": 2,
            "eps": 0.51,
            "eps_growth_year": -7.27,
            "eps_4q": 0.87,
            "eps_4q_growth_year": -30.22,
            "roe": 1.43,
            "roe_4q": 4.15,
            "gross_profit": 182884,
            "gross_margin": 19.46,
            "gross_margin_4q_avg": 21.49,
            "net_income": 52747,
            "net_income_4q": null,
            "revenue": 939581,
            "revenue_4q": null,
            "common_shares": 1475582,
            "book_valuer_per_share": 32.39,
            "book_valuer_per_share_4q_avg": 28.8,
            "equity": 4643445,
            "current_ratio": 247.67,
            "debt_ratio": 32.87,
            "inventory_turnover_ratio": 1.36,
            "account_receivable_turnover_ratio": 0.74,
            "reinvestment_rate": -127.13,
            "research_to_sale_ratio": 8.54,
            "price_fair": 61.6,
            "eps_avg_yearly": 1.76,
            "eps_latest_yearly": 2.04,
            "eps_growth_yearly": 2052.37
        },
        "20183": {
            "year_quarter": 20183,
            "year": 2018,
            "quarter": 3,
            "eps": 1.27,
            "eps_growth_year": 108.2,
            "eps_4q": 1.69,
            "eps_4q_growth_year": 52.79,
            "roe": 3.9,
            "roe_4q": 5.8100000000000005,
            "gross_profit": 257586,
            "gross_margin": 22.81,
            "gross_margin_4q_avg": 21.26,
            "net_income": 183591,
            "net_income_4q": null,
            "revenue": 1129118,
            "revenue_4q": null,
            "common_shares": 1475582,
            "book_valuer_per_share": 32.41,
            "book_valuer_per_share_4q_avg": 30.06,
            "equity": 4782210,
            "current_ratio": 243.39,
            "debt_ratio": 33.44,
            "inventory_turnover_ratio": 1.55,
            "account_receivable_turnover_ratio": 0.8,
            "reinvestment_rate": -131.72,
            "research_to_sale_ratio": 7.4,
            "price_fair": 78.09,
            "eps_avg_yearly": 2.23,
            "eps_latest_yearly": 5.08,
            "eps_growth_yearly": 2140.83
        },
        "20184": {
            "year_quarter": 20184,
            "year": 2018,
            "quarter": 4,
            "eps": 0.16,
            "eps_growth_year": 101.51,
            "eps_4q": 1.8,
            "eps_4q_growth_year": 106.69,
            "roe": 0.49,
            "roe_4q": 6.01,
            "gross_profit": 213338,
            "gross_margin": 20.4,
            "gross_margin_4q_avg": 21.24,
            "net_income": 23332,
            "net_income_4q": null,
            "revenue": 1045979,
            "revenue_4q": null,
            "common_shares": 1475582,
            "book_valuer_per_share": 32.14,
            "book_valuer_per_share_4q_avg": 31.2,
            "equity": 4742778,
            "current_ratio": 279.46,
            "debt_ratio": 30.71,
            "inventory_turnover_ratio": 1.55,
            "account_receivable_turnover_ratio": 0.69,
            "reinvestment_rate": -152.63,
            "research_to_sale_ratio": 7.43,
            "price_fair": 74.98,
            "eps_avg_yearly": 2.14,
            "eps_latest_yearly": 0.64,
            "eps_growth_yearly": 2070.24
        },
        "20191": {
            "year_quarter": 20191,
            "year": 2019,
            "quarter": 1,
            "eps": -0.11,
            "eps_growth_year": -320,
            "eps_4q": 1.65,
            "eps_4q_growth_year": 28.38,
            "roe": -0.33,
            "roe_4q": 5.489999999999999,
            "gross_profit": 168010,
            "gross_margin": 19.45,
            "gross_margin_4q_avg": 20.53,
            "net_income": -15883,
            "net_income_4q": null,
            "revenue": 863863,
            "revenue_4q": null,
            "common_shares": 1475582,
            "book_valuer_per_share": 32.32,
            "book_valuer_per_share_4q_avg": 32.32,
            "equity": 4769361,
            "current_ratio": 263.17,
            "debt_ratio": 30.99,
            "inventory_turnover_ratio": 1.4,
            "account_receivable_turnover_ratio": 0.59,
            "reinvestment_rate": -161.34,
            "research_to_sale_ratio": 8.53,
            "price_fair": 65.63,
            "eps_avg_yearly": 1.88,
            "eps_latest_yearly": 0.64,
            "eps_growth_yearly": 2230.4
        },
        "20192": {
            "year_quarter": 20192,
            "year": 2019,
            "quarter": 2,
            "eps": 0.29,
            "eps_growth_year": -43.14,
            "eps_4q": 1.59,
            "eps_4q_growth_year": 81.82,
            "roe": 0.92,
            "roe_4q": 4.98,
            "gross_profit": 222032,
            "gross_margin": 21.67,
            "gross_margin_4q_avg": 21.08,
            "net_income": 43464,
            "net_income_4q": null,
            "revenue": 1024495,
            "revenue_4q": null,
            "common_shares": 1475582,
            "book_valuer_per_share": 31.48,
            "book_valuer_per_share_4q_avg": 32.09,
            "equity": 4645176,
            "current_ratio": 297.01,
            "debt_ratio": 28.18,
            "inventory_turnover_ratio": 1.7,
            "account_receivable_turnover_ratio": 0.72,
            "reinvestment_rate": -139.77,
            "research_to_sale_ratio": 7.8,
            "price_fair": 65.63,
            "eps_avg_yearly": 1.88,
            "eps_latest_yearly": 0.64,
            "eps_growth_yearly": 2230.4
        },
        "20193": {
            "year_quarter": 20193,
            "year": 2019,
            "quarter": 3,
            "eps": 0.87,
            "eps_growth_year": -31.5,
            "eps_4q": 1.27,
            "eps_4q_growth_year": -24.62,
            "roe": 2.74,
            "roe_4q": 3.8200000000000003,
            "gross_profit": 322801,
            "gross_margin": 26.79,
            "gross_margin_4q_avg": 22.08,
            "net_income": 127614,
            "net_income_4q": null,
            "revenue": 1204867,
            "revenue_4q": null,
            "common_shares": 1401803,
            "book_valuer_per_share": 33.26,
            "book_valuer_per_share_4q_avg": 32.3,
            "equity": 4662552,
            "current_ratio": 282.67,
            "debt_ratio": 28.53,
            "inventory_turnover_ratio": 1.91,
            "account_receivable_turnover_ratio": 0.81,
            "reinvestment_rate": -124.35,
            "research_to_sale_ratio": 6.03,
            "price_fair": 71.87,
            "eps_avg_yearly": 2.05,
            "eps_latest_yearly": 3.48,
            "eps_growth_yearly": 2071.47
        },
        "20194": {
            "year_quarter": 20194,
            "year": 2019,
            "quarter": 4,
            "eps": 0.28,
            "eps_growth_year": 80.04,
            "eps_4q": 1.39,
            "eps_4q_growth_year": -22.48,
            "roe": 0.85,
            "roe_4q": 4.180000000000001,
            "gross_profit": 269345,
            "gross_margin": 23.68,
            "gross_margin_4q_avg": 22.9,
            "net_income": 39907,
            "net_income_4q": null,
            "revenue": 1137239,
            "revenue_4q": null,
            "common_shares": 1401803,
            "book_valuer_per_share": 33.63,
            "book_valuer_per_share_4q_avg": 32.67,
            "equity": 4714500,
            "current_ratio": 295.1,
            "debt_ratio": 27.34,
            "inventory_turnover_ratio": 1.84,
            "account_receivable_turnover_ratio": 0.74,
            "reinvestment_rate": -115.73,
            "research_to_sale_ratio": 6.19,
            "price_fair": 68.6,
            "eps_avg_yearly": 1.96,
            "eps_latest_yearly": 1.12,
            "eps_growth_yearly": 1837.2
        },
        "20201": {
            "year_quarter": 20201,
            "year": 2020,
            "quarter": 1,
            "eps": 0.34,
            "eps_growth_year": null,
            "eps_4q": 1.85,
            "eps_4q_growth_year": 11.69,
            "roe": 1.02,
            "roe_4q": 5.53,
            "gross_profit": 212999,
            "gross_margin": 23.95,
            "gross_margin_4q_avg": 24.02,
            "net_income": 47600,
            "net_income_4q": null,
            "revenue": 889332,
            "revenue_4q": null,
            "common_shares": 1401803,
            "book_valuer_per_share": 33.23,
            "book_valuer_per_share_4q_avg": 32.9,
            "equity": 4655970,
            "current_ratio": 308.6,
            "debt_ratio": 27.22,
            "inventory_turnover_ratio": 1.34,
            "account_receivable_turnover_ratio": 0.64,
            "reinvestment_rate": -90.36,
            "research_to_sale_ratio": 8.38,
            "price_fair": 66.69,
            "eps_avg_yearly": 1.91,
            "eps_latest_yearly": 1.36,
            "eps_growth_yearly": 1677.97
        },
        "20202": {
            "year_quarter": 20202,
            "year": 2020,
            "quarter": 2,
            "eps": 0.58,
            "eps_growth_year": 100,
            "eps_4q": 2.12,
            "eps_4q_growth_year": 33.43,
            "roe": 1.75,
            "roe_4q": 6.36,
            "gross_profit": 331302,
            "gross_margin": 26.34,
            "gross_margin_4q_avg": 25.19,
            "net_income": 81505,
            "net_income_4q": null,
            "revenue": 1257972,
            "revenue_4q": null,
            "common_shares": 1401803,
            "book_valuer_per_share": 33.46,
            "book_valuer_per_share_4q_avg": 33.4,
            "equity": 4681046,
            "current_ratio": 260.76,
            "debt_ratio": 30.87,
            "inventory_turnover_ratio": 1.68,
            "account_receivable_turnover_ratio": 0.88,
            "reinvestment_rate": -57.49,
            "research_to_sale_ratio": 6.25,
            "price_fair": 67.9,
            "eps_avg_yearly": 1.94,
            "eps_latest_yearly": 2.32,
            "eps_growth_yearly": 1561.67
        },
        "20203": {
            "year_quarter": 20203,
            "year": 2020,
            "quarter": 3,
            "eps": 1.07,
            "eps_growth_year": 22.99,
            "eps_4q": 2.29,
            "eps_4q_growth_year": 80.15,
            "roe": 3.12,
            "roe_4q": 6.74,
            "gross_profit": 444189,
            "gross_margin": 27.93,
            "gross_margin_4q_avg": 25.48,
            "net_income": 149627,
            "net_income_4q": null,
            "revenue": 1590213,
            "revenue_4q": null,
            "common_shares": 1401803,
            "book_valuer_per_share": 35.44,
            "book_valuer_per_share_4q_avg": 33.94,
            "equity": 4921399,
            "current_ratio": 236.81,
            "debt_ratio": 32.61,
            "inventory_turnover_ratio": 1.95,
            "account_receivable_turnover_ratio": 0.9,
            "reinvestment_rate": -30.48,
            "research_to_sale_ratio": 4.57,
            "price_fair": 71.63,
            "eps_avg_yearly": 2.05,
            "eps_latest_yearly": 4.28,
            "eps_growth_yearly": 373.16
        },
        "20204": {
            "year_quarter": 20204,
            "year": 2020,
            "quarter": 4,
            "eps": 0.59,
            "eps_growth_year": 107.34,
            "eps_4q": 2.58,
            "eps_4q_growth_year": 85.32,
            "roe": 1.65,
            "roe_4q": 7.539999999999999,
            "gross_profit": 413080,
            "gross_margin": 27.36,
            "gross_margin_4q_avg": 26.4,
            "net_income": 82717,
            "net_income_4q": null,
            "revenue": 1509805,
            "revenue_4q": null,
            "common_shares": 1401803,
            "book_valuer_per_share": 36.55,
            "book_valuer_per_share_4q_avg": 34.67,
            "equity": 5122195,
            "current_ratio": 276.72,
            "debt_ratio": 31.72,
            "inventory_turnover_ratio": 1.74,
            "account_receivable_turnover_ratio": 0.75,
            "reinvestment_rate": -6.46,
            "research_to_sale_ratio": 5.62,
            "price_fair": 74.78,
            "eps_avg_yearly": 2.14,
            "eps_latest_yearly": 2.36,
            "eps_growth_yearly": 377.32
        },
        "20211": {
            "year_quarter": 20211,
            "year": 2021,
            "quarter": 1,
            "eps": 0.92,
            "eps_growth_year": 170.59,
            "eps_4q": 3.16,
            "eps_4q_growth_year": 71.33,
            "roe": 2.48,
            "roe_4q": 9,
            "gross_profit": 383923,
            "gross_margin": 25.2,
            "gross_margin_4q_avg": 26.71,
            "net_income": 129211,
            "net_income_4q": null,
            "revenue": 1523311,
            "revenue_4q": null,
            "common_shares": 1401803,
            "book_valuer_per_share": 37.66,
            "book_valuer_per_share_4q_avg": 35.78,
            "equity": 5277950,
            "current_ratio": 252.05,
            "debt_ratio": 32.92,
            "inventory_turnover_ratio": 1.55,
            "account_receivable_turnover_ratio": 0.76,
            "reinvestment_rate": 17.97,
            "research_to_sale_ratio": 5.45,
            "price_fair": 78.94,
            "eps_avg_yearly": 2.26,
            "eps_latest_yearly": 3.68,
            "eps_growth_yearly": 365.51
        },
        "20212": {
            "year_quarter": 20212,
            "year": 2021,
            "quarter": 2,
            "eps": 0.98,
            "eps_growth_year": 68.97,
            "eps_4q": 3.56,
            "eps_4q_growth_year": 67.96,
            "roe": 2.56,
            "roe_4q": 9.809999999999999,
            "gross_profit": 440770,
            "gross_margin": 25.16,
            "gross_margin_4q_avg": 26.41,
            "net_income": 135642,
            "net_income_4q": null,
            "revenue": 1752111,
            "revenue_4q": null,
            "common_shares": 1401803,
            "book_valuer_per_share": 37.97,
            "book_valuer_per_share_4q_avg": 36.91,
            "equity": 5321059,
            "current_ratio": 196.91,
            "debt_ratio": 39.03,
            "inventory_turnover_ratio": 1.53,
            "account_receivable_turnover_ratio": 0.84,
            "reinvestment_rate": 76.19,
            "research_to_sale_ratio": 4.98,
            "price_fair": 83.1,
            "eps_avg_yearly": 2.37,
            "eps_latest_yearly": 3.92,
            "eps_growth_yearly": 341.26
        },
        "20213": {
            "year_quarter": 20213,
            "year": 2021,
            "quarter": 3,
            "eps": 1.14,
            "eps_growth_year": 6.54,
            "eps_4q": 3.64,
            "eps_4q_growth_year": 58.56,
            "roe": 3.02,
            "roe_4q": 9.71,
            "gross_profit": 457570,
            "gross_margin": 26.04,
            "gross_margin_4q_avg": 25.94,
            "net_income": 160333,
            "net_income_4q": null,
            "revenue": 1756958,
            "revenue_4q": null,
            "common_shares": 1401803,
            "book_valuer_per_share": 37.8,
            "book_valuer_per_share_4q_avg": 37.5,
            "equity": 5297257,
            "current_ratio": 178.42,
            "debt_ratio": 42.95,
            "inventory_turnover_ratio": 1.37,
            "account_receivable_turnover_ratio": 0.79,
            "reinvestment_rate": 89.09,
            "research_to_sale_ratio": 4.9,
            "price_fair": 88.4,
            "eps_avg_yearly": 2.53,
            "eps_latest_yearly": 4.56,
            "eps_growth_yearly": 342.81
        },
        "20214": {
            "year_quarter": 20214,
            "year": 2021,
            "quarter": 4,
            "eps": 0.99,
            "eps_growth_year": 68.42,
            "eps_4q": 4.04,
            "eps_4q_growth_year": 56.71,
            "roe": 2.58,
            "roe_4q": 10.64,
            "gross_profit": 404579,
            "gross_margin": 24.66,
            "gross_margin_4q_avg": 25.27,
            "net_income": 139316,
            "net_income_4q": null,
            "revenue": 1640733,
            "revenue_4q": null,
            "common_shares": 1401803,
            "book_valuer_per_share": 39.27,
            "book_valuer_per_share_4q_avg": 38.18,
            "equity": 5502518,
            "current_ratio": 234.58,
            "debt_ratio": 41.32,
            "inventory_turnover_ratio": 1.17,
            "account_receivable_turnover_ratio": 0.72,
            "reinvestment_rate": 100.07,
            "research_to_sale_ratio": 5.67,
            "price_fair": 97.5,
            "eps_avg_yearly": 2.79,
            "eps_latest_yearly": 3.96,
            "eps_growth_yearly": 363.88
        },
        "20221": {
            "year_quarter": 20221,
            "year": 2022,
            "quarter": 1,
            "eps": 1.02,
            "eps_growth_year": 10.87,
            "eps_4q": 4.14,
            "eps_4q_growth_year": 30.94,
            "roe": 2.55,
            "roe_4q": 10.71,
            "gross_profit": 383969,
            "gross_margin": 24.84,
            "gross_margin_4q_avg": 25.18,
            "net_income": 142944,
            "net_income_4q": null,
            "revenue": 1545912,
            "revenue_4q": null,
            "common_shares": 1401803,
            "book_valuer_per_share": 40.64,
            "book_valuer_per_share_4q_avg": 38.92,
            "equity": 5694593,
            "current_ratio": 212.8,
            "debt_ratio": 42.45,
            "inventory_turnover_ratio": 1,
            "account_receivable_turnover_ratio": 0.68,
            "reinvestment_rate": 112.47,
            "research_to_sale_ratio": 6.28,
            "price_fair": 107.2,
            "eps_avg_yearly": 3.06,
            "eps_latest_yearly": 4.08,
            "eps_growth_yearly": 375.46
        },
        "20222": {
            "year_quarter": 20222,
            "year": 2022,
            "quarter": 2,
            "eps": 1.54,
            "eps_growth_year": 57.14,
            "eps_4q": 4.69,
            "eps_4q_growth_year": 31.81,
            "roe": 3.8,
            "roe_4q": 11.95,
            "gross_profit": 436499,
            "gross_margin": 27.02,
            "gross_margin_4q_avg": 25.64,
            "net_income": 215294,
            "net_income_4q": null,
            "revenue": 1615640,
            "revenue_4q": null,
            "common_shares": 1401803,
            "book_valuer_per_share": 40.29,
            "book_valuer_per_share_4q_avg": 39.5,
            "equity": 5646608,
            "current_ratio": 271.52,
            "debt_ratio": 44.81,
            "inventory_turnover_ratio": 0.95,
            "account_receivable_turnover_ratio": 0.72,
            "reinvestment_rate": 99.53,
            "research_to_sale_ratio": 5.83,
            "price_fair": 117.5,
            "eps_avg_yearly": 3.36,
            "eps_latest_yearly": 6.16,
            "eps_growth_yearly": 127.16
        },
        "20223": {
            "year_quarter": 20223,
            "year": 2022,
            "quarter": 3,
            "eps": 1.67,
            "eps_growth_year": 46.49,
            "eps_4q": 5.22,
            "eps_4q_growth_year": 43.39,
            "roe": 4.05,
            "roe_4q": 12.979999999999999,
            "gross_profit": 388298,
            "gross_margin": 24,
            "gross_margin_4q_avg": 25.13,
            "net_income": 233482,
            "net_income_4q": null,
            "revenue": 1617982,
            "revenue_4q": null,
            "common_shares": 1401803,
            "book_valuer_per_share": 41.85,
            "book_valuer_per_share_4q_avg": 40.51,
            "equity": 5892235,
            "current_ratio": 235.27,
            "debt_ratio": 46.2,
            "inventory_turnover_ratio": 1.02,
            "account_receivable_turnover_ratio": 0.7,
            "reinvestment_rate": 107.2,
            "research_to_sale_ratio": 5.89,
            "price_fair": 121.5,
            "eps_avg_yearly": 3.47,
            "eps_latest_yearly": 6.68,
            "eps_growth_yearly": 87
        },
        "20224": {
            "year_quarter": 20224,
            "year": 2022,
            "quarter": 4,
            "eps": -0.01,
            "eps_growth_year": -100.55,
            "eps_4q": 4.22,
            "eps_4q_growth_year": 4.33,
            "roe": -0.02,
            "roe_4q": 10.379999999999999,
            "gross_profit": 344579,
            "gross_margin": 22.86,
            "gross_margin_4q_avg": 24.68,
            "net_income": -1140,
            "net_income_4q": null,
            "revenue": 1507537,
            "revenue_4q": null,
            "common_shares": 1401803,
            "book_valuer_per_share": 41.54,
            "book_valuer_per_share_4q_avg": 41.08,
            "equity": 5869827,
            "current_ratio": 270.46,
            "debt_ratio": 44.31,
            "inventory_turnover_ratio": 1.06,
            "account_receivable_turnover_ratio": 0.67,
            "reinvestment_rate": 122.67,
            "research_to_sale_ratio": 6.42,
            "price_fair": 129.12,
            "eps_avg_yearly": 3.69,
            "eps_latest_yearly": 6.68,
            "eps_growth_yearly": 120.58
        },
        "20231": {
            "year_quarter": 20231,
            "year": 2023,
            "quarter": 1,
            "eps": 0.57,
            "eps_growth_year": -44.12,
            "eps_4q": 3.77,
            "eps_4q_growth_year": -9.01,
            "roe": 1.34,
            "roe_4q": 9.17,
            "gross_profit": 351077,
            "gross_margin": 24.21,
            "gross_margin_4q_avg": 24.52,
            "net_income": 79448,
            "net_income_4q": null,
            "revenue": 1450214,
            "revenue_4q": null,
            "common_shares": 1401803,
            "book_valuer_per_share": 42.68,
            "book_valuer_per_share_4q_avg": 41.59,
            "equity": 6030956,
            "current_ratio": 233.91,
            "debt_ratio": 43.56,
            "inventory_turnover_ratio": 1.1,
            "account_receivable_turnover_ratio": 0.7,
            "reinvestment_rate": 108.53,
            "research_to_sale_ratio": 6.48,
            "price_fair": 129.12,
            "eps_avg_yearly": 3.69,
            "eps_latest_yearly": 6.68,
            "eps_growth_yearly": 120.58
        },
        "20232": {
            "year_quarter": 20232,
            "year": 2023,
            "quarter": 2,
            "eps": 1.58,
            "eps_growth_year": 2.6,
            "eps_4q": 3.81,
            "eps_4q_growth_year": -18.79,
            "roe": 3.67,
            "roe_4q": 9.04,
            "gross_profit": 436160,
            "gross_margin": 27.4,
            "gross_margin_4q_avg": 24.62,
            "net_income": 219942,
            "net_income_4q": null,
            "revenue": 1591585,
            "revenue_4q": null,
            "common_shares": 1401803,
            "book_valuer_per_share": 42.14,
            "book_valuer_per_share_4q_avg": 42.05,
            "equity": 5954419,
            "current_ratio": 186.8,
            "debt_ratio": 49.16,
            "inventory_turnover_ratio": 1.23,
            "account_receivable_turnover_ratio": 0.77,
            "reinvestment_rate": 103.49,
            "research_to_sale_ratio": 6.08,
            "price_fair": 135.7,
            "eps_avg_yearly": 3.88,
            "eps_latest_yearly": 6.32,
            "eps_growth_yearly": 162.6
        },
        "20233": {
            "year_quarter": 20233,
            "year": 2023,
            "quarter": 3,
            "eps": 2.07,
            "eps_growth_year": 23.95,
            "eps_4q": 3.99,
            "eps_4q_growth_year": -23.42,
            "roe": 4.63,
            "roe_4q": 9.620000000000001,
            "gross_profit": 524464,
            "gross_margin": 29.25,
            "gross_margin_4q_avg": 25.93,
            "net_income": 293703,
            "net_income_4q": null,
            "revenue": 1792975,
            "revenue_4q": null,
            "common_shares": 1489803,
            "book_valuer_per_share": 44.8,
            "book_valuer_per_share_4q_avg": 42.79,
            "equity": 6721271,
            "current_ratio": 210.03,
            "debt_ratio": 45.6,
            "inventory_turnover_ratio": 1.42,
            "account_receivable_turnover_ratio": 0.78,
            "reinvestment_rate": 105.39,
            "research_to_sale_ratio": 5.55,
            "price_fair": 147.7,
            "eps_avg_yearly": 4.22,
            "eps_latest_yearly": 8.28,
            "eps_growth_yearly": 114.32
        }
    },
    "months": {
        "2003-09": {
            "month": "2003-09",
            "price": "20.50",
            "revenue": 91101
        },
        "2003-10": {
            "month": "2003-10",
            "price": "23.70",
            "revenue": 91800
        },
        "2003-11": {
            "month": "2003-11",
            "price": "27.28",
            "revenue": 71230
        },
        "2003-12": {
            "month": "2003-12",
            "price": "29.19",
            "revenue": 50284
        },
        "2004-01": {
            "month": "2004-01",
            "price": "31.73",
            "revenue": 50004
        },
        "2004-02": {
            "month": "2004-02",
            "price": "31.65",
            "revenue": 64859
        },
        "2004-03": {
            "month": "2004-03",
            "price": "31.31",
            "revenue": 76144
        },
        "2004-04": {
            "month": "2004-04",
            "price": "34.97",
            "revenue": 72771
        },
        "2004-05": {
            "month": "2004-05",
            "price": "33.76",
            "revenue": 72312
        },
        "2004-06": {
            "month": "2004-06",
            "price": "34.20",
            "revenue": 60637
        },
        "2004-07": {
            "month": "2004-07",
            "price": "24.27",
            "revenue": 80174
        },
        "2004-08": {
            "month": "2004-08",
            "price": "24.86",
            "revenue": 82112
        },
        "2004-09": {
            "month": "2004-09",
            "price": "27.04",
            "revenue": 87175
        },
        "2004-10": {
            "month": "2004-10",
            "price": "24.82",
            "revenue": 83195
        },
        "2004-11": {
            "month": "2004-11",
            "price": "25.14",
            "revenue": 89241
        },
        "2004-12": {
            "month": "2004-12",
            "price": "28.65",
            "revenue": 81678
        },
        "2005-01": {
            "month": "2005-01",
            "price": "30.03",
            "revenue": 92681
        },
        "2005-02": {
            "month": "2005-02",
            "price": "34.72",
            "revenue": 96666
        },
        "2005-03": {
            "month": "2005-03",
            "price": "48.04",
            "revenue": 86728
        },
        "2005-04": {
            "month": "2005-04",
            "price": "43.74",
            "revenue": 88858
        },
        "2005-05": {
            "month": "2005-05",
            "price": "46.08",
            "revenue": 106944
        },
        "2005-06": {
            "month": "2005-06",
            "price": "55.75",
            "revenue": 89706
        },
        "2005-07": {
            "month": "2005-07",
            "price": "67.75",
            "revenue": 90202
        },
        "2005-08": {
            "month": "2005-08",
            "price": "73.17",
            "revenue": 106730
        },
        "2005-09": {
            "month": "2005-09",
            "price": "68.09",
            "revenue": 124629
        },
        "2005-10": {
            "month": "2005-10",
            "price": "69.72",
            "revenue": 136129
        },
        "2005-11": {
            "month": "2005-11",
            "price": "68.50",
            "revenue": 141654
        },
        "2005-12": {
            "month": "2005-12",
            "price": "77.92",
            "revenue": 102404
        },
        "2006-01": {
            "month": "2006-01",
            "price": "80.40",
            "revenue": 103222
        },
        "2006-02": {
            "month": "2006-02",
            "price": "68.34",
            "revenue": 107793
        },
        "2006-03": {
            "month": "2006-03",
            "price": "64.22",
            "revenue": 123099
        },
        "2006-04": {
            "month": "2006-04",
            "price": "75.83",
            "revenue": 121528
        },
        "2006-05": {
            "month": "2006-05",
            "price": "67.64",
            "revenue": 120064
        },
        "2006-06": {
            "month": "2006-06",
            "price": "56.48",
            "revenue": 130926
        },
        "2006-07": {
            "month": "2006-07",
            "price": "59.70",
            "revenue": 117649
        },
        "2006-08": {
            "month": "2006-08",
            "price": "62.64",
            "revenue": 156609
        },
        "2006-09": {
            "month": "2006-09",
            "price": "64.79",
            "revenue": 164245
        },
        "2006-10": {
            "month": "2006-10",
            "price": "64.71",
            "revenue": 181644
        },
        "2006-11": {
            "month": "2006-11",
            "price": "62.46",
            "revenue": 172638
        },
        "2006-12": {
            "month": "2006-12",
            "price": "64.40",
            "revenue": 101901
        },
        "2007-01": {
            "month": "2007-01",
            "price": "66.85",
            "revenue": 103724
        },
        "2007-02": {
            "month": "2007-02",
            "price": "66.01",
            "revenue": 80873
        },
        "2007-03": {
            "month": "2007-03",
            "price": "62.39",
            "revenue": 127215
        },
        "2007-04": {
            "month": "2007-04",
            "price": "62.39",
            "revenue": 138352
        },
        "2007-05": {
            "month": "2007-05",
            "price": "57.63",
            "revenue": 140017
        },
        "2007-06": {
            "month": "2007-06",
            "price": "61.60",
            "revenue": 141805
        },
        "2007-07": {
            "month": "2007-07",
            "price": "70.95",
            "revenue": 177230
        },
        "2007-08": {
            "month": "2007-08",
            "price": "69.79",
            "revenue": 190874
        },
        "2007-09": {
            "month": "2007-09",
            "price": "65.84",
            "revenue": 197197
        },
        "2007-10": {
            "month": "2007-10",
            "price": "69.42",
            "revenue": 220338
        },
        "2007-11": {
            "month": "2007-11",
            "price": "63.35",
            "revenue": 174520
        },
        "2007-12": {
            "month": "2007-12",
            "price": "52.22",
            "revenue": 131561
        },
        "2008-01": {
            "month": "2008-01",
            "price": "43.90",
            "revenue": 127415
        },
        "2008-02": {
            "month": "2008-02",
            "price": "43.17",
            "revenue": 98792
        },
        "2008-03": {
            "month": "2008-03",
            "price": "46.12",
            "revenue": 98877
        },
        "2008-04": {
            "month": "2008-04",
            "price": "46.95",
            "revenue": 146442
        },
        "2008-05": {
            "month": "2008-05",
            "price": "47.34",
            "revenue": 120999
        },
        "2008-06": {
            "month": "2008-06",
            "price": "40.86",
            "revenue": 117277
        },
        "2008-07": {
            "month": "2008-07",
            "price": "34.93",
            "revenue": 118790
        },
        "2008-08": {
            "month": "2008-08",
            "price": "30.01",
            "revenue": 133786
        },
        "2008-09": {
            "month": "2008-09",
            "price": "23.09",
            "revenue": 134016
        },
        "2008-10": {
            "month": "2008-10",
            "price": "18.89",
            "revenue": 134361
        },
        "2008-11": {
            "month": "2008-11",
            "price": "12.94",
            "revenue": 75478
        },
        "2008-12": {
            "month": "2008-12",
            "price": "11.94",
            "revenue": 44744
        },
        "2009-01": {
            "month": "2009-01",
            "price": "12.31",
            "revenue": 34317
        },
        "2009-02": {
            "month": "2009-02",
            "price": "13.05",
            "revenue": 56589
        },
        "2009-03": {
            "month": "2009-03",
            "price": "15.80",
            "revenue": 72046
        },
        "2009-04": {
            "month": "2009-04",
            "price": "17.03",
            "revenue": 87089
        },
        "2009-05": {
            "month": "2009-05",
            "price": "17.26",
            "revenue": 82453
        },
        "2009-06": {
            "month": "2009-06",
            "price": "15.90",
            "revenue": 88662
        },
        "2009-07": {
            "month": "2009-07",
            "price": "16.42",
            "revenue": 95812
        },
        "2009-08": {
            "month": "2009-08",
            "price": "16.88",
            "revenue": 104457
        },
        "2009-09": {
            "month": "2009-09",
            "price": "19.73",
            "revenue": 122798
        },
        "2009-10": {
            "month": "2009-10",
            "price": "26.04",
            "revenue": 129953
        },
        "2009-11": {
            "month": "2009-11",
            "price": "28.56",
            "revenue": 110884
        },
        "2009-12": {
            "month": "2009-12",
            "price": "29.80",
            "revenue": 95271
        },
        "2010-01": {
            "month": "2010-01",
            "price": "29.88",
            "revenue": 95696
        },
        "2010-02": {
            "month": "2010-02",
            "price": "24.99",
            "revenue": 72708
        },
        "2010-03": {
            "month": "2010-03",
            "price": "26.43",
            "revenue": 118771
        },
        "2010-04": {
            "month": "2010-04",
            "price": "28.77",
            "revenue": 116134
        },
        "2010-05": {
            "month": "2010-05",
            "price": "26.22",
            "revenue": 111032
        },
        "2010-06": {
            "month": "2010-06",
            "price": "24.81",
            "revenue": 126942
        },
        "2010-07": {
            "month": "2010-07",
            "price": "25.21",
            "revenue": 170753
        },
        "2010-08": {
            "month": "2010-08",
            "price": "27.78",
            "revenue": 186648
        },
        "2010-09": {
            "month": "2010-09",
            "price": "28.71",
            "revenue": 206713
        },
        "2010-10": {
            "month": "2010-10",
            "price": "29.76",
            "revenue": 172114
        },
        "2010-11": {
            "month": "2010-11",
            "price": "28.35",
            "revenue": 208958
        },
        "2010-12": {
            "month": "2010-12",
            "price": "29.59",
            "revenue": 221757
        },
        "2011-01": {
            "month": "2011-01",
            "price": "29.78",
            "revenue": 193277
        },
        "2011-02": {
            "month": "2011-02",
            "price": "29.39",
            "revenue": 177075
        },
        "2011-03": {
            "month": "2011-03",
            "price": "35.43",
            "revenue": 258113
        },
        "2011-04": {
            "month": "2011-04",
            "price": "38.45",
            "revenue": 247176
        },
        "2011-05": {
            "month": "2011-05",
            "price": "36.58",
            "revenue": 278713
        },
        "2011-06": {
            "month": "2011-06",
            "price": "33.79",
            "revenue": 281086
        },
        "2011-07": {
            "month": "2011-07",
            "price": "32.27",
            "revenue": 256697
        },
        "2011-08": {
            "month": "2011-08",
            "price": "26.50",
            "revenue": 291713
        },
        "2011-09": {
            "month": "2011-09",
            "price": "23.10",
            "revenue": 314047
        },
        "2011-10": {
            "month": "2011-10",
            "price": "23.16",
            "revenue": 276839
        },
        "2011-11": {
            "month": "2011-11",
            "price": "20.88",
            "revenue": 252504
        },
        "2011-12": {
            "month": "2011-12",
            "price": "16.80",
            "revenue": 235226
        },
        "2012-01": {
            "month": "2012-01",
            "price": "17.23",
            "revenue": 220799
        },
        "2012-02": {
            "month": "2012-02",
            "price": "21.46",
            "revenue": 241771
        },
        "2012-03": {
            "month": "2012-03",
            "price": "23.12",
            "revenue": 306799
        },
        "2012-04": {
            "month": "2012-04",
            "price": "19.71",
            "revenue": 190859
        },
        "2012-05": {
            "month": "2012-05",
            "price": "17.49",
            "revenue": 208794
        },
        "2012-06": {
            "month": "2012-06",
            "price": "17.64",
            "revenue": 226059
        },
        "2012-07": {
            "month": "2012-07",
            "price": "17.29",
            "revenue": 202852
        },
        "2012-08": {
            "month": "2012-08",
            "price": "16.65",
            "revenue": 231505
        },
        "2012-09": {
            "month": "2012-09",
            "price": "18.69",
            "revenue": 242613
        },
        "2012-10": {
            "month": "2012-10",
            "price": "18.38",
            "revenue": 235494
        },
        "2012-11": {
            "month": "2012-11",
            "price": "16.20",
            "revenue": 218397
        },
        "2012-12": {
            "month": "2012-12",
            "price": "17.19",
            "revenue": 195176
        },
        "2013-01": {
            "month": "2013-01",
            "price": "16.89",
            "revenue": 203333
        },
        "2013-02": {
            "month": "2013-02",
            "price": "17.34",
            "revenue": 146379
        },
        "2013-03": {
            "month": "2013-03",
            "price": "17.59",
            "revenue": 198244
        },
        "2013-04": {
            "month": "2013-04",
            "price": "17.79",
            "revenue": 210807
        },
        "2013-05": {
            "month": "2013-05",
            "price": "19.22",
            "revenue": 216703
        },
        "2013-06": {
            "month": "2013-06",
            "price": "20.21",
            "revenue": 221092
        },
        "2013-07": {
            "month": "2013-07",
            "price": "23.50",
            "revenue": 271847
        },
        "2013-08": {
            "month": "2013-08",
            "price": "26.04",
            "revenue": 289397
        },
        "2013-09": {
            "month": "2013-09",
            "price": "26.22",
            "revenue": 285639
        },
        "2013-10": {
            "month": "2013-10",
            "price": "25.97",
            "revenue": 267768
        },
        "2013-11": {
            "month": "2013-11",
            "price": "32.54",
            "revenue": 246326
        },
        "2013-12": {
            "month": "2013-12",
            "price": "36.55",
            "revenue": 241101
        },
        "2014-01": {
            "month": "2014-01",
            "price": "39.31",
            "revenue": 246524
        },
        "2014-02": {
            "month": "2014-02",
            "price": "43.71",
            "revenue": 179519
        },
        "2014-03": {
            "month": "2014-03",
            "price": "44.80",
            "revenue": 221485
        },
        "2014-04": {
            "month": "2014-04",
            "price": "40.58",
            "revenue": 276375
        },
        "2014-05": {
            "month": "2014-05",
            "price": "39.46",
            "revenue": 264345
        },
        "2014-06": {
            "month": "2014-06",
            "price": "44.64",
            "revenue": 294839
        },
        "2014-07": {
            "month": "2014-07",
            "price": "52.64",
            "revenue": 283405
        },
        "2014-08": {
            "month": "2014-08",
            "price": "47.51",
            "revenue": 304880
        },
        "2014-09": {
            "month": "2014-09",
            "price": "45.05",
            "revenue": 367106
        },
        "2014-10": {
            "month": "2014-10",
            "price": "43.38",
            "revenue": 326050
        },
        "2014-11": {
            "month": "2014-11",
            "price": "41.03",
            "revenue": 310817
        },
        "2014-12": {
            "month": "2014-12",
            "price": "41.72",
            "revenue": 301452
        },
        "2015-01": {
            "month": "2015-01",
            "price": "39.20",
            "revenue": 279825
        },
        "2015-02": {
            "month": "2015-02",
            "price": "37.59",
            "revenue": 201818
        },
        "2015-03": {
            "month": "2015-03",
            "price": "37.63",
            "revenue": 260343
        },
        "2015-04": {
            "month": "2015-04",
            "price": "39.08",
            "revenue": 272953
        },
        "2015-05": {
            "month": "2015-05",
            "price": "37.15",
            "revenue": 260849
        },
        "2015-06": {
            "month": "2015-06",
            "price": "35.14",
            "revenue": 277695
        },
        "2015-07": {
            "month": "2015-07",
            "price": "32.13",
            "revenue": 300195
        },
        "2015-08": {
            "month": "2015-08",
            "price": "20.86",
            "revenue": 328566
        },
        "2015-09": {
            "month": "2015-09",
            "price": "22.46",
            "revenue": 358852
        },
        "2015-10": {
            "month": "2015-10",
            "price": "26.48",
            "revenue": 315787
        },
        "2015-11": {
            "month": "2015-11",
            "price": "23.32",
            "revenue": 265914
        },
        "2015-12": {
            "month": "2015-12",
            "price": "21.93",
            "revenue": 277852
        },
        "2016-01": {
            "month": "2016-01",
            "price": "20.04",
            "revenue": 231369
        },
        "2016-02": {
            "month": "2016-02",
            "price": "21.37",
            "revenue": 175183
        },
        "2016-03": {
            "month": "2016-03",
            "price": "21.54",
            "revenue": 237998
        },
        "2016-04": {
            "month": "2016-04",
            "price": "20.84",
            "revenue": 243583
        },
        "2016-05": {
            "month": "2016-05",
            "price": "19.88",
            "revenue": 243965
        },
        "2016-06": {
            "month": "2016-06",
            "price": "19.91",
            "revenue": 266116
        },
        "2016-07": {
            "month": "2016-07",
            "price": "21.53",
            "revenue": 267473
        },
        "2016-08": {
            "month": "2016-08",
            "price": "22.38",
            "revenue": 305554
        },
        "2016-09": {
            "month": "2016-09",
            "price": "22.22",
            "revenue": 304639
        },
        "2016-10": {
            "month": "2016-10",
            "price": "21.18",
            "revenue": 256642
        },
        "2016-11": {
            "month": "2016-11",
            "price": "20.61",
            "revenue": 275235
        },
        "2016-12": {
            "month": "2016-12",
            "price": "19.90",
            "revenue": 292273
        },
        "2017-01": {
            "month": "2017-01",
            "price": "20.37",
            "revenue": 227399
        },
        "2017-02": {
            "month": "2017-02",
            "price": "21.67",
            "revenue": 213489
        },
        "2017-03": {
            "month": "2017-03",
            "price": "21.04",
            "revenue": 264923
        },
        "2017-04": {
            "month": "2017-04",
            "price": "19.71",
            "revenue": 273135
        },
        "2017-05": {
            "month": "2017-05",
            "price": "19.74",
            "revenue": 298267
        },
        "2017-06": {
            "month": "2017-06",
            "price": "20.01",
            "revenue": 341253
        },
        "2017-07": {
            "month": "2017-07",
            "price": "24.68",
            "revenue": 331231
        },
        "2017-08": {
            "month": "2017-08",
            "price": "26.00",
            "revenue": 376195
        },
        "2017-09": {
            "month": "2017-09",
            "price": "27.48",
            "revenue": 366829
        },
        "2017-10": {
            "month": "2017-10",
            "price": "27.23",
            "revenue": 328115
        },
        "2017-11": {
            "month": "2017-11",
            "price": "27.94",
            "revenue": 375856
        },
        "2017-12": {
            "month": "2017-12",
            "price": "27.18",
            "revenue": 361168
        },
        "2018-01": {
            "month": "2018-01",
            "price": "28.39",
            "revenue": 332180
        },
        "2018-02": {
            "month": "2018-02",
            "price": "26.57",
            "revenue": 250842
        },
        "2018-03": {
            "month": "2018-03",
            "price": "27.78",
            "revenue": 300576
        },
        "2018-04": {
            "month": "2018-04",
            "price": "40.34",
            "revenue": 301805
        },
        "2018-05": {
            "month": "2018-05",
            "price": "44.48",
            "revenue": 294621
        },
        "2018-06": {
            "month": "2018-06",
            "price": "48.80",
            "revenue": 343155
        },
        "2018-07": {
            "month": "2018-07",
            "price": "41.62",
            "revenue": 379687
        },
        "2018-08": {
            "month": "2018-08",
            "price": "35.53",
            "revenue": 383739
        },
        "2018-09": {
            "month": "2018-09",
            "price": "34.60",
            "revenue": 365692
        },
        "2018-10": {
            "month": "2018-10",
            "price": "26.45",
            "revenue": 371543
        },
        "2018-11": {
            "month": "2018-11",
            "price": "28.83",
            "revenue": 366700
        },
        "2018-12": {
            "month": "2018-12",
            "price": "29.64",
            "revenue": 307736
        },
        "2019-01": {
            "month": "2019-01",
            "price": "28.44",
            "revenue": 290818
        },
        "2019-02": {
            "month": "2019-02",
            "price": "32.80",
            "revenue": 238796
        },
        "2019-03": {
            "month": "2019-03",
            "price": "32.85",
            "revenue": 334249
        },
        "2019-04": {
            "month": "2019-04",
            "price": "34.90",
            "revenue": 347916
        },
        "2019-05": {
            "month": "2019-05",
            "price": "30.13",
            "revenue": 340027
        },
        "2019-06": {
            "month": "2019-06",
            "price": "28.42",
            "revenue": 336552
        },
        "2019-07": {
            "month": "2019-07",
            "price": "29.62",
            "revenue": 369310
        },
        "2019-08": {
            "month": "2019-08",
            "price": "30.02",
            "revenue": 409195
        },
        "2019-09": {
            "month": "2019-09",
            "price": "32.04",
            "revenue": 426362
        },
        "2019-10": {
            "month": "2019-10",
            "price": "36.42",
            "revenue": 379351
        },
        "2019-11": {
            "month": "2019-11",
            "price": "35.71",
            "revenue": 378912
        },
        "2019-12": {
            "month": "2019-12",
            "price": "37.50",
            "revenue": 378976
        },
        "2020-01": {
            "month": "2020-01",
            "price": "36.94",
            "revenue": 293344
        },
        "2020-02": {
            "month": "2020-02",
            "price": "33.79",
            "revenue": 224695
        },
        "2020-03": {
            "month": "2020-03",
            "price": "25.04",
            "revenue": 371293
        },
        "2020-04": {
            "month": "2020-04",
            "price": "27.87",
            "revenue": 425644
        },
        "2020-05": {
            "month": "2020-05",
            "price": "30.88",
            "revenue": 409163
        },
        "2020-06": {
            "month": "2020-06",
            "price": "31.11",
            "revenue": 423165
        },
        "2020-07": {
            "month": "2020-07",
            "price": "33.39",
            "revenue": 493839
        },
        "2020-08": {
            "month": "2020-08",
            "price": "34.89",
            "revenue": 523063
        },
        "2020-09": {
            "month": "2020-09",
            "price": "37.68",
            "revenue": 573311
        },
        "2020-10": {
            "month": "2020-10",
            "price": "42.77",
            "revenue": 481650
        },
        "2020-11": {
            "month": "2020-11",
            "price": "52.00",
            "revenue": 510648
        },
        "2020-12": {
            "month": "2020-12",
            "price": "59.52",
            "revenue": 517507
        },
        "2021-01": {
            "month": "2021-01",
            "price": "75.64",
            "revenue": 558436
        },
        "2021-02": {
            "month": "2021-02",
            "price": "74.11",
            "revenue": 421317
        },
        "2021-03": {
            "month": "2021-03",
            "price": "77.47",
            "revenue": 543558
        },
        "2021-04": {
            "month": "2021-04",
            "price": "72.68",
            "revenue": 577335
        },
        "2021-05": {
            "month": "2021-05",
            "price": "57.23",
            "revenue": 579680
        },
        "2021-06": {
            "month": "2021-06",
            "price": "60.22",
            "revenue": 569056
        },
        "2021-07": {
            "month": "2021-07",
            "price": "70.16",
            "revenue": 543406
        },
        "2021-08": {
            "month": "2021-08",
            "price": "58.95",
            "revenue": 603859
        },
        "2021-09": {
            "month": "2021-09",
            "price": "55.93",
            "revenue": 610371
        },
        "2021-10": {
            "month": "2021-10",
            "price": "53.26",
            "revenue": 512574
        },
        "2021-11": {
            "month": "2021-11",
            "price": "60.44",
            "revenue": 528783
        },
        "2021-12": {
            "month": "2021-12",
            "price": "67.77",
            "revenue": 599292
        },
        "2022-01": {
            "month": "2022-01",
            "price": "68.05",
            "revenue": 550147
        },
        "2022-02": {
            "month": "2022-02",
            "price": "62.62",
            "revenue": 417927
        },
        "2022-03": {
            "month": "2022-03",
            "price": "58.41",
            "revenue": 577838
        },
        "2022-04": {
            "month": "2022-04",
            "price": "57.66",
            "revenue": 514904
        },
        "2022-05": {
            "month": "2022-05",
            "price": "52.33",
            "revenue": 548518
        },
        "2022-06": {
            "month": "2022-06",
            "price": "54.43",
            "revenue": 552218
        },
        "2022-07": {
            "month": "2022-07",
            "price": "47.21",
            "revenue": 529119
        },
        "2022-08": {
            "month": "2022-08",
            "price": "50.43",
            "revenue": 521569
        },
        "2022-09": {
            "month": "2022-09",
            "price": "49.17",
            "revenue": 567294
        },
        "2022-10": {
            "month": "2022-10",
            "price": "41.02",
            "revenue": 508410
        },
        "2022-11": {
            "month": "2022-11",
            "price": "47.86",
            "revenue": 516986
        },
        "2022-12": {
            "month": "2022-12",
            "price": "51.01",
            "revenue": 482141
        },
        "2023-01": {
            "month": "2023-01",
            "price": "51.27",
            "revenue": 403536
        },
        "2023-02": {
            "month": "2023-02",
            "price": "57.16",
            "revenue": 469277
        },
        "2023-03": {
            "month": "2023-03",
            "price": "57.48",
            "revenue": 577401
        },
        "2023-04": {
            "month": "2023-04",
            "price": "58.32",
            "revenue": 566043
        },
        "2023-05": {
            "month": "2023-05",
            "price": "55.85",
            "revenue": 505764
        },
        "2023-06": {
            "month": "2023-06",
            "price": "55.24",
            "revenue": 519778
        },
        "2023-07": {
            "month": "2023-07",
            "price": "54.20",
            "revenue": 543315
        },
        "2023-08": {
            "month": "2023-08",
            "price": "49.75",
            "revenue": 599261
        },
        "2023-09": {
            "month": "2023-09",
            "price": "60.66",
            "revenue": 650399
        },
        "2023-10": {
            "month": "2023-10",
            "price": "65.90",
            "revenue": 566936
        },
        "2023-11": {
            "month": "2023-11",
            "price": "78.25",
            "revenue": 628725
        },
        "2023-12": {
            "month": "2023-12",
            "price": "84.90",
            "revenue": 573626
        }
    }
}
