{
    "summary": {
        "stock_name": "啟碁",
        "stock_id": "6285",
        "category": "通信網路",
        "main_business": "衛星通訊系列產品<br>移動與攜帶產品之通訊系列產品<br>上述產品相關之進出口貿易業務",
        "website_url": "http://www.wnc.com.tw",
        "ceo": "高健榮",
        "pe_ratio": 10,
        "report_year_from": 2002,
        "report_year_to": 2023,
        "age": 21,
        "eps_negative_percentage": 0,
        "eps_growth_avg": {
            "last_all": 5.98,
            "last_2y": 27.72,
            "last_4y": 8.9,
            "last_8y": 7.73,
            "last_12y": 9.85,
            "last_16y": 6.56,
            "last_20y": null,
            "at_2006_last_3y": 14.38,
            "at_2007_last_3y": -6.62,
            "at_2008_last_3y": -3.84,
            "at_2009_last_3y": -4.11,
            "at_2010_last_3y": -7.16,
            "at_2011_last_3y": 6.02,
            "at_2012_last_3y": 7.23,
            "at_2013_last_3y": 14.61,
            "at_2014_last_3y": 2.18,
            "at_2015_last_3y": 5.02,
            "at_2016_last_3y": 14.5,
            "at_2017_last_3y": 6.27,
            "at_2018_last_3y": 6.52,
            "at_2019_last_3y": -10.29,
            "at_2020_last_3y": -10.48,
            "at_2021_last_3y": -13.87,
            "at_2022_last_3y": 13.95,
            "at_2023_last_3y": 13.95,
            "at_2006_last_all": 14.38,
            "at_2007_last_all": 6.67,
            "at_2008_last_all": -1.57,
            "at_2009_last_all": -1.22,
            "at_2010_last_all": 3.61,
            "at_2011_last_all": 6.38,
            "at_2012_last_all": 1.95,
            "at_2013_last_all": 4.54,
            "at_2014_last_all": 3.14,
            "at_2015_last_all": 5.96,
            "at_2016_last_all": 5.54,
            "at_2017_last_all": 5,
            "at_2018_last_all": 3.98,
            "at_2019_last_all": 2.14,
            "at_2020_last_all": 1.98,
            "at_2021_last_all": 1.03,
            "at_2022_last_all": 5.98,
            "at_2023_last_all": 5.98
        },
        "latest_eps": 8.27,
        "latest_price": 86,
        "latest_roe": 17.26,
        "latest_gross_margin": 11.1,
        "latest_equity": 21751353,
        "latest_revenue": 25266473,
        "latest_gross_profit": 2803795,
        "latest_net_income": 575253,
        "latest_debt_ratio": 65.03,
        "latest_current_ratio": 138.95,
        "latest_account_receivable_turnover_ratio": 1.25,
        "latest_inventory_turnover_ratio": 0.94,
        "latest_reinvestment_rate": 54.42,
        "latest_research_to_sale_ratio": 3.5
    },
    "eps_dividends": {
        "2001": {
            "cash": 0,
            "stock": 0,
            "eps": 0
        },
        "2002": {
            "cash": 0,
            "stock": 0,
            "eps": 6.94
        },
        "2003": {
            "cash": 4,
            "stock": 2,
            "eps": 11.09
        },
        "2004": {
            "cash": 3,
            "stock": 1,
            "eps": 5.12
        },
        "2005": {
            "cash": 1,
            "stock": 1,
            "eps": 5.22
        },
        "2006": {
            "cash": 2,
            "stock": 2,
            "eps": 7.81
        },
        "2007": {
            "cash": 3,
            "stock": 2,
            "eps": 5.92
        },
        "2008": {
            "cash": 2,
            "stock": 2,
            "eps": 3.39
        },
        "2009": {
            "cash": 1,
            "stock": 1,
            "eps": 3.42
        },
        "2010": {
            "cash": 2,
            "stock": 1,
            "eps": 4.7
        },
        "2011": {
            "cash": 8,
            "stock": 2,
            "eps": 6.04
        },
        "2012": {
            "cash": 0,
            "stock": 0,
            "eps": 3.75
        },
        "2013": {
            "cash": 2,
            "stock": 0,
            "eps": 4.89
        },
        "2014": {
            "cash": 3,
            "stock": 0,
            "eps": 4.29
        },
        "2015": {
            "cash": 3,
            "stock": 0,
            "eps": 6
        },
        "2016": {
            "cash": 4,
            "stock": 0,
            "eps": 6
        },
        "2017": {
            "cash": 4,
            "stock": 0,
            "eps": 5.85
        },
        "2018": {
            "cash": 4,
            "stock": 0,
            "eps": 5.19
        },
        "2019": {
            "cash": 4,
            "stock": 0,
            "eps": 3.77
        },
        "2020": {
            "cash": 3,
            "stock": 0,
            "eps": 3.74
        },
        "2021": {
            "cash": 3,
            "stock": 0,
            "eps": 3.14
        },
        "2022": {
            "cash": 2,
            "stock": 0,
            "eps": 7.88
        },
        "2023": {
            "cash": 5,
            "stock": 0,
            "eps": 1.43
        }
    },
    "dividends": {
        "2003-04-07": {
            "cash": 4,
            "stock": 2
        },
        "2004-04-29": {
            "cash": 3.44,
            "stock": 1.48
        },
        "2005-03-24": {
            "cash": 0.98,
            "stock": 1.47
        },
        "2006-03-23": {
            "cash": 1.5,
            "stock": 1.5
        },
        "2007-03-22": {
            "cash": 2.99,
            "stock": 2
        },
        "2008-04-22": {
            "cash": 2,
            "stock": 1.5
        },
        "2009-04-23": {
            "cash": 1,
            "stock": 0.5
        },
        "2010-04-21": {
            "cash": 1.79,
            "stock": 0.5
        },
        "2011-01-01": {
            "cash": 3.5,
            "stock": 0.5
        },
        "2011-04-20": {
            "cash": 3.5,
            "stock": 0.5
        },
        "2013-03-20": {
            "cash": 2.2,
            "stock": 0.3
        },
        "2014-08-27": {
            "cash": 3,
            "stock": 0.2
        },
        "2015-08-27": {
            "cash": 2.7,
            "stock": 0.2
        },
        "2016-08-31": {
            "cash": 3.7,
            "stock": 0.3
        },
        "2017-08-31": {
            "cash": 3.7,
            "stock": 0.3
        },
        "2018-08-31": {
            "cash": 3.7,
            "stock": 0.2
        },
        "2019-08-29": {
            "cash": 3.5,
            "stock": 0
        },
        "2020-08-06": {
            "cash": 2.5,
            "stock": 0
        },
        "2021-08-20": {
            "cash": 2.5,
            "stock": 0
        },
        "2022-08-04": {
            "cash": 2.1,
            "stock": 0
        },
        "2023-03-10": {
            "cash": 5,
            "stock": 0
        }
    },
    "prices": {
        "200101": "無",
        "200102": "無",
        "200103": "無",
        "200104": "無",
        "200105": "無",
        "200106": "無",
        "200107": "無",
        "200108": "無",
        "200109": "無",
        "200110": "無",
        "200111": "無",
        "200112": "無",
        "200201": "無",
        "200202": "無",
        "200203": "無",
        "200204": "無",
        "200205": "無",
        "200206": "無",
        "200207": "無",
        "200208": "無",
        "200209": "無",
        "200210": "無",
        "200211": "無",
        "200212": "無",
        "200301": "無",
        "200302": "無",
        "200303": "無",
        "200304": "無",
        "200305": "無",
        "200306": "無",
        "200307": "無",
        "200308": "無",
        "200309": "144.71",
        "200310": "129.57",
        "200311": "130.68",
        "200312": "137.91",
        "200401": "131.20",
        "200402": "134.88",
        "200403": "124.63",
        "200404": "110.18",
        "200405": "67.60",
        "200406": "58.36",
        "200407": "50.35",
        "200408": "40.42",
        "200409": "40.60",
        "200410": "38.00",
        "200411": "46.06",
        "200412": "54.00",
        "200501": "50.70",
        "200502": "69.65",
        "200503": "77.22",
        "200504": "69.76",
        "200505": "75.92",
        "200506": "80.54",
        "200507": "70.06",
        "200508": "58.17",
        "200509": "62.76",
        "200510": "60.14",
        "200511": "65.08",
        "200512": "72.69",
        "200601": "83.88",
        "200602": "83.16",
        "200603": "100.90",
        "200604": "128.37",
        "200605": "121.00",
        "200606": "79.95",
        "200607": "77.94",
        "200608": "81.06",
        "200609": "86.70",
        "200610": "83.00",
        "200611": "91.41",
        "200612": "84.83",
        "200701": "89.09",
        "200702": "90.18",
        "200703": "95.61",
        "200704": "85.28",
        "200705": "85.38",
        "200706": "93.70",
        "200707": "99.25",
        "200708": "77.65",
        "200709": "75.22",
        "200710": "75.07",
        "200711": "66.82",
        "200712": "60.34",
        "200801": "45.59",
        "200802": "43.84",
        "200803": "44.87",
        "200804": "57.07",
        "200805": "61.70",
        "200806": "52.84",
        "200807": "50.99",
        "200808": "43.37",
        "200809": "32.81",
        "200810": "30.10",
        "200811": "23.71",
        "200812": "21.52",
        "200901": "21.67",
        "200902": "21.42",
        "200903": "24.30",
        "200904": "28.90",
        "200905": "36.95",
        "200906": "32.01",
        "200907": "35.70",
        "200908": "34.41",
        "200909": "40.74",
        "200910": "43.93",
        "200911": "45.31",
        "200912": "48.80",
        "201001": "52.24",
        "201002": "51.31",
        "201003": "55.94",
        "201004": "56.52",
        "201005": "56.82",
        "201006": "58.14",
        "201007": "60.10",
        "201008": "63.89",
        "201009": "65.67",
        "201010": "67.65",
        "201011": "63.14",
        "201012": "69.07",
        "201101": "76.70",
        "201102": "95.22",
        "201103": "96.79",
        "201104": "103.35",
        "201105": "107.00",
        "201106": "105.79",
        "201107": "97.25",
        "201108": "84.51",
        "201109": "73.04",
        "201110": "75.70",
        "201111": "64.61",
        "201112": "51.02",
        "201201": "53.54",
        "201202": "65.14",
        "201203": "66.89",
        "201204": "61.24",
        "201205": "55.05",
        "201206": "56.46",
        "201207": "60.86",
        "201208": "55.56",
        "201209": "54.80",
        "201210": "49.34",
        "201211": "42.85",
        "201212": "47.19",
        "201301": "49.74",
        "201302": "54.20",
        "201303": "51.93",
        "201304": "49.11",
        "201305": "47.84",
        "201306": "45.98",
        "201307": "45.80",
        "201308": "49.97",
        "201309": "62.34",
        "201310": "67.82",
        "201311": "70.36",
        "201312": "74.84",
        "201401": "76.72",
        "201402": "77.27",
        "201403": "72.30",
        "201404": "68.87",
        "201405": "68.65",
        "201406": "72.36",
        "201407": "79.38",
        "201408": "76.93",
        "201409": "74.22",
        "201410": "66.80",
        "201411": "61.86",
        "201412": "65.58",
        "201501": "67.99",
        "201502": "71.05",
        "201503": "73.09",
        "201504": "76.74",
        "201505": "88.53",
        "201506": "89.73",
        "201507": "82.54",
        "201508": "66.27",
        "201509": "67.14",
        "201510": "78.85",
        "201511": "85.60",
        "201512": "86.86",
        "201601": "82.69",
        "201602": "87.39",
        "201603": "83.67",
        "201604": "84.85",
        "201605": "76.71",
        "201606": "81.49",
        "201607": "84.43",
        "201608": "88.70",
        "201609": "96.35",
        "201610": "92.52",
        "201611": "87.85",
        "201612": "87.37",
        "201701": "89.75",
        "201702": "90.82",
        "201703": "87.00",
        "201704": "82.86",
        "201705": "88.50",
        "201706": "89.36",
        "201707": "94.99",
        "201708": "93.24",
        "201709": "91.02",
        "201710": "87.21",
        "201711": "85.31",
        "201712": "84.58",
        "201801": "86.59",
        "201802": "82.09",
        "201803": "78.33",
        "201804": "73.12",
        "201805": "69.19",
        "201806": "72.97",
        "201807": "75.13",
        "201808": "72.04",
        "201809": "71.73",
        "201810": "70.73",
        "201811": "73.67",
        "201812": "78.57",
        "201901": "79.03",
        "201902": "77.06",
        "201903": "79.78",
        "201904": "80.96",
        "201905": "72.29",
        "201906": "71.14",
        "201907": "76.28",
        "201908": "77.19",
        "201909": "81.95",
        "201910": "80.47",
        "201911": "74.78",
        "201912": "75.19",
        "202001": "74.42",
        "202002": "71.01",
        "202003": "57.92",
        "202004": "59.28",
        "202005": "62.90",
        "202006": "64.38",
        "202007": "66.26",
        "202008": "69.73",
        "202009": "80.14",
        "202010": "77.47",
        "202011": "80.87",
        "202012": "78.53",
        "202101": "77.61",
        "202102": "77.12",
        "202103": "74.61",
        "202104": "74.54",
        "202105": "65.90",
        "202106": "68.55",
        "202107": "77.13",
        "202108": "71.29",
        "202109": "71.56",
        "202110": "72.50",
        "202111": "76.56",
        "202112": "75.37",
        "202201": "73.49",
        "202202": "72.74",
        "202203": "70.26",
        "202204": "73.49",
        "202205": "64.98",
        "202206": "67.48",
        "202207": "69.69",
        "202208": "80.82",
        "202209": "83.78",
        "202210": "84.38",
        "202211": "83.78",
        "202212": "84.90",
        "202301": "81.10",
        "202302": "85.49",
        "202303": "89.56",
        "202304": "96.21",
        "202305": "88.89"
    },
    "quarters": {
        "20011": {
            "year_quarter": 20011,
            "year": 2001,
            "quarter": 1,
            "eps": null,
            "eps_growth_year": null,
            "eps_4q": null,
            "eps_4q_growth_year": null,
            "roe": null,
            "roe_4q": 0,
            "gross_profit": null,
            "gross_margin": null,
            "gross_margin_4q_avg": 0,
            "net_income": null,
            "revenue": null,
            "common_shares": null,
            "book_valuer_per_share": null,
            "book_valuer_per_share_4q_avg": 0,
            "equity": null,
            "current_ratio": null,
            "debt_ratio": null,
            "inventory_turnover_ratio": null,
            "account_receivable_turnover_ratio": null,
            "reinvestment_rate": null,
            "research_to_sale_ratio": null,
            "price_fair": 0,
            "eps_avg_yearly": 0,
            "eps_latest_yearly": 0,
            "eps_growth_yearly": 0
        },
        "20012": {
            "year_quarter": 20012,
            "year": 2001,
            "quarter": 2,
            "eps": null,
            "eps_growth_year": null,
            "eps_4q": null,
            "eps_4q_growth_year": null,
            "roe": null,
            "roe_4q": 0,
            "gross_profit": null,
            "gross_margin": null,
            "gross_margin_4q_avg": 0,
            "net_income": null,
            "revenue": null,
            "common_shares": null,
            "book_valuer_per_share": null,
            "book_valuer_per_share_4q_avg": 0,
            "equity": null,
            "current_ratio": null,
            "debt_ratio": null,
            "inventory_turnover_ratio": null,
            "account_receivable_turnover_ratio": null,
            "reinvestment_rate": null,
            "research_to_sale_ratio": null,
            "price_fair": 0,
            "eps_avg_yearly": 0,
            "eps_latest_yearly": 0,
            "eps_growth_yearly": 0
        },
        "20013": {
            "year_quarter": 20013,
            "year": 2001,
            "quarter": 3,
            "eps": null,
            "eps_growth_year": null,
            "eps_4q": null,
            "eps_4q_growth_year": null,
            "roe": null,
            "roe_4q": 0,
            "gross_profit": null,
            "gross_margin": null,
            "gross_margin_4q_avg": 0,
            "net_income": null,
            "revenue": null,
            "common_shares": null,
            "book_valuer_per_share": null,
            "book_valuer_per_share_4q_avg": 0,
            "equity": null,
            "current_ratio": null,
            "debt_ratio": null,
            "inventory_turnover_ratio": null,
            "account_receivable_turnover_ratio": null,
            "reinvestment_rate": null,
            "research_to_sale_ratio": null,
            "price_fair": 0,
            "eps_avg_yearly": 0,
            "eps_latest_yearly": 0,
            "eps_growth_yearly": 0
        },
        "20014": {
            "year_quarter": 20014,
            "year": 2001,
            "quarter": 4,
            "eps": null,
            "eps_growth_year": null,
            "eps_4q": null,
            "eps_4q_growth_year": null,
            "roe": null,
            "roe_4q": 0,
            "gross_profit": null,
            "gross_margin": null,
            "gross_margin_4q_avg": 0,
            "net_income": null,
            "revenue": null,
            "common_shares": 480000,
            "book_valuer_per_share": 13.24,
            "book_valuer_per_share_4q_avg": 3.31,
            "equity": 635720,
            "current_ratio": 152.08,
            "debt_ratio": 56.84,
            "inventory_turnover_ratio": null,
            "account_receivable_turnover_ratio": null,
            "reinvestment_rate": null,
            "research_to_sale_ratio": null,
            "price_fair": 0,
            "eps_avg_yearly": 0,
            "eps_latest_yearly": 0,
            "eps_growth_yearly": 0
        },
        "20021": {
            "year_quarter": 20021,
            "year": 2002,
            "quarter": 1,
            "eps": null,
            "eps_growth_year": null,
            "eps_4q": null,
            "eps_4q_growth_year": null,
            "roe": null,
            "roe_4q": 0,
            "gross_profit": null,
            "gross_margin": null,
            "gross_margin_4q_avg": 0,
            "net_income": null,
            "revenue": null,
            "common_shares": null,
            "book_valuer_per_share": null,
            "book_valuer_per_share_4q_avg": 3.31,
            "equity": null,
            "current_ratio": null,
            "debt_ratio": null,
            "inventory_turnover_ratio": null,
            "account_receivable_turnover_ratio": null,
            "reinvestment_rate": null,
            "research_to_sale_ratio": null,
            "price_fair": 0,
            "eps_avg_yearly": 0,
            "eps_latest_yearly": 0,
            "eps_growth_yearly": 0
        },
        "20022": {
            "year_quarter": 20022,
            "year": 2002,
            "quarter": 2,
            "eps": null,
            "eps_growth_year": null,
            "eps_4q": null,
            "eps_4q_growth_year": null,
            "roe": null,
            "roe_4q": 0,
            "gross_profit": null,
            "gross_margin": null,
            "gross_margin_4q_avg": 0,
            "net_income": null,
            "revenue": null,
            "common_shares": null,
            "book_valuer_per_share": null,
            "book_valuer_per_share_4q_avg": 3.31,
            "equity": null,
            "current_ratio": null,
            "debt_ratio": null,
            "inventory_turnover_ratio": null,
            "account_receivable_turnover_ratio": null,
            "reinvestment_rate": null,
            "research_to_sale_ratio": null,
            "price_fair": 0,
            "eps_avg_yearly": 0,
            "eps_latest_yearly": 0,
            "eps_growth_yearly": 0
        },
        "20023": {
            "year_quarter": 20023,
            "year": 2002,
            "quarter": 3,
            "eps": 3.36,
            "eps_growth_year": null,
            "eps_4q": null,
            "eps_4q_growth_year": null,
            "roe": 15.02,
            "roe_4q": 15.02,
            "gross_profit": 308577,
            "gross_margin": 26.09,
            "gross_margin_4q_avg": 6.52,
            "net_income": 182246,
            "revenue": 1182555,
            "common_shares": 541957,
            "book_valuer_per_share": 22.39,
            "book_valuer_per_share_4q_avg": 8.91,
            "equity": 1213173,
            "current_ratio": 137.15,
            "debt_ratio": 53.76,
            "inventory_turnover_ratio": 2.54,
            "account_receivable_turnover_ratio": null,
            "reinvestment_rate": null,
            "research_to_sale_ratio": null,
            "price_fair": 0,
            "eps_avg_yearly": 0,
            "eps_latest_yearly": 0,
            "eps_growth_yearly": 0
        },
        "20024": {
            "year_quarter": 20024,
            "year": 2002,
            "quarter": 4,
            "eps": 3.58,
            "eps_growth_year": null,
            "eps_4q": null,
            "eps_4q_growth_year": null,
            "roe": 12.31,
            "roe_4q": 27.33,
            "gross_profit": 459696,
            "gross_margin": 28.3,
            "gross_margin_4q_avg": 13.6,
            "net_income": 199375,
            "revenue": 1624601,
            "common_shares": 644000,
            "book_valuer_per_share": 31.45,
            "book_valuer_per_share_4q_avg": 13.46,
            "equity": 2025639,
            "current_ratio": 189.78,
            "debt_ratio": 43.11,
            "inventory_turnover_ratio": 2.75,
            "account_receivable_turnover_ratio": null,
            "reinvestment_rate": null,
            "research_to_sale_ratio": null,
            "price_fair": 501.2,
            "eps_avg_yearly": 14.32,
            "eps_latest_yearly": 14.32,
            "eps_growth_yearly": 26.19
        },
        "20031": {
            "year_quarter": 20031,
            "year": 2003,
            "quarter": 1,
            "eps": 4.11,
            "eps_growth_year": null,
            "eps_4q": null,
            "eps_4q_growth_year": null,
            "roe": 12.28,
            "roe_4q": 39.61,
            "gross_profit": 429612,
            "gross_margin": 27.82,
            "gross_margin_4q_avg": 20.55,
            "net_income": 264961,
            "revenue": 1544018,
            "common_shares": 644000,
            "book_valuer_per_share": 35.57,
            "book_valuer_per_share_4q_avg": 22.35,
            "equity": 2290600,
            "current_ratio": 214.73,
            "debt_ratio": 35.92,
            "inventory_turnover_ratio": 2.2,
            "account_receivable_turnover_ratio": null,
            "reinvestment_rate": null,
            "research_to_sale_ratio": null,
            "price_fair": 538.3,
            "eps_avg_yearly": 15.38,
            "eps_latest_yearly": 16.44,
            "eps_growth_yearly": 42.7
        },
        "20032": {
            "year_quarter": 20032,
            "year": 2003,
            "quarter": 2,
            "eps": 2.79,
            "eps_growth_year": null,
            "eps_4q": 10.76,
            "eps_4q_growth_year": null,
            "roe": 10.05,
            "roe_4q": 49.66,
            "gross_profit": 484703,
            "gross_margin": 25.66,
            "gross_margin_4q_avg": 26.97,
            "net_income": 226373,
            "revenue": 1889125,
            "common_shares": 809980,
            "book_valuer_per_share": 27.33,
            "book_valuer_per_share_4q_avg": 29.19,
            "equity": 2213898,
            "current_ratio": 173.91,
            "debt_ratio": 45.73,
            "inventory_turnover_ratio": 2.42,
            "account_receivable_turnover_ratio": null,
            "reinvestment_rate": null,
            "research_to_sale_ratio": null,
            "price_fair": 41.92,
            "eps_avg_yearly": 13.97,
            "eps_latest_yearly": 11.16,
            "eps_growth_yearly": -14.35
        },
        "20033": {
            "year_quarter": 20033,
            "year": 2003,
            "quarter": 3,
            "eps": 2.3,
            "eps_growth_year": -31.55,
            "eps_4q": 10.83,
            "eps_4q_growth_year": null,
            "roe": 8.08,
            "roe_4q": 42.720000000000006,
            "gross_profit": 445049,
            "gross_margin": 22.75,
            "gross_margin_4q_avg": 26.13,
            "net_income": 186311,
            "revenue": 1956366,
            "common_shares": 809980,
            "book_valuer_per_share": 29.58,
            "book_valuer_per_share_4q_avg": 30.98,
            "equity": 2395586,
            "current_ratio": 185.49,
            "debt_ratio": 41.41,
            "inventory_turnover_ratio": 2.06,
            "account_receivable_turnover_ratio": null,
            "reinvestment_rate": null,
            "research_to_sale_ratio": null,
            "price_fair": 38.34,
            "eps_avg_yearly": 12.78,
            "eps_latest_yearly": 9.2,
            "eps_growth_yearly": -28.33
        },
        "20034": {
            "year_quarter": 20034,
            "year": 2003,
            "quarter": 4,
            "eps": 1.89,
            "eps_growth_year": -47.21,
            "eps_4q": 10.24,
            "eps_4q_growth_year": null,
            "roe": 6.2,
            "roe_4q": 36.61,
            "gross_profit": 377570,
            "gross_margin": 16.45,
            "gross_margin_4q_avg": 23.17,
            "net_income": 153459,
            "revenue": 2295533,
            "common_shares": 809980,
            "book_valuer_per_share": 31.5,
            "book_valuer_per_share_4q_avg": 31,
            "equity": 2551161,
            "current_ratio": 177.6,
            "debt_ratio": 45.89,
            "inventory_turnover_ratio": 2.17,
            "account_receivable_turnover_ratio": null,
            "reinvestment_rate": null,
            "research_to_sale_ratio": null,
            "price_fair": 35.21,
            "eps_avg_yearly": 11.74,
            "eps_latest_yearly": 7.56,
            "eps_growth_yearly": -36.92
        },
        "20041": {
            "year_quarter": 20041,
            "year": 2004,
            "quarter": 1,
            "eps": 1.05,
            "eps_growth_year": -74.45,
            "eps_4q": 8.04,
            "eps_4q_growth_year": null,
            "roe": 3.28,
            "roe_4q": 27.610000000000003,
            "gross_profit": 321918,
            "gross_margin": 13.22,
            "gross_margin_4q_avg": 19.52,
            "net_income": 85089,
            "revenue": 2435836,
            "common_shares": 809980,
            "book_valuer_per_share": 32.48,
            "book_valuer_per_share_4q_avg": 30.22,
            "equity": 2630691,
            "current_ratio": 167.93,
            "debt_ratio": 46.6,
            "inventory_turnover_ratio": 2.09,
            "account_receivable_turnover_ratio": null,
            "reinvestment_rate": null,
            "research_to_sale_ratio": null,
            "price_fair": 31.44,
            "eps_avg_yearly": 10.48,
            "eps_latest_yearly": 4.2,
            "eps_growth_yearly": -60.4
        },
        "20042": {
            "year_quarter": 20042,
            "year": 2004,
            "quarter": 2,
            "eps": 1.26,
            "eps_growth_year": -54.84,
            "eps_4q": 6.45,
            "eps_4q_growth_year": -40.03,
            "roe": 4.06,
            "roe_4q": 21.619999999999997,
            "gross_profit": 297262,
            "gross_margin": 11.96,
            "gross_margin_4q_avg": 16.1,
            "net_income": 103099,
            "revenue": 2486211,
            "common_shares": 833841,
            "book_valuer_per_share": 29.35,
            "book_valuer_per_share_4q_avg": 30.73,
            "equity": 2447119,
            "current_ratio": 145.94,
            "debt_ratio": 51.03,
            "inventory_turnover_ratio": 1.96,
            "account_receivable_turnover_ratio": null,
            "reinvestment_rate": null,
            "research_to_sale_ratio": null,
            "price_fair": 29.11,
            "eps_avg_yearly": 9.7,
            "eps_latest_yearly": 5.04,
            "eps_growth_yearly": -40.34
        },
        "20043": {
            "year_quarter": 20043,
            "year": 2004,
            "quarter": 3,
            "eps": 1.29,
            "eps_growth_year": -43.91,
            "eps_4q": 4.77,
            "eps_4q_growth_year": -55.92,
            "roe": 5.04,
            "roe_4q": 18.58,
            "gross_profit": 401332,
            "gross_margin": 14.17,
            "gross_margin_4q_avg": 13.95,
            "net_income": 126568,
            "revenue": 2831521,
            "common_shares": 994737,
            "book_valuer_per_share": 25.92,
            "book_valuer_per_share_4q_avg": 29.81,
            "equity": 2578400,
            "current_ratio": 141.04,
            "debt_ratio": 54.62,
            "inventory_turnover_ratio": 1.7,
            "account_receivable_turnover_ratio": null,
            "reinvestment_rate": null,
            "research_to_sale_ratio": null,
            "price_fair": 27.41,
            "eps_avg_yearly": 9.14,
            "eps_latest_yearly": 5.16,
            "eps_growth_yearly": -34.11
        },
        "20044": {
            "year_quarter": 20044,
            "year": 2004,
            "quarter": 4,
            "eps": 1.52,
            "eps_growth_year": -19.58,
            "eps_4q": 4.74,
            "eps_4q_growth_year": -53.71,
            "roe": 5.64,
            "roe_4q": 18.02,
            "gross_profit": 526793,
            "gross_margin": 15.36,
            "gross_margin_4q_avg": 13.68,
            "net_income": 148668,
            "revenue": 3428600,
            "common_shares": 994737,
            "book_valuer_per_share": 27.12,
            "book_valuer_per_share_4q_avg": 28.72,
            "equity": 2697690,
            "current_ratio": 155.45,
            "debt_ratio": 50.73,
            "inventory_turnover_ratio": 1.84,
            "account_receivable_turnover_ratio": null,
            "reinvestment_rate": null,
            "research_to_sale_ratio": null,
            "price_fair": 26.39,
            "eps_avg_yearly": 8.8,
            "eps_latest_yearly": 6.08,
            "eps_growth_yearly": -22.39
        },
        "20051": {
            "year_quarter": 20051,
            "year": 2005,
            "quarter": 1,
            "eps": 0.99,
            "eps_growth_year": -5.71,
            "eps_4q": 4.83,
            "eps_4q_growth_year": -39.9,
            "roe": 3.53,
            "roe_4q": 18.27,
            "gross_profit": 400084,
            "gross_margin": 11.84,
            "gross_margin_4q_avg": 13.33,
            "net_income": 97547,
            "revenue": 3378186,
            "common_shares": 994737,
            "book_valuer_per_share": 28.5,
            "book_valuer_per_share_4q_avg": 27.72,
            "equity": 2835257,
            "current_ratio": 134.06,
            "debt_ratio": 55.35,
            "inventory_turnover_ratio": 1.93,
            "account_receivable_turnover_ratio": null,
            "reinvestment_rate": null,
            "research_to_sale_ratio": null,
            "price_fair": 24.94,
            "eps_avg_yearly": 8.31,
            "eps_latest_yearly": 3.96,
            "eps_growth_yearly": -34.1
        },
        "20052": {
            "year_quarter": 20052,
            "year": 2005,
            "quarter": 2,
            "eps": 0.94,
            "eps_growth_year": -25.4,
            "eps_4q": 4.67,
            "eps_4q_growth_year": -27.56,
            "roe": 3.28,
            "roe_4q": 17.49,
            "gross_profit": 472928,
            "gross_margin": 12.28,
            "gross_margin_4q_avg": 13.41,
            "net_income": 93836,
            "revenue": 3850985,
            "common_shares": 1005957,
            "book_valuer_per_share": 28.61,
            "book_valuer_per_share_4q_avg": 27.54,
            "equity": 2878352,
            "current_ratio": 137.62,
            "debt_ratio": 53.92,
            "inventory_turnover_ratio": 2.25,
            "account_receivable_turnover_ratio": null,
            "reinvestment_rate": null,
            "research_to_sale_ratio": null,
            "price_fair": 23.69,
            "eps_avg_yearly": 7.9,
            "eps_latest_yearly": 3.76,
            "eps_growth_yearly": -32.84
        },
        "20053": {
            "year_quarter": 20053,
            "year": 2005,
            "quarter": 3,
            "eps": 1.14,
            "eps_growth_year": -11.63,
            "eps_4q": 3.94,
            "eps_4q_growth_year": -17.36,
            "roe": 4.02,
            "roe_4q": 16.47,
            "gross_profit": 410544,
            "gross_margin": 12.2,
            "gross_margin_4q_avg": 12.92,
            "net_income": 138263,
            "revenue": 3365455,
            "common_shares": 1364727,
            "book_valuer_per_share": 29.26,
            "book_valuer_per_share_4q_avg": 28.37,
            "equity": 3992817,
            "current_ratio": 179.91,
            "debt_ratio": 43.02,
            "inventory_turnover_ratio": 2.28,
            "account_receivable_turnover_ratio": null,
            "reinvestment_rate": null,
            "research_to_sale_ratio": null,
            "price_fair": 22.86,
            "eps_avg_yearly": 7.62,
            "eps_latest_yearly": 4.56,
            "eps_growth_yearly": -23.01
        },
        "20054": {
            "year_quarter": 20054,
            "year": 2005,
            "quarter": 4,
            "eps": 2.15,
            "eps_growth_year": 41.45,
            "eps_4q": 4.78,
            "eps_4q_growth_year": 0.96,
            "roe": 6.52,
            "roe_4q": 17.349999999999998,
            "gross_profit": 730085,
            "gross_margin": 16.8,
            "gross_margin_4q_avg": 13.28,
            "net_income": 269136,
            "revenue": 4346656,
            "common_shares": 1371417,
            "book_valuer_per_share": 31.09,
            "book_valuer_per_share_4q_avg": 29.37,
            "equity": 4264234,
            "current_ratio": 179.64,
            "debt_ratio": 43.33,
            "inventory_turnover_ratio": 2.62,
            "account_receivable_turnover_ratio": null,
            "reinvestment_rate": null,
            "research_to_sale_ratio": null,
            "price_fair": 123.28,
            "eps_avg_yearly": 7.7,
            "eps_latest_yearly": 8.6,
            "eps_growth_yearly": 6.02
        },
        "20061": {
            "year_quarter": 20061,
            "year": 2006,
            "quarter": 1,
            "eps": 1.55,
            "eps_growth_year": 56.57,
            "eps_4q": 5.21,
            "eps_4q_growth_year": 7.9,
            "roe": 4.85,
            "roe_4q": 18.669999999999998,
            "gross_profit": 589804,
            "gross_margin": 15.35,
            "gross_margin_4q_avg": 14.16,
            "net_income": 212206,
            "revenue": 3841925,
            "common_shares": 1371417,
            "book_valuer_per_share": 32.73,
            "book_valuer_per_share_4q_avg": 30.42,
            "equity": 4488272,
            "current_ratio": 195.28,
            "debt_ratio": 39.11,
            "inventory_turnover_ratio": 2.26,
            "account_receivable_turnover_ratio": null,
            "reinvestment_rate": null,
            "research_to_sale_ratio": null,
            "price_fair": 22.77,
            "eps_avg_yearly": 7.59,
            "eps_latest_yearly": 6.2,
            "eps_growth_yearly": -2.38
        },
        "20062": {
            "year_quarter": 20062,
            "year": 2006,
            "quarter": 2,
            "eps": 1.44,
            "eps_growth_year": 53.19,
            "eps_4q": 5.97,
            "eps_4q_growth_year": 27.7,
            "roe": 4.4,
            "roe_4q": 19.79,
            "gross_profit": 683807,
            "gross_margin": 18.38,
            "gross_margin_4q_avg": 15.68,
            "net_income": 197003,
            "revenue": 3719477,
            "common_shares": 1372977,
            "book_valuer_per_share": 32.49,
            "book_valuer_per_share_4q_avg": 31.39,
            "equity": 4460558,
            "current_ratio": 185.94,
            "debt_ratio": 41.79,
            "inventory_turnover_ratio": 2.6,
            "account_receivable_turnover_ratio": null,
            "reinvestment_rate": 31.72,
            "research_to_sale_ratio": null,
            "price_fair": 22.4,
            "eps_avg_yearly": 7.47,
            "eps_latest_yearly": 5.76,
            "eps_growth_yearly": -4.12
        },
        "20063": {
            "year_quarter": 20063,
            "year": 2006,
            "quarter": 3,
            "eps": 1.64,
            "eps_growth_year": 43.86,
            "eps_4q": 5.86,
            "eps_4q_growth_year": 48.66,
            "roe": 5.78,
            "roe_4q": 21.549999999999997,
            "gross_profit": 602809,
            "gross_margin": 16.56,
            "gross_margin_4q_avg": 16.77,
            "net_income": 263447,
            "revenue": 3639950,
            "common_shares": 1616235,
            "book_valuer_per_share": 28.81,
            "book_valuer_per_share_4q_avg": 31.28,
            "equity": 4656399,
            "current_ratio": 171.13,
            "debt_ratio": 46.43,
            "inventory_turnover_ratio": 2.41,
            "account_receivable_turnover_ratio": null,
            "reinvestment_rate": 10.53,
            "research_to_sale_ratio": null,
            "price_fair": 22.23,
            "eps_avg_yearly": 7.41,
            "eps_latest_yearly": 6.56,
            "eps_growth_yearly": -0.39
        },
        "20064": {
            "year_quarter": 20064,
            "year": 2006,
            "quarter": 4,
            "eps": 3.18,
            "eps_growth_year": 47.91,
            "eps_4q": 7.35,
            "eps_4q_growth_year": 53.76,
            "roe": 10.32,
            "roe_4q": 25.35,
            "gross_profit": 1271455,
            "gross_margin": 17,
            "gross_margin_4q_avg": 16.82,
            "net_income": 512348,
            "revenue": 7478234,
            "common_shares": 1620774,
            "book_valuer_per_share": 32.53,
            "book_valuer_per_share_4q_avg": 31.64,
            "equity": 5271772,
            "current_ratio": 143.75,
            "debt_ratio": 57.99,
            "inventory_turnover_ratio": 3.75,
            "account_receivable_turnover_ratio": null,
            "reinvestment_rate": 34.9,
            "research_to_sale_ratio": null,
            "price_fair": 229.91,
            "eps_avg_yearly": 7.31,
            "eps_latest_yearly": 12.72,
            "eps_growth_yearly": 21.45
        },
        "20071": {
            "year_quarter": 20071,
            "year": 2007,
            "quarter": 1,
            "eps": 1.7,
            "eps_growth_year": 9.68,
            "eps_4q": 7.71,
            "eps_4q_growth_year": 47.94,
            "roe": 5.08,
            "roe_4q": 25.58,
            "gross_profit": 657332,
            "gross_margin": 16.31,
            "gross_margin_4q_avg": 17.06,
            "net_income": 275201,
            "revenue": 4031352,
            "common_shares": 1622685,
            "book_valuer_per_share": 34.28,
            "book_valuer_per_share_4q_avg": 32.03,
            "equity": 5562242,
            "current_ratio": 203.38,
            "debt_ratio": 39.26,
            "inventory_turnover_ratio": 2.56,
            "account_receivable_turnover_ratio": null,
            "reinvestment_rate": 6.51,
            "research_to_sale_ratio": null,
            "price_fair": 108.09,
            "eps_avg_yearly": 6.71,
            "eps_latest_yearly": 6.8,
            "eps_growth_yearly": 6.12
        },
        "20072": {
            "year_quarter": 20072,
            "year": 2007,
            "quarter": 2,
            "eps": 1.46,
            "eps_growth_year": 1.39,
            "eps_4q": 7.94,
            "eps_4q_growth_year": 33.08,
            "roe": 4.37,
            "roe_4q": 25.55,
            "gross_profit": 593259,
            "gross_margin": 15.36,
            "gross_margin_4q_avg": 16.31,
            "net_income": 236668,
            "revenue": 3863019,
            "common_shares": 1624505,
            "book_valuer_per_share": 32.45,
            "book_valuer_per_share_4q_avg": 32.02,
            "equity": 5271343,
            "current_ratio": 172.11,
            "debt_ratio": 47.43,
            "inventory_turnover_ratio": 3.87,
            "account_receivable_turnover_ratio": null,
            "reinvestment_rate": 3.82,
            "research_to_sale_ratio": null,
            "price_fair": 131.42,
            "eps_avg_yearly": 6.38,
            "eps_latest_yearly": 5.84,
            "eps_growth_yearly": 10.62
        },
        "20073": {
            "year_quarter": 20073,
            "year": 2007,
            "quarter": 3,
            "eps": 1.18,
            "eps_growth_year": -28.05,
            "eps_4q": 6.28,
            "eps_4q_growth_year": 7.18,
            "roe": 4.39,
            "roe_4q": 24.16,
            "gross_profit": 624440,
            "gross_margin": 15.64,
            "gross_margin_4q_avg": 16.08,
            "net_income": 236814,
            "revenue": 3993016,
            "common_shares": 2014812,
            "book_valuer_per_share": 27.37,
            "book_valuer_per_share_4q_avg": 31.66,
            "equity": 5514729,
            "current_ratio": 176.32,
            "debt_ratio": 46.83,
            "inventory_turnover_ratio": 3.86,
            "account_receivable_turnover_ratio": null,
            "reinvestment_rate": -0.36,
            "research_to_sale_ratio": null,
            "price_fair": 123.19,
            "eps_avg_yearly": 6.1,
            "eps_latest_yearly": 4.72,
            "eps_growth_yearly": 10.21
        },
        "20074": {
            "year_quarter": 20074,
            "year": 2007,
            "quarter": 4,
            "eps": 1.58,
            "eps_growth_year": -50.31,
            "eps_4q": 5.3,
            "eps_4q_growth_year": -27.99,
            "roe": 5.6,
            "roe_4q": 19.439999999999998,
            "gross_profit": 670984,
            "gross_margin": 14.31,
            "gross_margin_4q_avg": 15.41,
            "net_income": 318313,
            "revenue": 4689241,
            "common_shares": 2014811,
            "book_valuer_per_share": 29.04,
            "book_valuer_per_share_4q_avg": 30.79,
            "equity": 5851780,
            "current_ratio": 142.02,
            "debt_ratio": 55.55,
            "inventory_turnover_ratio": 2.77,
            "account_receivable_turnover_ratio": null,
            "reinvestment_rate": 40.81,
            "research_to_sale_ratio": null,
            "price_fair": 199.43,
            "eps_avg_yearly": 6.02,
            "eps_latest_yearly": 6.32,
            "eps_growth_yearly": 23.14
        },
        "20081": {
            "year_quarter": 20081,
            "year": 2008,
            "quarter": 1,
            "eps": 1.2,
            "eps_growth_year": -29.41,
            "eps_4q": 5.18,
            "eps_4q_growth_year": -32.83,
            "roe": 4.08,
            "roe_4q": 18.44,
            "gross_profit": 791328,
            "gross_margin": 16.86,
            "gross_margin_4q_avg": 15.54,
            "net_income": 238834,
            "revenue": 4693587,
            "common_shares": 2014811,
            "book_valuer_per_share": 29.02,
            "book_valuer_per_share_4q_avg": 29.47,
            "equity": 5846170,
            "current_ratio": 146.9,
            "debt_ratio": 51.79,
            "inventory_turnover_ratio": 2,
            "account_receivable_turnover_ratio": null,
            "reinvestment_rate": 41.52,
            "research_to_sale_ratio": null,
            "price_fair": 211.93,
            "eps_avg_yearly": 6.06,
            "eps_latest_yearly": 4.8,
            "eps_growth_yearly": 28.24
        },
        "20082": {
            "year_quarter": 20082,
            "year": 2008,
            "quarter": 2,
            "eps": 0.7,
            "eps_growth_year": -52.05,
            "eps_4q": 4.73,
            "eps_4q_growth_year": -40.52,
            "roe": 2.42,
            "roe_4q": 16.49,
            "gross_profit": 740910,
            "gross_margin": 17.26,
            "gross_margin_4q_avg": 16.02,
            "net_income": 138075,
            "revenue": 4293787,
            "common_shares": 2014811,
            "book_valuer_per_share": 27.59,
            "book_valuer_per_share_4q_avg": 28.26,
            "equity": 5558416,
            "current_ratio": 137.04,
            "debt_ratio": 57.23,
            "inventory_turnover_ratio": 1.69,
            "account_receivable_turnover_ratio": null,
            "reinvestment_rate": 41.03,
            "research_to_sale_ratio": null,
            "price_fair": 135,
            "eps_avg_yearly": 5.92,
            "eps_latest_yearly": 2.8,
            "eps_growth_yearly": 12.82
        },
        "20083": {
            "year_quarter": 20083,
            "year": 2008,
            "quarter": 3,
            "eps": 0.87,
            "eps_growth_year": -26.27,
            "eps_4q": 3.88,
            "eps_4q_growth_year": -38.32,
            "roe": 3.54,
            "roe_4q": 15.639999999999999,
            "gross_profit": 887172,
            "gross_margin": 17.03,
            "gross_margin_4q_avg": 16.37,
            "net_income": 201241,
            "revenue": 5209524,
            "common_shares": 2367151,
            "book_valuer_per_share": 24.54,
            "book_valuer_per_share_4q_avg": 27.55,
            "equity": 5807838,
            "current_ratio": 131.27,
            "debt_ratio": 58.98,
            "inventory_turnover_ratio": 1.88,
            "account_receivable_turnover_ratio": null,
            "reinvestment_rate": 49.68,
            "research_to_sale_ratio": null,
            "price_fair": 164.42,
            "eps_avg_yearly": 5.81,
            "eps_latest_yearly": 3.48,
            "eps_growth_yearly": 18.3
        },
        "20084": {
            "year_quarter": 20084,
            "year": 2008,
            "quarter": 4,
            "eps": 0.62,
            "eps_growth_year": -60.76,
            "eps_4q": 3.12,
            "eps_4q_growth_year": -41.13,
            "roe": 2.44,
            "roe_4q": 12.48,
            "gross_profit": 797246,
            "gross_margin": 15.76,
            "gross_margin_4q_avg": 16.73,
            "net_income": 143495,
            "revenue": 5057238,
            "common_shares": 2367151,
            "book_valuer_per_share": 25.21,
            "book_valuer_per_share_4q_avg": 26.59,
            "equity": 5968037,
            "current_ratio": 136.99,
            "debt_ratio": 54.35,
            "inventory_turnover_ratio": 1.85,
            "account_receivable_turnover_ratio": null,
            "reinvestment_rate": 53.42,
            "research_to_sale_ratio": null,
            "price_fair": 93.04,
            "eps_avg_yearly": 5.59,
            "eps_latest_yearly": 2.48,
            "eps_growth_yearly": 6.66
        },
        "20091": {
            "year_quarter": 20091,
            "year": 2009,
            "quarter": 1,
            "eps": 0.86,
            "eps_growth_year": -28.33,
            "eps_4q": 2.94,
            "eps_4q_growth_year": -43.13,
            "roe": 3.27,
            "roe_4q": 11.67,
            "gross_profit": 646754,
            "gross_margin": 17.15,
            "gross_margin_4q_avg": 16.8,
            "net_income": 199170,
            "revenue": 3771815,
            "common_shares": 2367151,
            "book_valuer_per_share": 26.2,
            "book_valuer_per_share_4q_avg": 25.89,
            "equity": 6202083,
            "current_ratio": 156.29,
            "debt_ratio": 43.36,
            "inventory_turnover_ratio": 1.59,
            "account_receivable_turnover_ratio": null,
            "reinvestment_rate": 59.58,
            "research_to_sale_ratio": null,
            "price_fair": 194.34,
            "eps_avg_yearly": 5.55,
            "eps_latest_yearly": 3.44,
            "eps_growth_yearly": 25.05
        },
        "20092": {
            "year_quarter": 20092,
            "year": 2009,
            "quarter": 2,
            "eps": 0.41,
            "eps_growth_year": -41.43,
            "eps_4q": 2.75,
            "eps_4q_growth_year": -41.76,
            "roe": 1.54,
            "roe_4q": 10.79,
            "gross_profit": 632751,
            "gross_margin": 18.46,
            "gross_margin_4q_avg": 17.1,
            "net_income": 95221,
            "revenue": 3428390,
            "common_shares": 2367151,
            "book_valuer_per_share": 25.91,
            "book_valuer_per_share_4q_avg": 25.47,
            "equity": 6133854,
            "current_ratio": 148.69,
            "debt_ratio": 46.59,
            "inventory_turnover_ratio": 1.72,
            "account_receivable_turnover_ratio": 2.95,
            "reinvestment_rate": 58.26,
            "research_to_sale_ratio": null,
            "price_fair": 125.93,
            "eps_avg_yearly": 5.42,
            "eps_latest_yearly": 1.64,
            "eps_growth_yearly": 13.23
        },
        "20093": {
            "year_quarter": 20093,
            "year": 2009,
            "quarter": 3,
            "eps": 0.8,
            "eps_growth_year": -8.05,
            "eps_4q": 2.6,
            "eps_4q_growth_year": -32.98,
            "roe": 3.13,
            "roe_4q": 10.379999999999999,
            "gross_profit": 798314,
            "gross_margin": 20.22,
            "gross_margin_4q_avg": 17.9,
            "net_income": 194890,
            "revenue": 3947620,
            "common_shares": 2521711,
            "book_valuer_per_share": 25,
            "book_valuer_per_share_4q_avg": 25.58,
            "equity": 6305357,
            "current_ratio": 147.82,
            "debt_ratio": 48.52,
            "inventory_turnover_ratio": 1.84,
            "account_receivable_turnover_ratio": 1.48,
            "reinvestment_rate": 58.57,
            "research_to_sale_ratio": null,
            "price_fair": 186.73,
            "eps_avg_yearly": 5.34,
            "eps_latest_yearly": 3.2,
            "eps_growth_yearly": 31.7
        },
        "20094": {
            "year_quarter": 20094,
            "year": 2009,
            "quarter": 4,
            "eps": 1.35,
            "eps_growth_year": 117.74,
            "eps_4q": 3.34,
            "eps_4q_growth_year": 7.04,
            "roe": 5.14,
            "roe_4q": 13.079999999999998,
            "gross_profit": 994388,
            "gross_margin": 20.91,
            "gross_margin_4q_avg": 19.19,
            "net_income": 332342,
            "revenue": 4755693,
            "common_shares": 2521711,
            "book_valuer_per_share": 26.29,
            "book_valuer_per_share_4q_avg": 25.85,
            "equity": 6628934,
            "current_ratio": 142.94,
            "debt_ratio": 49.86,
            "inventory_turnover_ratio": 2.08,
            "account_receivable_turnover_ratio": 1.53,
            "reinvestment_rate": 52.88,
            "research_to_sale_ratio": null,
            "price_fair": 179.73,
            "eps_avg_yearly": 5.14,
            "eps_latest_yearly": 5.4,
            "eps_growth_yearly": 26.73
        },
        "20101": {
            "year_quarter": 20101,
            "year": 2010,
            "quarter": 1,
            "eps": null,
            "eps_growth_year": null,
            "eps_4q": null,
            "eps_4q_growth_year": null,
            "roe": null,
            "roe_4q": 9.809999999999999,
            "gross_profit": 875052,
            "gross_margin": null,
            "gross_margin_4q_avg": 14.9,
            "net_income": 287704,
            "revenue": 4499316,
            "common_shares": 2531371,
            "book_valuer_per_share": 27.46,
            "book_valuer_per_share_4q_avg": 26.17,
            "equity": 6951308,
            "current_ratio": 141.58,
            "debt_ratio": 48.93,
            "inventory_turnover_ratio": null,
            "account_receivable_turnover_ratio": null,
            "reinvestment_rate": null,
            "research_to_sale_ratio": null,
            "price_fair": 177.24,
            "eps_avg_yearly": 5.06,
            "eps_latest_yearly": 5.4,
            "eps_growth_yearly": 35.96
        },
        "20102": {
            "year_quarter": 20102,
            "year": 2010,
            "quarter": 2,
            "eps": 1.32,
            "eps_growth_year": 222.43,
            "eps_4q": 3.35,
            "eps_4q_growth_year": 21.57,
            "roe": 4.98,
            "roe_4q": 13.25,
            "gross_profit": 1049562,
            "gross_margin": 17.22,
            "gross_margin_4q_avg": 14.59,
            "net_income": 344427,
            "revenue": 6096662,
            "common_shares": 2531371,
            "book_valuer_per_share": 27.74,
            "book_valuer_per_share_4q_avg": 26.62,
            "equity": 6884497,
            "current_ratio": 126.87,
            "debt_ratio": 57.08,
            "inventory_turnover_ratio": 2.42,
            "account_receivable_turnover_ratio": 2.68,
            "reinvestment_rate": 81.72,
            "research_to_sale_ratio": null,
            "price_fair": 175.5,
            "eps_avg_yearly": 5.01,
            "eps_latest_yearly": 5.4,
            "eps_growth_yearly": 40.55
        },
        "20103": {
            "year_quarter": 20103,
            "year": 2010,
            "quarter": 3,
            "eps": 1.51,
            "eps_growth_year": 88.55,
            "eps_4q": 4.03,
            "eps_4q_growth_year": 55.23,
            "roe": 5.68,
            "roe_4q": 15.8,
            "gross_profit": 1184153,
            "gross_margin": 15.97,
            "gross_margin_4q_avg": 13.53,
            "net_income": 404534,
            "revenue": 7415800,
            "common_shares": 2663390,
            "book_valuer_per_share": 27.97,
            "book_valuer_per_share_4q_avg": 27.37,
            "equity": 7352976,
            "current_ratio": 124.53,
            "debt_ratio": 58.65,
            "inventory_turnover_ratio": 2.26,
            "account_receivable_turnover_ratio": 1.54,
            "reinvestment_rate": 87.99,
            "research_to_sale_ratio": 4.14,
            "price_fair": 174.2,
            "eps_avg_yearly": 4.98,
            "eps_latest_yearly": 6.04,
            "eps_growth_yearly": 40.7
        },
        "20104": {
            "year_quarter": 20104,
            "year": 2010,
            "quarter": 4,
            "eps": 1.87,
            "eps_growth_year": 38.74,
            "eps_4q": 4.61,
            "eps_4q_growth_year": 38.16,
            "roe": 6.62,
            "roe_4q": 17.28,
            "gross_profit": 1630154,
            "gross_margin": 17.48,
            "gross_margin_4q_avg": 12.67,
            "net_income": 512319,
            "revenue": 9326609,
            "common_shares": 2682640,
            "book_valuer_per_share": 30.16,
            "book_valuer_per_share_4q_avg": 28.33,
            "equity": 8125078,
            "current_ratio": 133.72,
            "debt_ratio": 55.36,
            "inventory_turnover_ratio": 2.42,
            "account_receivable_turnover_ratio": 1.75,
            "reinvestment_rate": 66.64,
            "research_to_sale_ratio": 4.37,
            "price_fair": 141.22,
            "eps_avg_yearly": 4.6,
            "eps_latest_yearly": 7.48,
            "eps_growth_yearly": 20.68
        },
        "20111": {
            "year_quarter": 20111,
            "year": 2011,
            "quarter": 1,
            "eps": 1.64,
            "eps_growth_year": null,
            "eps_4q": 6.27,
            "eps_4q_growth_year": null,
            "roe": 5.27,
            "roe_4q": 22.55,
            "gross_profit": 1311291,
            "gross_margin": 17.42,
            "gross_margin_4q_avg": 17.02,
            "net_income": 443574,
            "revenue": 7529118,
            "common_shares": 2721015,
            "book_valuer_per_share": 32.04,
            "book_valuer_per_share_4q_avg": 29.48,
            "equity": 8716925,
            "current_ratio": 138.96,
            "debt_ratio": 54.29,
            "inventory_turnover_ratio": 1.87,
            "account_receivable_turnover_ratio": 1.32,
            "reinvestment_rate": 83.89,
            "research_to_sale_ratio": 4.51,
            "price_fair": 160.5,
            "eps_avg_yearly": 4.59,
            "eps_latest_yearly": 6.56,
            "eps_growth_yearly": 30.46
        },
        "20112": {
            "year_quarter": 20112,
            "year": 2011,
            "quarter": 2,
            "eps": 1.22,
            "eps_growth_year": -7.42,
            "eps_4q": 5.98,
            "eps_4q_growth_year": 78.79,
            "roe": 4.14,
            "roe_4q": 21.71,
            "gross_profit": 1261284,
            "gross_margin": 15.75,
            "gross_margin_4q_avg": 16.66,
            "net_income": 349939,
            "revenue": 8009241,
            "common_shares": 2723215,
            "book_valuer_per_share": 30.02,
            "book_valuer_per_share_4q_avg": 30.05,
            "equity": 8173761,
            "current_ratio": 143.83,
            "debt_ratio": 60.68,
            "inventory_turnover_ratio": 1.89,
            "account_receivable_turnover_ratio": 1.31,
            "reinvestment_rate": 82.13,
            "research_to_sale_ratio": 4.1,
            "price_fair": 158.1,
            "eps_avg_yearly": 4.52,
            "eps_latest_yearly": 4.88,
            "eps_growth_yearly": 27.18
        },
        "20113": {
            "year_quarter": 20113,
            "year": 2011,
            "quarter": 3,
            "eps": 1.86,
            "eps_growth_year": 23.51,
            "eps_4q": 6.42,
            "eps_4q_growth_year": 59.13,
            "roe": 6.25,
            "roe_4q": 22.28,
            "gross_profit": 1417167,
            "gross_margin": 14.27,
            "gross_margin_4q_avg": 16.23,
            "net_income": 534339,
            "revenue": 9933405,
            "common_shares": 2860766,
            "book_valuer_per_share": 31.17,
            "book_valuer_per_share_4q_avg": 30.85,
            "equity": 8921644,
            "current_ratio": 145.12,
            "debt_ratio": 59.87,
            "inventory_turnover_ratio": 2.35,
            "account_receivable_turnover_ratio": 1.44,
            "reinvestment_rate": 87.92,
            "research_to_sale_ratio": 3.97,
            "price_fair": 164.9,
            "eps_avg_yearly": 4.71,
            "eps_latest_yearly": 7.44,
            "eps_growth_yearly": 47.65
        },
        "20114": {
            "year_quarter": 20114,
            "year": 2011,
            "quarter": 4,
            "eps": 1.32,
            "eps_growth_year": -29.71,
            "eps_4q": 5.9,
            "eps_4q_growth_year": 27.88,
            "roe": 4.18,
            "roe_4q": 19.84,
            "gross_profit": 1296444,
            "gross_margin": 15.23,
            "gross_margin_4q_avg": 15.67,
            "net_income": 381688,
            "revenue": 8510350,
            "common_shares": 2862886,
            "book_valuer_per_share": 32.55,
            "book_valuer_per_share_4q_avg": 31.45,
            "equity": 9348396,
            "current_ratio": 151.09,
            "debt_ratio": 57.53,
            "inventory_turnover_ratio": 1.89,
            "account_receivable_turnover_ratio": 1.22,
            "reinvestment_rate": 59.09,
            "research_to_sale_ratio": 4.61,
            "price_fair": 162.3,
            "eps_avg_yearly": 4.64,
            "eps_latest_yearly": 5.28,
            "eps_growth_yearly": 29.67
        },
        "20121": {
            "year_quarter": 20121,
            "year": 2012,
            "quarter": 1,
            "eps": 0.93,
            "eps_growth_year": -43.29,
            "eps_4q": 5.31,
            "eps_4q_growth_year": -15.29,
            "roe": 2.81,
            "roe_4q": 17.38,
            "gross_profit": 1099516,
            "gross_margin": 13.49,
            "gross_margin_4q_avg": 14.69,
            "net_income": 266716,
            "revenue": 8153548,
            "common_shares": 2887891,
            "book_valuer_per_share": 33.29,
            "book_valuer_per_share_4q_avg": 31.76,
            "equity": 9614039,
            "current_ratio": 162.07,
            "debt_ratio": 53.82,
            "inventory_turnover_ratio": 1.86,
            "account_receivable_turnover_ratio": 1.33,
            "reinvestment_rate": 56.06,
            "research_to_sale_ratio": 3.75,
            "price_fair": 159.6,
            "eps_avg_yearly": 4.56,
            "eps_latest_yearly": 3.72,
            "eps_growth_yearly": 28.1
        },
        "20122": {
            "year_quarter": 20122,
            "year": 2012,
            "quarter": 2,
            "eps": 0.95,
            "eps_growth_year": -22.02,
            "eps_4q": 4.85,
            "eps_4q_growth_year": -18.92,
            "roe": 3.13,
            "roe_4q": 16.369999999999997,
            "gross_profit": 1165370,
            "gross_margin": 13.85,
            "gross_margin_4q_avg": 14.21,
            "net_income": 289759,
            "revenue": 8416013,
            "common_shares": 2891511,
            "book_valuer_per_share": 30.85,
            "book_valuer_per_share_4q_avg": 31.97,
            "equity": 8921062,
            "current_ratio": 143.11,
            "debt_ratio": 60.29,
            "inventory_turnover_ratio": 1.86,
            "account_receivable_turnover_ratio": 1.47,
            "reinvestment_rate": 55.57,
            "research_to_sale_ratio": 4.1,
            "price_fair": 162.1,
            "eps_avg_yearly": 4.63,
            "eps_latest_yearly": 3.8,
            "eps_growth_yearly": 40.62
        },
        "20123": {
            "year_quarter": 20123,
            "year": 2012,
            "quarter": 3,
            "eps": 1.13,
            "eps_growth_year": -39.08,
            "eps_4q": 4.22,
            "eps_4q_growth_year": -34.24,
            "roe": 3.8,
            "roe_4q": 13.92,
            "gross_profit": 1274471,
            "gross_margin": 13.22,
            "gross_margin_4q_avg": 13.95,
            "net_income": 345212,
            "revenue": 9643912,
            "common_shares": 3037256,
            "book_valuer_per_share": 30.43,
            "book_valuer_per_share_4q_avg": 31.78,
            "equity": 9245355,
            "current_ratio": 149.51,
            "debt_ratio": 58.19,
            "inventory_turnover_ratio": 2.02,
            "account_receivable_turnover_ratio": 1.63,
            "reinvestment_rate": 45.42,
            "research_to_sale_ratio": 3.85,
            "price_fair": 164.7,
            "eps_avg_yearly": 4.71,
            "eps_latest_yearly": 4.52,
            "eps_growth_yearly": 39.09
        },
        "20124": {
            "year_quarter": 20124,
            "year": 2012,
            "quarter": 4,
            "eps": 0.74,
            "eps_growth_year": -43.49,
            "eps_4q": 3.7,
            "eps_4q_growth_year": -37.17,
            "roe": 2.42,
            "roe_4q": 12.16,
            "gross_profit": 1142288,
            "gross_margin": 13.89,
            "gross_margin_4q_avg": 13.61,
            "net_income": 226573,
            "revenue": 8221046,
            "common_shares": 3038496,
            "book_valuer_per_share": 31.21,
            "book_valuer_per_share_4q_avg": 31.45,
            "equity": 9487627,
            "current_ratio": 160.91,
            "debt_ratio": 54.31,
            "inventory_turnover_ratio": 1.89,
            "account_receivable_turnover_ratio": 1.43,
            "reinvestment_rate": 33.85,
            "research_to_sale_ratio": 4.5,
            "price_fair": 165.9,
            "eps_avg_yearly": 4.74,
            "eps_latest_yearly": 2.96,
            "eps_growth_yearly": 37.44
        },
        "20131": {
            "year_quarter": 20131,
            "year": 2013,
            "quarter": 1,
            "eps": 0.92,
            "eps_growth_year": -1.08,
            "eps_4q": 3.74,
            "eps_4q_growth_year": -29.46,
            "roe": 2.89,
            "roe_4q": 12.239999999999998,
            "gross_profit": 1092597,
            "gross_margin": 13.57,
            "gross_margin_4q_avg": 13.63,
            "net_income": 279109,
            "revenue": 8049661,
            "common_shares": 3040366,
            "book_valuer_per_share": 32.3,
            "book_valuer_per_share_4q_avg": 31.2,
            "equity": 9820493,
            "current_ratio": 165.19,
            "debt_ratio": 53.11,
            "inventory_turnover_ratio": 2.13,
            "account_receivable_turnover_ratio": 1.42,
            "reinvestment_rate": 34.88,
            "research_to_sale_ratio": 4.34,
            "price_fair": 166.5,
            "eps_avg_yearly": 4.76,
            "eps_latest_yearly": 3.68,
            "eps_growth_yearly": 33.33
        },
        "20132": {
            "year_quarter": 20132,
            "year": 2013,
            "quarter": 2,
            "eps": 1.24,
            "eps_growth_year": 29.93,
            "eps_4q": 3.91,
            "eps_4q_growth_year": -19.36,
            "roe": 3.88,
            "roe_4q": 12.989999999999998,
            "gross_profit": 1217352,
            "gross_margin": 14.18,
            "gross_margin_4q_avg": 13.72,
            "net_income": 376161,
            "revenue": 8586836,
            "common_shares": 3042126,
            "book_valuer_per_share": 31.47,
            "book_valuer_per_share_4q_avg": 31.35,
            "equity": 9572884,
            "current_ratio": 136.18,
            "debt_ratio": 56.83,
            "inventory_turnover_ratio": 2.25,
            "account_receivable_turnover_ratio": 1.46,
            "reinvestment_rate": 32.7,
            "research_to_sale_ratio": 4.52,
            "price_fair": 174.8,
            "eps_avg_yearly": 4.99,
            "eps_latest_yearly": 4.96,
            "eps_growth_yearly": 58.22
        },
        "20133": {
            "year_quarter": 20133,
            "year": 2013,
            "quarter": 3,
            "eps": 1.77,
            "eps_growth_year": 55.96,
            "eps_4q": 4.55,
            "eps_4q_growth_year": 7.73,
            "roe": 5.63,
            "roe_4q": 14.82,
            "gross_profit": 1610418,
            "gross_margin": 15.05,
            "gross_margin_4q_avg": 14.17,
            "net_income": 554481,
            "revenue": 10702181,
            "common_shares": 3134450,
            "book_valuer_per_share": 32.33,
            "book_valuer_per_share_4q_avg": 31.83,
            "equity": 10135111,
            "current_ratio": 139.38,
            "debt_ratio": 56.57,
            "inventory_turnover_ratio": 2.57,
            "account_receivable_turnover_ratio": 1.7,
            "reinvestment_rate": 29.25,
            "research_to_sale_ratio": 3.9,
            "price_fair": 184.5,
            "eps_avg_yearly": 5.27,
            "eps_latest_yearly": 7.08,
            "eps_growth_yearly": 43.25
        },
        "20134": {
            "year_quarter": 20134,
            "year": 2013,
            "quarter": 4,
            "eps": 0.96,
            "eps_growth_year": 28.61,
            "eps_4q": 4.71,
            "eps_4q_growth_year": 27.08,
            "roe": 2.99,
            "roe_4q": 15.39,
            "gross_profit": 1270677,
            "gross_margin": 13.64,
            "gross_margin_4q_avg": 14.11,
            "net_income": 308580,
            "revenue": 9314983,
            "common_shares": 3212730,
            "book_valuer_per_share": 32.75,
            "book_valuer_per_share_4q_avg": 32.21,
            "equity": 10522605,
            "current_ratio": 148.14,
            "debt_ratio": 52.75,
            "inventory_turnover_ratio": 2.35,
            "account_receivable_turnover_ratio": 1.53,
            "reinvestment_rate": 25.1,
            "research_to_sale_ratio": 4.23,
            "price_fair": 105.97,
            "eps_avg_yearly": 5.16,
            "eps_latest_yearly": 3.84,
            "eps_growth_yearly": 10.54
        },
        "20141": {
            "year_quarter": 20141,
            "year": 2014,
            "quarter": 1,
            "eps": 0.78,
            "eps_growth_year": -15.22,
            "eps_4q": 4.61,
            "eps_4q_growth_year": 23.2,
            "roe": 2.31,
            "roe_4q": 14.809999999999999,
            "gross_profit": 1038962,
            "gross_margin": 12.64,
            "gross_margin_4q_avg": 13.88,
            "net_income": 246282,
            "revenue": 8217401,
            "common_shares": 3216350,
            "book_valuer_per_share": 33.52,
            "book_valuer_per_share_4q_avg": 32.52,
            "equity": 10786008,
            "current_ratio": 151.66,
            "debt_ratio": 51.24,
            "inventory_turnover_ratio": 2.42,
            "account_receivable_turnover_ratio": 1.49,
            "reinvestment_rate": 22.62,
            "research_to_sale_ratio": 4.12,
            "price_fair": 74.53,
            "eps_avg_yearly": 5.02,
            "eps_latest_yearly": 3.12,
            "eps_growth_yearly": 4.83
        },
        "20142": {
            "year_quarter": 20142,
            "year": 2014,
            "quarter": 2,
            "eps": 1.18,
            "eps_growth_year": -4.84,
            "eps_4q": 4.51,
            "eps_4q_growth_year": 15.23,
            "roe": 3.53,
            "roe_4q": 14.46,
            "gross_profit": 1400990,
            "gross_margin": 14.01,
            "gross_margin_4q_avg": 13.84,
            "net_income": 370708,
            "revenue": 10002751,
            "common_shares": 3217680,
            "book_valuer_per_share": 31.69,
            "book_valuer_per_share_4q_avg": 32.57,
            "equity": 10199258,
            "current_ratio": 145.7,
            "debt_ratio": 53.24,
            "inventory_turnover_ratio": 3.04,
            "account_receivable_turnover_ratio": 1.59,
            "reinvestment_rate": 14.99,
            "research_to_sale_ratio": 4.22,
            "price_fair": 136.9,
            "eps_avg_yearly": 5.01,
            "eps_latest_yearly": 4.72,
            "eps_growth_yearly": 17.35
        },
        "20143": {
            "year_quarter": 20143,
            "year": 2014,
            "quarter": 3,
            "eps": 1.12,
            "eps_growth_year": -36.72,
            "eps_4q": 3.91,
            "eps_4q_growth_year": -13.98,
            "roe": 3.46,
            "roe_4q": 12.290000000000001,
            "gross_profit": 1430987,
            "gross_margin": 13.2,
            "gross_margin_4q_avg": 13.37,
            "net_income": 361225,
            "revenue": 10842709,
            "common_shares": 3285644,
            "book_valuer_per_share": 32.45,
            "book_valuer_per_share_4q_avg": 32.6,
            "equity": 10666574,
            "current_ratio": 146.05,
            "debt_ratio": 52.81,
            "inventory_turnover_ratio": 2.82,
            "account_receivable_turnover_ratio": 1.47,
            "reinvestment_rate": 13,
            "research_to_sale_ratio": 4,
            "price_fair": 110.33,
            "eps_avg_yearly": 4.91,
            "eps_latest_yearly": 4.48,
            "eps_growth_yearly": 12.48
        },
        "20144": {
            "year_quarter": 20144,
            "year": 2014,
            "quarter": 4,
            "eps": 1.21,
            "eps_growth_year": 26.58,
            "eps_4q": 4.19,
            "eps_4q_growth_year": -11.08,
            "roe": 3.64,
            "roe_4q": 12.94,
            "gross_profit": 1549315,
            "gross_margin": 13.75,
            "gross_margin_4q_avg": 13.4,
            "net_income": 398173,
            "revenue": 11264057,
            "common_shares": 3287634,
            "book_valuer_per_share": 34.18,
            "book_valuer_per_share_4q_avg": 32.96,
            "equity": 11235498,
            "current_ratio": 147.1,
            "debt_ratio": 52.85,
            "inventory_turnover_ratio": 2.35,
            "account_receivable_turnover_ratio": 1.48,
            "reinvestment_rate": 19.01,
            "research_to_sale_ratio": 4.02,
            "price_fair": 87.89,
            "eps_avg_yearly": 4.74,
            "eps_latest_yearly": 4.84,
            "eps_growth_yearly": 8.53
        },
        "20151": {
            "year_quarter": 20151,
            "year": 2015,
            "quarter": 1,
            "eps": 1.43,
            "eps_growth_year": 83.33,
            "eps_4q": 4.84,
            "eps_4q_growth_year": 4.96,
            "roe": 4.03,
            "roe_4q": 14.659999999999998,
            "gross_profit": 1618982,
            "gross_margin": 14.06,
            "gross_margin_4q_avg": 13.76,
            "net_income": 461498,
            "revenue": 11512103,
            "common_shares": 3287634,
            "book_valuer_per_share": 35.52,
            "book_valuer_per_share_4q_avg": 33.46,
            "equity": 11676650,
            "current_ratio": 148.21,
            "debt_ratio": 52.56,
            "inventory_turnover_ratio": 2,
            "account_receivable_turnover_ratio": 1.53,
            "reinvestment_rate": 19.4,
            "research_to_sale_ratio": 3.95,
            "price_fair": 122.65,
            "eps_avg_yearly": 4.69,
            "eps_latest_yearly": 5.72,
            "eps_growth_yearly": 16.15
        },
        "20152": {
            "year_quarter": 20152,
            "year": 2015,
            "quarter": 2,
            "eps": 1.22,
            "eps_growth_year": 3.39,
            "eps_4q": 4.82,
            "eps_4q_growth_year": 7,
            "roe": 3.47,
            "roe_4q": 14.600000000000001,
            "gross_profit": 1565191,
            "gross_margin": 12.43,
            "gross_margin_4q_avg": 13.36,
            "net_income": 396225,
            "revenue": 12587951,
            "common_shares": 3287634,
            "book_valuer_per_share": 33.99,
            "book_valuer_per_share_4q_avg": 34.04,
            "equity": 11174419,
            "current_ratio": 141.61,
            "debt_ratio": 54.72,
            "inventory_turnover_ratio": 2.19,
            "account_receivable_turnover_ratio": 1.57,
            "reinvestment_rate": 22.48,
            "research_to_sale_ratio": 3.91,
            "price_fair": 135.46,
            "eps_avg_yearly": 4.69,
            "eps_latest_yearly": 4.88,
            "eps_growth_yearly": 18.88
        },
        "20153": {
            "year_quarter": 20153,
            "year": 2015,
            "quarter": 3,
            "eps": 1.83,
            "eps_growth_year": 63.39,
            "eps_4q": 5.55,
            "eps_4q_growth_year": 41.94,
            "roe": 5.22,
            "roe_4q": 16.36,
            "gross_profit": 1846652,
            "gross_margin": 13.46,
            "gross_margin_4q_avg": 13.43,
            "net_income": 605057,
            "revenue": 13718655,
            "common_shares": 3353187,
            "book_valuer_per_share": 35.76,
            "book_valuer_per_share_4q_avg": 34.86,
            "equity": 11992136,
            "current_ratio": 137.43,
            "debt_ratio": 56.81,
            "inventory_turnover_ratio": 2.15,
            "account_receivable_turnover_ratio": 1.52,
            "reinvestment_rate": 20.91,
            "research_to_sale_ratio": 3.98,
            "price_fair": 132.37,
            "eps_avg_yearly": 4.68,
            "eps_latest_yearly": 7.32,
            "eps_growth_yearly": 18.27
        },
        "20154": {
            "year_quarter": 20154,
            "year": 2015,
            "quarter": 4,
            "eps": 1.52,
            "eps_growth_year": 25.51,
            "eps_4q": 5.88,
            "eps_4q_growth_year": 40.51,
            "roe": 4.18,
            "roe_4q": 16.9,
            "gross_profit": 1900074,
            "gross_margin": 13.23,
            "gross_margin_4q_avg": 13.3,
            "net_income": 509728,
            "revenue": 14364509,
            "common_shares": 3353187,
            "book_valuer_per_share": 36.96,
            "book_valuer_per_share_4q_avg": 35.56,
            "equity": 12392459,
            "current_ratio": 138.79,
            "debt_ratio": 55.51,
            "inventory_turnover_ratio": 1.92,
            "account_receivable_turnover_ratio": 1.49,
            "reinvestment_rate": 28.09,
            "research_to_sale_ratio": 3.85,
            "price_fair": 148.09,
            "eps_avg_yearly": 4.73,
            "eps_latest_yearly": 6.08,
            "eps_growth_yearly": 21.29
        },
        "20161": {
            "year_quarter": 20161,
            "year": 2016,
            "quarter": 1,
            "eps": 1.56,
            "eps_growth_year": 9.09,
            "eps_4q": 6.05,
            "eps_4q_growth_year": 25.04,
            "roe": 4.1,
            "roe_4q": 16.97,
            "gross_profit": 1770370,
            "gross_margin": 13.32,
            "gross_margin_4q_avg": 13.11,
            "net_income": 518170,
            "revenue": 13295508,
            "common_shares": 3352247,
            "book_valuer_per_share": 38.45,
            "book_valuer_per_share_4q_avg": 36.29,
            "equity": 12887805,
            "current_ratio": 152.3,
            "debt_ratio": 55.61,
            "inventory_turnover_ratio": 1.6,
            "account_receivable_turnover_ratio": 1.46,
            "reinvestment_rate": 32.39,
            "research_to_sale_ratio": 3.54,
            "price_fair": 171.15,
            "eps_avg_yearly": 4.89,
            "eps_latest_yearly": 6.24,
            "eps_growth_yearly": 29.34
        },
        "20162": {
            "year_quarter": 20162,
            "year": 2016,
            "quarter": 2,
            "eps": 1.16,
            "eps_growth_year": -4.92,
            "eps_4q": 5.84,
            "eps_4q_growth_year": 21.18,
            "roe": 3.09,
            "roe_4q": 16.59,
            "gross_profit": 1597073,
            "gross_margin": 12.73,
            "gross_margin_4q_avg": 13.19,
            "net_income": 384810,
            "revenue": 12544250,
            "common_shares": 3352247,
            "book_valuer_per_share": 35.83,
            "book_valuer_per_share_4q_avg": 36.75,
            "equity": 12011112,
            "current_ratio": 148.5,
            "debt_ratio": 56.3,
            "inventory_turnover_ratio": 1.56,
            "account_receivable_turnover_ratio": 1.43,
            "reinvestment_rate": 29.39,
            "research_to_sale_ratio": 3.79,
            "price_fair": 160.08,
            "eps_avg_yearly": 4.94,
            "eps_latest_yearly": 4.64,
            "eps_growth_yearly": 22.39
        },
        "20163": {
            "year_quarter": 20163,
            "year": 2016,
            "quarter": 3,
            "eps": 1.86,
            "eps_growth_year": 1.64,
            "eps_4q": 5.93,
            "eps_4q_growth_year": 6.76,
            "roe": 5.17,
            "roe_4q": 16.54,
            "gross_profit": 2140104,
            "gross_margin": 15.27,
            "gross_margin_4q_avg": 13.64,
            "net_income": 636571,
            "revenue": 14010822,
            "common_shares": 3452815,
            "book_valuer_per_share": 36.44,
            "book_valuer_per_share_4q_avg": 36.92,
            "equity": 12601204,
            "current_ratio": 151.08,
            "debt_ratio": 55.97,
            "inventory_turnover_ratio": 1.94,
            "account_receivable_turnover_ratio": 1.52,
            "reinvestment_rate": 26.48,
            "research_to_sale_ratio": 3.81,
            "price_fair": 179.38,
            "eps_avg_yearly": 5.13,
            "eps_latest_yearly": 7.44,
            "eps_growth_yearly": 32.74
        },
        "20164": {
            "year_quarter": 20164,
            "year": 2016,
            "quarter": 4,
            "eps": 1.42,
            "eps_growth_year": -6.28,
            "eps_4q": 5.78,
            "eps_4q_growth_year": -1.67,
            "roe": 3.9,
            "roe_4q": 16.259999999999998,
            "gross_profit": 1808084,
            "gross_margin": 13.98,
            "gross_margin_4q_avg": 13.83,
            "net_income": 503049,
            "revenue": 12928917,
            "common_shares": 3526975,
            "book_valuer_per_share": 37.29,
            "book_valuer_per_share_4q_avg": 37,
            "equity": 13168640,
            "current_ratio": 155.38,
            "debt_ratio": 55.77,
            "inventory_turnover_ratio": 1.82,
            "account_receivable_turnover_ratio": 1.34,
            "reinvestment_rate": 25.67,
            "research_to_sale_ratio": 4.06,
            "price_fair": 185.33,
            "eps_avg_yearly": 5.3,
            "eps_latest_yearly": 5.68,
            "eps_growth_yearly": 35.45
        },
        "20171": {
            "year_quarter": 20171,
            "year": 2017,
            "quarter": 1,
            "eps": 1.67,
            "eps_growth_year": 7.05,
            "eps_4q": 5.96,
            "eps_4q_growth_year": -1.61,
            "roe": 4.33,
            "roe_4q": 16.490000000000002,
            "gross_profit": 1922615,
            "gross_margin": 15.02,
            "gross_margin_4q_avg": 14.25,
            "net_income": 578564,
            "revenue": 12803904,
            "common_shares": 3531173,
            "book_valuer_per_share": 38.4,
            "book_valuer_per_share_4q_avg": 36.99,
            "equity": 13558133,
            "current_ratio": 158.75,
            "debt_ratio": 55.52,
            "inventory_turnover_ratio": 1.65,
            "account_receivable_turnover_ratio": 1.4,
            "reinvestment_rate": 15.43,
            "research_to_sale_ratio": 4.01,
            "price_fair": 191.89,
            "eps_avg_yearly": 5.48,
            "eps_latest_yearly": 6.68,
            "eps_growth_yearly": 33.77
        },
        "20172": {
            "year_quarter": 20172,
            "year": 2017,
            "quarter": 2,
            "eps": 1.68,
            "eps_growth_year": 44.83,
            "eps_4q": 6.32,
            "eps_4q_growth_year": 8.19,
            "roe": 4.38,
            "roe_4q": 17.78,
            "gross_profit": 1983365,
            "gross_margin": 13.78,
            "gross_margin_4q_avg": 14.51,
            "net_income": 581263,
            "revenue": 14392100,
            "common_shares": 3531173,
            "book_valuer_per_share": 36.83,
            "book_valuer_per_share_4q_avg": 37.24,
            "equity": 13003941,
            "current_ratio": 144.92,
            "debt_ratio": 61.24,
            "inventory_turnover_ratio": 1.59,
            "account_receivable_turnover_ratio": 1.57,
            "reinvestment_rate": 14.61,
            "research_to_sale_ratio": 3.84,
            "price_fair": 195.74,
            "eps_avg_yearly": 5.59,
            "eps_latest_yearly": 6.72,
            "eps_growth_yearly": 25.23
        },
        "20173": {
            "year_quarter": 20173,
            "year": 2017,
            "quarter": 3,
            "eps": 1.42,
            "eps_growth_year": -23.66,
            "eps_4q": 5.92,
            "eps_4q_growth_year": -0.09,
            "roe": 3.8,
            "roe_4q": 16.41,
            "gross_profit": 1927308,
            "gross_margin": 13.16,
            "gross_margin_4q_avg": 13.99,
            "net_income": 509568,
            "revenue": 14646190,
            "common_shares": 3641608,
            "book_valuer_per_share": 37.56,
            "book_valuer_per_share_4q_avg": 37.52,
            "equity": 13782327,
            "current_ratio": 154.84,
            "debt_ratio": 56.67,
            "inventory_turnover_ratio": 1.44,
            "account_receivable_turnover_ratio": 1.48,
            "reinvestment_rate": 15.82,
            "research_to_sale_ratio": 3.53,
            "price_fair": 113.79,
            "eps_avg_yearly": 5.51,
            "eps_latest_yearly": 5.68,
            "eps_growth_yearly": 10.67
        },
        "20174": {
            "year_quarter": 20174,
            "year": 2017,
            "quarter": 4,
            "eps": 1.08,
            "eps_growth_year": -24.54,
            "eps_4q": 5.63,
            "eps_4q_growth_year": -2.73,
            "roe": 2.82,
            "roe_4q": 15.33,
            "gross_profit": 1791708,
            "gross_margin": 11.91,
            "gross_margin_4q_avg": 13.47,
            "net_income": 394295,
            "revenue": 15047600,
            "common_shares": 3667772,
            "book_valuer_per_share": 38.77,
            "book_valuer_per_share_4q_avg": 37.89,
            "equity": 14221639,
            "current_ratio": 168.95,
            "debt_ratio": 52.49,
            "inventory_turnover_ratio": 1.68,
            "account_receivable_turnover_ratio": 1.51,
            "reinvestment_rate": 13.08,
            "research_to_sale_ratio": 3.54,
            "price_fair": 144.61,
            "eps_avg_yearly": 5.54,
            "eps_latest_yearly": 4.32,
            "eps_growth_yearly": 16.13
        },
        "20181": {
            "year_quarter": 20181,
            "year": 2018,
            "quarter": 1,
            "eps": 0.77,
            "eps_growth_year": -53.89,
            "eps_4q": 4.8,
            "eps_4q_growth_year": -19.34,
            "roe": 1.92,
            "roe_4q": 12.919999999999998,
            "gross_profit": 1493347,
            "gross_margin": 12.46,
            "gross_margin_4q_avg": 12.83,
            "net_income": 276736,
            "revenue": 11986378,
            "common_shares": 3667772,
            "book_valuer_per_share": 39.85,
            "book_valuer_per_share_4q_avg": 38.25,
            "equity": 14614321,
            "current_ratio": 158.84,
            "debt_ratio": 52.08,
            "inventory_turnover_ratio": 1.47,
            "account_receivable_turnover_ratio": 1.29,
            "reinvestment_rate": 6.37,
            "research_to_sale_ratio": 3.77,
            "price_fair": 130.77,
            "eps_avg_yearly": 5.53,
            "eps_latest_yearly": 3.08,
            "eps_growth_yearly": 13.64
        },
        "20182": {
            "year_quarter": 20182,
            "year": 2018,
            "quarter": 2,
            "eps": 1.2,
            "eps_growth_year": -28.57,
            "eps_4q": 4.32,
            "eps_4q_growth_year": -31.71,
            "roe": 3.07,
            "roe_4q": 11.61,
            "gross_profit": 1657880,
            "gross_margin": 12.65,
            "gross_margin_4q_avg": 12.55,
            "net_income": 434675,
            "revenue": 13102280,
            "common_shares": 3667772,
            "book_valuer_per_share": 37.38,
            "book_valuer_per_share_4q_avg": 38.39,
            "equity": 13708560,
            "current_ratio": 144.35,
            "debt_ratio": 58.17,
            "inventory_turnover_ratio": 1.51,
            "account_receivable_turnover_ratio": 1.41,
            "reinvestment_rate": 5.95,
            "research_to_sale_ratio": 4.15,
            "price_fair": 137.21,
            "eps_avg_yearly": 5.54,
            "eps_latest_yearly": 4.8,
            "eps_growth_yearly": 14.78
        },
        "20183": {
            "year_quarter": 20183,
            "year": 2018,
            "quarter": 3,
            "eps": 1.79,
            "eps_growth_year": 26.06,
            "eps_4q": 4.72,
            "eps_4q_growth_year": -20.21,
            "roe": 4.75,
            "roe_4q": 12.56,
            "gross_profit": 2011789,
            "gross_margin": 13.44,
            "gross_margin_4q_avg": 12.62,
            "net_income": 661212,
            "revenue": 14966037,
            "common_shares": 3740807,
            "book_valuer_per_share": 37.82,
            "book_valuer_per_share_4q_avg": 38.46,
            "equity": 14144133,
            "current_ratio": 147.11,
            "debt_ratio": 57.41,
            "inventory_turnover_ratio": 1.55,
            "account_receivable_turnover_ratio": 1.33,
            "reinvestment_rate": 0.23,
            "research_to_sale_ratio": 3.96,
            "price_fair": 199.68,
            "eps_avg_yearly": 5.71,
            "eps_latest_yearly": 7.16,
            "eps_growth_yearly": 28.34
        },
        "20184": {
            "year_quarter": 20184,
            "year": 2018,
            "quarter": 4,
            "eps": 1.43,
            "eps_growth_year": 32.99,
            "eps_4q": 4.95,
            "eps_4q_growth_year": -11.94,
            "roe": 3.71,
            "roe_4q": 13.450000000000001,
            "gross_profit": 1949651,
            "gross_margin": 12.19,
            "gross_margin_4q_avg": 12.69,
            "net_income": 556722,
            "revenue": 15994981,
            "common_shares": 3738751,
            "book_valuer_per_share": 40.7,
            "book_valuer_per_share_4q_avg": 38.94,
            "equity": 15849211,
            "current_ratio": 150.89,
            "debt_ratio": 52.21,
            "inventory_turnover_ratio": 1.54,
            "account_receivable_turnover_ratio": 1.27,
            "reinvestment_rate": 11.59,
            "research_to_sale_ratio": 3.8,
            "price_fair": 180.31,
            "eps_avg_yearly": 5.76,
            "eps_latest_yearly": 5.72,
            "eps_growth_yearly": 21.3
        },
        "20191": {
            "year_quarter": 20191,
            "year": 2019,
            "quarter": 1,
            "eps": 0.65,
            "eps_growth_year": -15.58,
            "eps_4q": 4.87,
            "eps_4q_growth_year": 1.47,
            "roe": 1.55,
            "roe_4q": 13.08,
            "gross_profit": 1510194,
            "gross_margin": 11.07,
            "gross_margin_4q_avg": 12.34,
            "net_income": 250381,
            "revenue": 13645040,
            "common_shares": 3904093,
            "book_valuer_per_share": 42.24,
            "book_valuer_per_share_4q_avg": 39.54,
            "equity": 16492504,
            "current_ratio": 160.52,
            "debt_ratio": 50.7,
            "inventory_turnover_ratio": 1.3,
            "account_receivable_turnover_ratio": 1.12,
            "reinvestment_rate": 13.59,
            "research_to_sale_ratio": 4.4,
            "price_fair": 73.03,
            "eps_avg_yearly": 5.57,
            "eps_latest_yearly": 2.6,
            "eps_growth_yearly": 3.12
        },
        "20192": {
            "year_quarter": 20192,
            "year": 2019,
            "quarter": 2,
            "eps": 0.97,
            "eps_growth_year": -19.17,
            "eps_4q": 4.73,
            "eps_4q_growth_year": 9.46,
            "roe": 2.36,
            "roe_4q": 12.370000000000001,
            "gross_profit": 1757196,
            "gross_margin": 11.88,
            "gross_margin_4q_avg": 12.15,
            "net_income": 376754,
            "revenue": 14796787,
            "common_shares": 3904093,
            "book_valuer_per_share": 39.47,
            "book_valuer_per_share_4q_avg": 40.06,
            "equity": 15409050,
            "current_ratio": 145.3,
            "debt_ratio": 56.2,
            "inventory_turnover_ratio": 1.36,
            "account_receivable_turnover_ratio": 1.25,
            "reinvestment_rate": 11.84,
            "research_to_sale_ratio": 4.33,
            "price_fair": 160.13,
            "eps_avg_yearly": 5.5,
            "eps_latest_yearly": 3.88,
            "eps_growth_yearly": 19.1
        },
        "20193": {
            "year_quarter": 20193,
            "year": 2019,
            "quarter": 3,
            "eps": 1.44,
            "eps_growth_year": -19.55,
            "eps_4q": 4.46,
            "eps_4q_growth_year": -5.51,
            "roe": 3.57,
            "roe_4q": 11.19,
            "gross_profit": 2057743,
            "gross_margin": 11.6,
            "gross_margin_4q_avg": 11.69,
            "net_income": 558185,
            "revenue": 17739876,
            "common_shares": 3903293,
            "book_valuer_per_share": 40.6,
            "book_valuer_per_share_4q_avg": 40.75,
            "equity": 15846439,
            "current_ratio": 147.51,
            "debt_ratio": 55.3,
            "inventory_turnover_ratio": 1.78,
            "account_receivable_turnover_ratio": 1.37,
            "reinvestment_rate": 7.75,
            "research_to_sale_ratio": 3.79,
            "price_fair": 155.2,
            "eps_avg_yearly": 5.41,
            "eps_latest_yearly": 5.76,
            "eps_growth_yearly": 18.71
        },
        "20194": {
            "year_quarter": 20194,
            "year": 2019,
            "quarter": 4,
            "eps": 0.71,
            "eps_growth_year": -50.55,
            "eps_4q": 3.74,
            "eps_4q_growth_year": -24.42,
            "roe": 1.72,
            "roe_4q": 9.200000000000001,
            "gross_profit": 1764798,
            "gross_margin": 10.99,
            "gross_margin_4q_avg": 11.39,
            "net_income": 275853,
            "revenue": 16057879,
            "common_shares": 3903293,
            "book_valuer_per_share": 41.43,
            "book_valuer_per_share_4q_avg": 40.94,
            "equity": 16165398,
            "current_ratio": 152.1,
            "debt_ratio": 53.06,
            "inventory_turnover_ratio": 1.9,
            "account_receivable_turnover_ratio": 1.22,
            "reinvestment_rate": 6.6,
            "research_to_sale_ratio": 3.84,
            "price_fair": 105.49,
            "eps_avg_yearly": 5.2,
            "eps_latest_yearly": 2.84,
            "eps_growth_yearly": 10.28
        },
        "20201": {
            "year_quarter": 20201,
            "year": 2020,
            "quarter": 1,
            "eps": 0.64,
            "eps_growth_year": -1.54,
            "eps_4q": 3.75,
            "eps_4q_growth_year": -23.12,
            "roe": 1.55,
            "roe_4q": 9.2,
            "gross_profit": 1471269,
            "gross_margin": 11.01,
            "gross_margin_4q_avg": 11.37,
            "net_income": 251555,
            "revenue": 13365765,
            "common_shares": 3902323,
            "book_valuer_per_share": 41.54,
            "book_valuer_per_share_4q_avg": 40.76,
            "equity": 16211885,
            "current_ratio": 155.46,
            "debt_ratio": 54.22,
            "inventory_turnover_ratio": 1.45,
            "account_receivable_turnover_ratio": 1.11,
            "reinvestment_rate": 1.18,
            "research_to_sale_ratio": 4.36,
            "price_fair": 85.29,
            "eps_avg_yearly": 4.97,
            "eps_latest_yearly": 2.56,
            "eps_growth_yearly": 7.15
        },
        "20202": {
            "year_quarter": 20202,
            "year": 2020,
            "quarter": 2,
            "eps": 1.03,
            "eps_growth_year": 6.19,
            "eps_4q": 3.81,
            "eps_4q_growth_year": -19.4,
            "roe": 2.5,
            "roe_4q": 9.34,
            "gross_profit": 1764082,
            "gross_margin": 11.7,
            "gross_margin_4q_avg": 11.33,
            "net_income": 400864,
            "revenue": 15079610,
            "common_shares": 3902323,
            "book_valuer_per_share": 40.73,
            "book_valuer_per_share_4q_avg": 41.08,
            "equity": 15895047,
            "current_ratio": 156.24,
            "debt_ratio": 55.8,
            "inventory_turnover_ratio": 1.45,
            "account_receivable_turnover_ratio": 1.23,
            "reinvestment_rate": 0.83,
            "research_to_sale_ratio": 4.43,
            "price_fair": 172.9,
            "eps_avg_yearly": 4.94,
            "eps_latest_yearly": 4.12,
            "eps_growth_yearly": 28.8
        },
        "20203": {
            "year_quarter": 20203,
            "year": 2020,
            "quarter": 3,
            "eps": 1.21,
            "eps_growth_year": -15.97,
            "eps_4q": 3.53,
            "eps_4q_growth_year": -21.01,
            "roe": 2.94,
            "roe_4q": 8.709999999999999,
            "gross_profit": 1906696,
            "gross_margin": 11.14,
            "gross_margin_4q_avg": 11.21,
            "net_income": 473519,
            "revenue": 17108469,
            "common_shares": 3976243,
            "book_valuer_per_share": 41.03,
            "book_valuer_per_share_4q_avg": 41.18,
            "equity": 16312861,
            "current_ratio": 153.26,
            "debt_ratio": 57.05,
            "inventory_turnover_ratio": 1.76,
            "account_receivable_turnover_ratio": 1.22,
            "reinvestment_rate": 2.91,
            "research_to_sale_ratio": 3.83,
            "price_fair": 134.16,
            "eps_avg_yearly": 4.78,
            "eps_latest_yearly": 4.84,
            "eps_growth_yearly": 18.08
        },
        "20204": {
            "year_quarter": 20204,
            "year": 2020,
            "quarter": 4,
            "eps": 0.86,
            "eps_growth_year": 21.31,
            "eps_4q": 3.69,
            "eps_4q_growth_year": -1.47,
            "roe": 2.06,
            "roe_4q": 9.05,
            "gross_profit": 1808790,
            "gross_margin": 10.58,
            "gross_margin_4q_avg": 11.11,
            "net_income": 340982,
            "revenue": 17094887,
            "common_shares": 3976243,
            "book_valuer_per_share": 42.21,
            "book_valuer_per_share_4q_avg": 41.38,
            "equity": 16785589,
            "current_ratio": 157.05,
            "debt_ratio": 55.76,
            "inventory_turnover_ratio": 1.86,
            "account_receivable_turnover_ratio": 1.21,
            "reinvestment_rate": 10.4,
            "research_to_sale_ratio": 3.85,
            "price_fair": 124.11,
            "eps_avg_yearly": 4.64,
            "eps_latest_yearly": 3.44,
            "eps_growth_yearly": 16.76
        },
        "20211": {
            "year_quarter": 20211,
            "year": 2021,
            "quarter": 1,
            "eps": 0.7,
            "eps_growth_year": 9.38,
            "eps_4q": 3.75,
            "eps_4q_growth_year": -0.04,
            "roe": 1.61,
            "roe_4q": 9.11,
            "gross_profit": 1670940,
            "gross_margin": 10.89,
            "gross_margin_4q_avg": 11.08,
            "net_income": 274031,
            "revenue": 15343587,
            "common_shares": 3976243,
            "book_valuer_per_share": 43.14,
            "book_valuer_per_share_4q_avg": 41.78,
            "equity": 17154653,
            "current_ratio": 159.13,
            "debt_ratio": 55.49,
            "inventory_turnover_ratio": 1.49,
            "account_receivable_turnover_ratio": 1.19,
            "reinvestment_rate": 19.42,
            "research_to_sale_ratio": 4.25,
            "price_fair": 77.84,
            "eps_avg_yearly": 4.4,
            "eps_latest_yearly": 2.8,
            "eps_growth_yearly": 7.71
        },
        "20212": {
            "year_quarter": 20212,
            "year": 2021,
            "quarter": 2,
            "eps": 0.75,
            "eps_growth_year": -27.18,
            "eps_4q": 3.47,
            "eps_4q_growth_year": -8.82,
            "roe": 1.74,
            "roe_4q": 8.35,
            "gross_profit": 1718794,
            "gross_margin": 11.09,
            "gross_margin_4q_avg": 10.93,
            "net_income": 291814,
            "revenue": 15502536,
            "common_shares": 3974143,
            "book_valuer_per_share": 41.13,
            "book_valuer_per_share_4q_avg": 41.88,
            "equity": 16347187,
            "current_ratio": 145.57,
            "debt_ratio": 59.57,
            "inventory_turnover_ratio": 1.17,
            "account_receivable_turnover_ratio": 1.29,
            "reinvestment_rate": 26.43,
            "research_to_sale_ratio": 4.47,
            "price_fair": 80.53,
            "eps_avg_yearly": 4.16,
            "eps_latest_yearly": 3,
            "eps_growth_yearly": 9.35
        },
        "20213": {
            "year_quarter": 20213,
            "year": 2021,
            "quarter": 3,
            "eps": 0.85,
            "eps_growth_year": -29.75,
            "eps_4q": 3.12,
            "eps_4q_growth_year": -11.41,
            "roe": 2.03,
            "roe_4q": 7.4399999999999995,
            "gross_profit": 1924865,
            "gross_margin": 11.11,
            "gross_margin_4q_avg": 10.92,
            "net_income": 334145,
            "revenue": 17330250,
            "common_shares": 3973393,
            "book_valuer_per_share": 41.73,
            "book_valuer_per_share_4q_avg": 42.05,
            "equity": 16579250,
            "current_ratio": 143.21,
            "debt_ratio": 60.52,
            "inventory_turnover_ratio": 1.11,
            "account_receivable_turnover_ratio": 1.4,
            "reinvestment_rate": 30.7,
            "research_to_sale_ratio": 4.17,
            "price_fair": 106.73,
            "eps_avg_yearly": 4.02,
            "eps_latest_yearly": 3.4,
            "eps_growth_yearly": 16.55
        },
        "20214": {
            "year_quarter": 20214,
            "year": 2021,
            "quarter": 4,
            "eps": 0.84,
            "eps_growth_year": -2.32,
            "eps_4q": 3.11,
            "eps_4q_growth_year": -15.78,
            "roe": 1.98,
            "roe_4q": 7.36,
            "gross_profit": 1939329,
            "gross_margin": 10.18,
            "gross_margin_4q_avg": 10.82,
            "net_income": 332164,
            "revenue": 19053226,
            "common_shares": 3965585,
            "book_valuer_per_share": 42.88,
            "book_valuer_per_share_4q_avg": 42.22,
            "equity": 17002599,
            "current_ratio": 139.89,
            "debt_ratio": 61.79,
            "inventory_turnover_ratio": 1.24,
            "account_receivable_turnover_ratio": 1.34,
            "reinvestment_rate": 40.24,
            "research_to_sale_ratio": 3.85,
            "price_fair": 127.67,
            "eps_avg_yearly": 3.96,
            "eps_latest_yearly": 3.36,
            "eps_growth_yearly": 22.24
        },
        "20221": {
            "year_quarter": 20221,
            "year": 2022,
            "quarter": 1,
            "eps": 0.77,
            "eps_growth_year": 10,
            "eps_4q": 3.18,
            "eps_4q_growth_year": -15.17,
            "roe": 1.74,
            "roe_4q": 7.49,
            "gross_profit": 2039169,
            "gross_margin": 10.48,
            "gross_margin_4q_avg": 10.72,
            "net_income": 301905,
            "revenue": 19455863,
            "common_shares": 3965585,
            "book_valuer_per_share": 44.38,
            "book_valuer_per_share_4q_avg": 42.53,
            "equity": 17599646,
            "current_ratio": 136.5,
            "debt_ratio": 63.46,
            "inventory_turnover_ratio": 1.22,
            "account_receivable_turnover_ratio": 1.23,
            "reinvestment_rate": 50.21,
            "research_to_sale_ratio": 3.87,
            "price_fair": 138.6,
            "eps_avg_yearly": 3.96,
            "eps_latest_yearly": 3.08,
            "eps_growth_yearly": 27.33
        },
        "20222": {
            "year_quarter": 20222,
            "year": 2022,
            "quarter": 2,
            "eps": 1.43,
            "eps_growth_year": 90.67,
            "eps_4q": 3.85,
            "eps_4q_growth_year": 10.91,
            "roe": 3.2,
            "roe_4q": 8.95,
            "gross_profit": 2530883,
            "gross_margin": 12.54,
            "gross_margin_4q_avg": 11.08,
            "net_income": 558932,
            "revenue": 20175621,
            "common_shares": 3964529,
            "book_valuer_per_share": 43.66,
            "book_valuer_per_share_4q_avg": 43.16,
            "equity": 17307513,
            "current_ratio": 142.07,
            "debt_ratio": 66.8,
            "inventory_turnover_ratio": 1.04,
            "account_receivable_turnover_ratio": 1.2,
            "reinvestment_rate": 55.15,
            "research_to_sale_ratio": 4.04,
            "price_fair": 140.61,
            "eps_avg_yearly": 4.02,
            "eps_latest_yearly": 5.72,
            "eps_growth_yearly": 34.8
        },
        "20223": {
            "year_quarter": 20223,
            "year": 2022,
            "quarter": 3,
            "eps": 3.13,
            "eps_growth_year": 268.24,
            "eps_4q": 6.12,
            "eps_4q_growth_year": 96.05,
            "roe": 6.84,
            "roe_4q": 13.76,
            "gross_profit": 3374473,
            "gross_margin": 12.72,
            "gross_margin_4q_avg": 11.48,
            "net_income": 1230570,
            "revenue": 26531151,
            "common_shares": 3964331,
            "book_valuer_per_share": 47.19,
            "book_valuer_per_share_4q_avg": 44.53,
            "equity": 18677312,
            "current_ratio": 133.97,
            "debt_ratio": 69.71,
            "inventory_turnover_ratio": 1.13,
            "account_receivable_turnover_ratio": 1.36,
            "reinvestment_rate": 69.85,
            "research_to_sale_ratio": 3.63,
            "price_fair": 152.34,
            "eps_avg_yearly": 4.35,
            "eps_latest_yearly": 12.52,
            "eps_growth_yearly": 52.23
        },
        "20224": {
            "year_quarter": 20224,
            "year": 2022,
            "quarter": 4,
            "eps": 2.55,
            "eps_growth_year": 203.89,
            "eps_4q": 7.71,
            "eps_4q_growth_year": 148.22,
            "roe": 5.28,
            "roe_4q": 17.06,
            "gross_profit": 3650190,
            "gross_margin": 12.55,
            "gross_margin_4q_avg": 12.07,
            "net_income": 1030313,
            "revenue": 29094816,
            "common_shares": 3958091,
            "book_valuer_per_share": 50.29,
            "book_valuer_per_share_4q_avg": 46.38,
            "equity": 20356191,
            "current_ratio": 132.33,
            "debt_ratio": 69.1,
            "inventory_turnover_ratio": 1.08,
            "account_receivable_turnover_ratio": 1.34,
            "reinvestment_rate": 57.03,
            "research_to_sale_ratio": 3.62,
            "price_fair": 162.14,
            "eps_avg_yearly": 4.63,
            "eps_latest_yearly": 10.2,
            "eps_growth_yearly": 52.62
        },
        "20231": {
            "year_quarter": 20231,
            "year": 2023,
            "quarter": 1,
            "eps": 1.43,
            "eps_growth_year": 85.71,
            "eps_4q": 8.27,
            "eps_4q_growth_year": 160.26,
            "roe": 2.73,
            "roe_4q": 18.05,
            "gross_profit": 2803795,
            "gross_margin": 11.1,
            "gross_margin_4q_avg": 12.23,
            "net_income": 575253,
            "revenue": 25266473,
            "common_shares": 4048084,
            "book_valuer_per_share": 52.98,
            "book_valuer_per_share_4q_avg": 48.53,
            "equity": 21751353,
            "current_ratio": 138.95,
            "debt_ratio": 65.03,
            "inventory_turnover_ratio": 0.94,
            "account_receivable_turnover_ratio": 1.25,
            "reinvestment_rate": 54.42,
            "research_to_sale_ratio": 3.5,
            "price_fair": 168.96,
            "eps_avg_yearly": 4.83,
            "eps_latest_yearly": 5.72,
            "eps_growth_yearly": 55.28
        }
    },
    "months": {
        "2003-09": {
            "month": "2003-09",
            "price": "144.71",
            "revenue": 640493
        },
        "2003-10": {
            "month": "2003-10",
            "price": "129.57",
            "revenue": 744086
        },
        "2003-11": {
            "month": "2003-11",
            "price": "130.68",
            "revenue": 762104
        },
        "2003-12": {
            "month": "2003-12",
            "price": "137.91",
            "revenue": 786947
        },
        "2004-01": {
            "month": "2004-01",
            "price": "131.20",
            "revenue": 707769
        },
        "2004-02": {
            "month": "2004-02",
            "price": "134.88",
            "revenue": 753407
        },
        "2004-03": {
            "month": "2004-03",
            "price": "124.63",
            "revenue": 974659
        },
        "2004-04": {
            "month": "2004-04",
            "price": "110.18",
            "revenue": 985835
        },
        "2004-05": {
            "month": "2004-05",
            "price": "67.60",
            "revenue": 789778
        },
        "2004-06": {
            "month": "2004-06",
            "price": "58.36",
            "revenue": 696118
        },
        "2004-07": {
            "month": "2004-07",
            "price": "50.35",
            "revenue": 795186
        },
        "2004-08": {
            "month": "2004-08",
            "price": "40.42",
            "revenue": 917084
        },
        "2004-09": {
            "month": "2004-09",
            "price": "40.60",
            "revenue": 1119252
        },
        "2004-10": {
            "month": "2004-10",
            "price": "38.00",
            "revenue": 1147217
        },
        "2004-11": {
            "month": "2004-11",
            "price": "46.06",
            "revenue": 1250906
        },
        "2004-12": {
            "month": "2004-12",
            "price": "54.00",
            "revenue": 1022585
        },
        "2005-01": {
            "month": "2005-01",
            "price": "50.70",
            "revenue": 1027020
        },
        "2005-02": {
            "month": "2005-02",
            "price": "69.65",
            "revenue": 977311
        },
        "2005-03": {
            "month": "2005-03",
            "price": "77.22",
            "revenue": 1382943
        },
        "2005-04": {
            "month": "2005-04",
            "price": "69.76",
            "revenue": 1359650
        },
        "2005-05": {
            "month": "2005-05",
            "price": "75.92",
            "revenue": 1319986
        },
        "2005-06": {
            "month": "2005-06",
            "price": "80.54",
            "revenue": 1171353
        },
        "2005-07": {
            "month": "2005-07",
            "price": "70.06",
            "revenue": 922019
        },
        "2005-08": {
            "month": "2005-08",
            "price": "58.17",
            "revenue": 978003
        },
        "2005-09": {
            "month": "2005-09",
            "price": "62.76",
            "revenue": 1465430
        },
        "2005-10": {
            "month": "2005-10",
            "price": "60.14",
            "revenue": 1438456
        },
        "2005-11": {
            "month": "2005-11",
            "price": "65.08",
            "revenue": 1398779
        },
        "2005-12": {
            "month": "2005-12",
            "price": "72.69",
            "revenue": 1498861
        },
        "2006-01": {
            "month": "2006-01",
            "price": "83.88",
            "revenue": 1339501
        },
        "2006-02": {
            "month": "2006-02",
            "price": "83.16",
            "revenue": 1080345
        },
        "2006-03": {
            "month": "2006-03",
            "price": "100.90",
            "revenue": 1422079
        },
        "2006-04": {
            "month": "2006-04",
            "price": "128.37",
            "revenue": 1373352
        },
        "2006-05": {
            "month": "2006-05",
            "price": "121.00",
            "revenue": 1208509
        },
        "2006-06": {
            "month": "2006-06",
            "price": "79.95",
            "revenue": 1138937
        },
        "2006-07": {
            "month": "2006-07",
            "price": "77.94",
            "revenue": 834709
        },
        "2006-08": {
            "month": "2006-08",
            "price": "81.06",
            "revenue": 1368371
        },
        "2006-09": {
            "month": "2006-09",
            "price": "86.70",
            "revenue": 1435549
        },
        "2006-10": {
            "month": "2006-10",
            "price": "83.00",
            "revenue": 1940469
        },
        "2006-11": {
            "month": "2006-11",
            "price": "91.41",
            "revenue": 2861106
        },
        "2006-12": {
            "month": "2006-12",
            "price": "84.83",
            "revenue": 2636002
        },
        "2007-01": {
            "month": "2007-01",
            "price": "89.09",
            "revenue": 1443014
        },
        "2007-02": {
            "month": "2007-02",
            "price": "90.18",
            "revenue": 1147486
        },
        "2007-03": {
            "month": "2007-03",
            "price": "95.61",
            "revenue": 1440851
        },
        "2007-04": {
            "month": "2007-04",
            "price": "85.28",
            "revenue": 1362889
        },
        "2007-05": {
            "month": "2007-05",
            "price": "85.38",
            "revenue": 1324478
        },
        "2007-06": {
            "month": "2007-06",
            "price": "93.70",
            "revenue": 1175651
        },
        "2007-07": {
            "month": "2007-07",
            "price": "99.25",
            "revenue": 1194585
        },
        "2007-08": {
            "month": "2007-08",
            "price": "77.65",
            "revenue": 1437221
        },
        "2007-09": {
            "month": "2007-09",
            "price": "75.22",
            "revenue": 1361210
        },
        "2007-10": {
            "month": "2007-10",
            "price": "75.07",
            "revenue": 1645631
        },
        "2007-11": {
            "month": "2007-11",
            "price": "66.82",
            "revenue": 1528644
        },
        "2007-12": {
            "month": "2007-12",
            "price": "60.34",
            "revenue": 1514967
        },
        "2008-01": {
            "month": "2008-01",
            "price": "45.59",
            "revenue": 1429448
        },
        "2008-02": {
            "month": "2008-02",
            "price": "43.84",
            "revenue": 1010909
        },
        "2008-03": {
            "month": "2008-03",
            "price": "44.87",
            "revenue": 1586393
        },
        "2008-04": {
            "month": "2008-04",
            "price": "57.07",
            "revenue": 1365804
        },
        "2008-05": {
            "month": "2008-05",
            "price": "61.70",
            "revenue": 1530214
        },
        "2008-06": {
            "month": "2008-06",
            "price": "52.84",
            "revenue": 1505810
        },
        "2008-07": {
            "month": "2008-07",
            "price": "50.99",
            "revenue": 1314718
        },
        "2008-08": {
            "month": "2008-08",
            "price": "43.37",
            "revenue": 1480303
        },
        "2008-09": {
            "month": "2008-09",
            "price": "32.81",
            "revenue": 2408549
        },
        "2008-10": {
            "month": "2008-10",
            "price": "30.10",
            "revenue": 2127984
        },
        "2008-11": {
            "month": "2008-11",
            "price": "23.71",
            "revenue": 1497314
        },
        "2008-12": {
            "month": "2008-12",
            "price": "21.52",
            "revenue": 1431940
        },
        "2009-01": {
            "month": "2009-01",
            "price": "21.67",
            "revenue": 1068479
        },
        "2009-02": {
            "month": "2009-02",
            "price": "21.42",
            "revenue": 1241567
        },
        "2009-03": {
            "month": "2009-03",
            "price": "24.30",
            "revenue": 1461770
        },
        "2009-04": {
            "month": "2009-04",
            "price": "28.90",
            "revenue": 1264844
        },
        "2009-05": {
            "month": "2009-05",
            "price": "36.95",
            "revenue": 941871
        },
        "2009-06": {
            "month": "2009-06",
            "price": "32.01",
            "revenue": 1221675
        },
        "2009-07": {
            "month": "2009-07",
            "price": "35.70",
            "revenue": 1032190
        },
        "2009-08": {
            "month": "2009-08",
            "price": "34.41",
            "revenue": 1189613
        },
        "2009-09": {
            "month": "2009-09",
            "price": "40.74",
            "revenue": 1725818
        },
        "2009-10": {
            "month": "2009-10",
            "price": "43.93",
            "revenue": 1710574
        },
        "2009-11": {
            "month": "2009-11",
            "price": "45.31",
            "revenue": 1439659
        },
        "2009-12": {
            "month": "2009-12",
            "price": "48.80",
            "revenue": 1605459
        },
        "2010-01": {
            "month": "2010-01",
            "price": "52.24",
            "revenue": 1540451
        },
        "2010-02": {
            "month": "2010-02",
            "price": "51.31",
            "revenue": 1240609
        },
        "2010-03": {
            "month": "2010-03",
            "price": "55.94",
            "revenue": 1718256
        },
        "2010-04": {
            "month": "2010-04",
            "price": "56.52",
            "revenue": 1663873
        },
        "2010-05": {
            "month": "2010-05",
            "price": "56.82",
            "revenue": 2116854
        },
        "2010-06": {
            "month": "2010-06",
            "price": "58.14",
            "revenue": 2315935
        },
        "2010-07": {
            "month": "2010-07",
            "price": "60.10",
            "revenue": 2159887
        },
        "2010-08": {
            "month": "2010-08",
            "price": "63.89",
            "revenue": 2354516
        },
        "2010-09": {
            "month": "2010-09",
            "price": "65.67",
            "revenue": 2901397
        },
        "2010-10": {
            "month": "2010-10",
            "price": "67.65",
            "revenue": 3080160
        },
        "2010-11": {
            "month": "2010-11",
            "price": "63.14",
            "revenue": 3428632
        },
        "2010-12": {
            "month": "2010-12",
            "price": "69.07",
            "revenue": 2817818
        },
        "2011-01": {
            "month": "2011-01",
            "price": "76.70",
            "revenue": 2799222
        },
        "2011-02": {
            "month": "2011-02",
            "price": "95.22",
            "revenue": 1844793
        },
        "2011-03": {
            "month": "2011-03",
            "price": "96.79",
            "revenue": 2885103
        },
        "2011-04": {
            "month": "2011-04",
            "price": "103.35",
            "revenue": 2477908
        },
        "2011-05": {
            "month": "2011-05",
            "price": "107.00",
            "revenue": 2778283
        },
        "2011-06": {
            "month": "2011-06",
            "price": "105.79",
            "revenue": 2753051
        },
        "2011-07": {
            "month": "2011-07",
            "price": "97.25",
            "revenue": 2881400
        },
        "2011-08": {
            "month": "2011-08",
            "price": "84.51",
            "revenue": 3489614
        },
        "2011-09": {
            "month": "2011-09",
            "price": "73.04",
            "revenue": 3562390
        },
        "2011-10": {
            "month": "2011-10",
            "price": "75.70",
            "revenue": 3157539
        },
        "2011-11": {
            "month": "2011-11",
            "price": "64.61",
            "revenue": 2417431
        },
        "2011-12": {
            "month": "2011-12",
            "price": "51.02",
            "revenue": 2935380
        },
        "2012-01": {
            "month": "2012-01",
            "price": "53.54",
            "revenue": 2475585
        },
        "2012-02": {
            "month": "2012-02",
            "price": "65.14",
            "revenue": 2546122
        },
        "2012-03": {
            "month": "2012-03",
            "price": "66.89",
            "revenue": 3131840
        },
        "2012-04": {
            "month": "2012-04",
            "price": "61.24",
            "revenue": 2787458
        },
        "2012-05": {
            "month": "2012-05",
            "price": "55.05",
            "revenue": 2681552
        },
        "2012-06": {
            "month": "2012-06",
            "price": "56.46",
            "revenue": 2947003
        },
        "2012-07": {
            "month": "2012-07",
            "price": "60.86",
            "revenue": 3269771
        },
        "2012-08": {
            "month": "2012-08",
            "price": "55.56",
            "revenue": 3509703
        },
        "2012-09": {
            "month": "2012-09",
            "price": "54.80",
            "revenue": 2864438
        },
        "2012-10": {
            "month": "2012-10",
            "price": "49.34",
            "revenue": 2647016
        },
        "2012-11": {
            "month": "2012-11",
            "price": "42.85",
            "revenue": 2771263
        },
        "2012-12": {
            "month": "2012-12",
            "price": "47.19",
            "revenue": 2802767
        },
        "2013-01": {
            "month": "2013-01",
            "price": "49.74",
            "revenue": 2798444
        },
        "2013-02": {
            "month": "2013-02",
            "price": "54.20",
            "revenue": 2266804
        },
        "2013-03": {
            "month": "2013-03",
            "price": "51.93",
            "revenue": 2984412
        },
        "2013-04": {
            "month": "2013-04",
            "price": "49.11",
            "revenue": 2741410
        },
        "2013-05": {
            "month": "2013-05",
            "price": "47.84",
            "revenue": 2927733
        },
        "2013-06": {
            "month": "2013-06",
            "price": "45.98",
            "revenue": 2917692
        },
        "2013-07": {
            "month": "2013-07",
            "price": "45.80",
            "revenue": 3376532
        },
        "2013-08": {
            "month": "2013-08",
            "price": "49.97",
            "revenue": 3656568
        },
        "2013-09": {
            "month": "2013-09",
            "price": "62.34",
            "revenue": 3669082
        },
        "2013-10": {
            "month": "2013-10",
            "price": "67.82",
            "revenue": 3646427
        },
        "2013-11": {
            "month": "2013-11",
            "price": "70.36",
            "revenue": 2996795
        },
        "2013-12": {
            "month": "2013-12",
            "price": "74.84",
            "revenue": 2671761
        },
        "2014-01": {
            "month": "2014-01",
            "price": "76.72",
            "revenue": 3043676
        },
        "2014-02": {
            "month": "2014-02",
            "price": "77.27",
            "revenue": 2377373
        },
        "2014-03": {
            "month": "2014-03",
            "price": "72.30",
            "revenue": 2796352
        },
        "2014-04": {
            "month": "2014-04",
            "price": "68.87",
            "revenue": 3239805
        },
        "2014-05": {
            "month": "2014-05",
            "price": "68.65",
            "revenue": 3335728
        },
        "2014-06": {
            "month": "2014-06",
            "price": "72.36",
            "revenue": 3427219
        },
        "2014-07": {
            "month": "2014-07",
            "price": "79.38",
            "revenue": 3238614
        },
        "2014-08": {
            "month": "2014-08",
            "price": "76.93",
            "revenue": 3759748
        },
        "2014-09": {
            "month": "2014-09",
            "price": "74.22",
            "revenue": 3844347
        },
        "2014-10": {
            "month": "2014-10",
            "price": "66.80",
            "revenue": 3938856
        },
        "2014-11": {
            "month": "2014-11",
            "price": "61.86",
            "revenue": 3661465
        },
        "2014-12": {
            "month": "2014-12",
            "price": "65.58",
            "revenue": 3663735
        },
        "2015-01": {
            "month": "2015-01",
            "price": "67.99",
            "revenue": 4247984
        },
        "2015-02": {
            "month": "2015-02",
            "price": "71.05",
            "revenue": 3321962
        },
        "2015-03": {
            "month": "2015-03",
            "price": "73.09",
            "revenue": 3942157
        },
        "2015-04": {
            "month": "2015-04",
            "price": "76.74",
            "revenue": 4171195
        },
        "2015-05": {
            "month": "2015-05",
            "price": "88.53",
            "revenue": 4159360
        },
        "2015-06": {
            "month": "2015-06",
            "price": "89.73",
            "revenue": 4257397
        },
        "2015-07": {
            "month": "2015-07",
            "price": "82.54",
            "revenue": 4446062
        },
        "2015-08": {
            "month": "2015-08",
            "price": "66.27",
            "revenue": 4409744
        },
        "2015-09": {
            "month": "2015-09",
            "price": "67.14",
            "revenue": 4862849
        },
        "2015-10": {
            "month": "2015-10",
            "price": "78.85",
            "revenue": 4835201
        },
        "2015-11": {
            "month": "2015-11",
            "price": "85.60",
            "revenue": 4802740
        },
        "2015-12": {
            "month": "2015-12",
            "price": "86.86",
            "revenue": 4726568
        },
        "2016-01": {
            "month": "2016-01",
            "price": "82.69",
            "revenue": 4769512
        },
        "2016-02": {
            "month": "2016-02",
            "price": "87.39",
            "revenue": 3828125
        },
        "2016-03": {
            "month": "2016-03",
            "price": "83.67",
            "revenue": 4697871
        },
        "2016-04": {
            "month": "2016-04",
            "price": "84.85",
            "revenue": 4146381
        },
        "2016-05": {
            "month": "2016-05",
            "price": "76.71",
            "revenue": 4126023
        },
        "2016-06": {
            "month": "2016-06",
            "price": "81.49",
            "revenue": 4271846
        },
        "2016-07": {
            "month": "2016-07",
            "price": "84.43",
            "revenue": 4644073
        },
        "2016-08": {
            "month": "2016-08",
            "price": "88.70",
            "revenue": 4670304
        },
        "2016-09": {
            "month": "2016-09",
            "price": "96.35",
            "revenue": 4696445
        },
        "2016-10": {
            "month": "2016-10",
            "price": "92.52",
            "revenue": 4236224
        },
        "2016-11": {
            "month": "2016-11",
            "price": "87.85",
            "revenue": 3968924
        },
        "2016-12": {
            "month": "2016-12",
            "price": "87.37",
            "revenue": 4723769
        },
        "2017-01": {
            "month": "2017-01",
            "price": "89.75",
            "revenue": 4155909
        },
        "2017-02": {
            "month": "2017-02",
            "price": "90.82",
            "revenue": 3867069
        },
        "2017-03": {
            "month": "2017-03",
            "price": "87.00",
            "revenue": 4780926
        },
        "2017-04": {
            "month": "2017-04",
            "price": "82.86",
            "revenue": 4430147
        },
        "2017-05": {
            "month": "2017-05",
            "price": "88.50",
            "revenue": 4708180
        },
        "2017-06": {
            "month": "2017-06",
            "price": "89.36",
            "revenue": 5253773
        },
        "2017-07": {
            "month": "2017-07",
            "price": "94.99",
            "revenue": 4618198
        },
        "2017-08": {
            "month": "2017-08",
            "price": "93.24",
            "revenue": 5029354
        },
        "2017-09": {
            "month": "2017-09",
            "price": "91.02",
            "revenue": 4998638
        },
        "2017-10": {
            "month": "2017-10",
            "price": "87.21",
            "revenue": 5314084
        },
        "2017-11": {
            "month": "2017-11",
            "price": "85.31",
            "revenue": 4927626
        },
        "2017-12": {
            "month": "2017-12",
            "price": "84.58",
            "revenue": 4805890
        },
        "2018-01": {
            "month": "2018-01",
            "price": "86.59",
            "revenue": 4228855
        },
        "2018-02": {
            "month": "2018-02",
            "price": "82.09",
            "revenue": 3342705
        },
        "2018-03": {
            "month": "2018-03",
            "price": "78.33",
            "revenue": 4414818
        },
        "2018-04": {
            "month": "2018-04",
            "price": "73.12",
            "revenue": 4162981
        },
        "2018-05": {
            "month": "2018-05",
            "price": "69.19",
            "revenue": 4485116
        },
        "2018-06": {
            "month": "2018-06",
            "price": "72.97",
            "revenue": 4454183
        },
        "2018-07": {
            "month": "2018-07",
            "price": "75.13",
            "revenue": 4409819
        },
        "2018-08": {
            "month": "2018-08",
            "price": "72.04",
            "revenue": 5285494
        },
        "2018-09": {
            "month": "2018-09",
            "price": "71.73",
            "revenue": 5270724
        },
        "2018-10": {
            "month": "2018-10",
            "price": "70.73",
            "revenue": 5394928
        },
        "2018-11": {
            "month": "2018-11",
            "price": "73.67",
            "revenue": 5589506
        },
        "2018-12": {
            "month": "2018-12",
            "price": "78.57",
            "revenue": 5010547
        },
        "2019-01": {
            "month": "2019-01",
            "price": "79.03",
            "revenue": 4890329
        },
        "2019-02": {
            "month": "2019-02",
            "price": "77.06",
            "revenue": 3824325
        },
        "2019-03": {
            "month": "2019-03",
            "price": "79.78",
            "revenue": 4930386
        },
        "2019-04": {
            "month": "2019-04",
            "price": "80.96",
            "revenue": 4600539
        },
        "2019-05": {
            "month": "2019-05",
            "price": "72.29",
            "revenue": 4973954
        },
        "2019-06": {
            "month": "2019-06",
            "price": "71.14",
            "revenue": 5222294
        },
        "2019-07": {
            "month": "2019-07",
            "price": "76.28",
            "revenue": 5986766
        },
        "2019-08": {
            "month": "2019-08",
            "price": "77.19",
            "revenue": 5915831
        },
        "2019-09": {
            "month": "2019-09",
            "price": "81.95",
            "revenue": 5837279
        },
        "2019-10": {
            "month": "2019-10",
            "price": "80.47",
            "revenue": 5333370
        },
        "2019-11": {
            "month": "2019-11",
            "price": "74.78",
            "revenue": 5276145
        },
        "2019-12": {
            "month": "2019-12",
            "price": "75.19",
            "revenue": 5448364
        },
        "2020-01": {
            "month": "2020-01",
            "price": "74.42",
            "revenue": 4907168
        },
        "2020-02": {
            "month": "2020-02",
            "price": "71.01",
            "revenue": 3598412
        },
        "2020-03": {
            "month": "2020-03",
            "price": "57.92",
            "revenue": 4860185
        },
        "2020-04": {
            "month": "2020-04",
            "price": "59.28",
            "revenue": 4911555
        },
        "2020-05": {
            "month": "2020-05",
            "price": "62.90",
            "revenue": 4869905
        },
        "2020-06": {
            "month": "2020-06",
            "price": "64.38",
            "revenue": 5298150
        },
        "2020-07": {
            "month": "2020-07",
            "price": "66.26",
            "revenue": 5608431
        },
        "2020-08": {
            "month": "2020-08",
            "price": "69.73",
            "revenue": 5606398
        },
        "2020-09": {
            "month": "2020-09",
            "price": "80.14",
            "revenue": 5893640
        },
        "2020-10": {
            "month": "2020-10",
            "price": "77.47",
            "revenue": 5481154
        },
        "2020-11": {
            "month": "2020-11",
            "price": "80.87",
            "revenue": 5678572
        },
        "2020-12": {
            "month": "2020-12",
            "price": "78.53",
            "revenue": 5935161
        },
        "2021-01": {
            "month": "2021-01",
            "price": "77.61",
            "revenue": 5411717
        },
        "2021-02": {
            "month": "2021-02",
            "price": "77.12",
            "revenue": 4184499
        },
        "2021-03": {
            "month": "2021-03",
            "price": "74.61",
            "revenue": 5747371
        },
        "2021-04": {
            "month": "2021-04",
            "price": "74.54",
            "revenue": 5137151
        },
        "2021-05": {
            "month": "2021-05",
            "price": "65.90",
            "revenue": 5280326
        },
        "2021-06": {
            "month": "2021-06",
            "price": "68.55",
            "revenue": 5085059
        },
        "2021-07": {
            "month": "2021-07",
            "price": "77.13",
            "revenue": 5742880
        },
        "2021-08": {
            "month": "2021-08",
            "price": "71.29",
            "revenue": 5813002
        },
        "2021-09": {
            "month": "2021-09",
            "price": "71.56",
            "revenue": 5774368
        },
        "2021-10": {
            "month": "2021-10",
            "price": "72.50",
            "revenue": 5778890
        },
        "2021-11": {
            "month": "2021-11",
            "price": "76.56",
            "revenue": 6319270
        },
        "2021-12": {
            "month": "2021-12",
            "price": "75.37",
            "revenue": 6955066
        },
        "2022-01": {
            "month": "2022-01",
            "price": "73.49",
            "revenue": 6810634
        },
        "2022-02": {
            "month": "2022-02",
            "price": "72.74",
            "revenue": 5424704
        },
        "2022-03": {
            "month": "2022-03",
            "price": "70.26",
            "revenue": 7220525
        },
        "2022-04": {
            "month": "2022-04",
            "price": "73.49",
            "revenue": 5032130
        },
        "2022-05": {
            "month": "2022-05",
            "price": "64.98",
            "revenue": 6962722
        },
        "2022-06": {
            "month": "2022-06",
            "price": "67.48",
            "revenue": 8180769
        },
        "2022-07": {
            "month": "2022-07",
            "price": "69.69",
            "revenue": 8243938
        },
        "2022-08": {
            "month": "2022-08",
            "price": "80.82",
            "revenue": 8539157
        },
        "2022-09": {
            "month": "2022-09",
            "price": "83.78",
            "revenue": 9748056
        },
        "2022-10": {
            "month": "2022-10",
            "price": "84.38",
            "revenue": 10297990
        },
        "2022-11": {
            "month": "2022-11",
            "price": "83.78",
            "revenue": 9391683
        },
        "2022-12": {
            "month": "2022-12",
            "price": "84.90",
            "revenue": 9405143
        },
        "2023-01": {
            "month": "2023-01",
            "price": "81.10",
            "revenue": 7638241
        },
        "2023-02": {
            "month": "2023-02",
            "price": "85.49",
            "revenue": 8261707
        },
        "2023-03": {
            "month": "2023-03",
            "price": "89.56",
            "revenue": 9366525
        },
        "2023-04": {
            "month": "2023-04",
            "price": "96.21",
            "revenue": 7730256
        }
    }
}
