{
    "summary": {
        "stock_name": "元隆",
        "stock_id": "6287",
        "category": "半導體",
        "main_business": "6吋晶圓製造",
        "website_url": "http://www.ampi.com.tw",
        "ceo": "陳弘元",
        "pe_ratio": 13,
        "report_year_from": 2001,
        "report_year_to": 2023,
        "age": 22,
        "eps_negative_percentage": 74,
        "eps_growth_avg": {
            "last_all": -13.91,
            "last_2y": 100,
            "last_4y": 100,
            "last_8y": 100,
            "last_12y": 100,
            "last_16y": 0,
            "last_20y": -13.91,
            "at_2006_last_3y": 0,
            "at_2007_last_3y": -100,
            "at_2008_last_3y": -100,
            "at_2009_last_3y": -100,
            "at_2010_last_3y": -100,
            "at_2011_last_3y": -100,
            "at_2012_last_3y": null,
            "at_2013_last_3y": null,
            "at_2014_last_3y": null,
            "at_2015_last_3y": null,
            "at_2016_last_3y": null,
            "at_2017_last_3y": null,
            "at_2018_last_3y": null,
            "at_2019_last_3y": null,
            "at_2020_last_3y": null,
            "at_2021_last_3y": null,
            "at_2022_last_3y": 100,
            "at_2023_last_3y": 100,
            "at_2006_last_all": -23.19,
            "at_2007_last_all": -23.19,
            "at_2008_last_all": -42.39,
            "at_2009_last_all": -42.39,
            "at_2010_last_all": -42.39,
            "at_2011_last_all": -42.39,
            "at_2012_last_all": -42.39,
            "at_2013_last_all": -42.39,
            "at_2014_last_all": -42.39,
            "at_2015_last_all": -42.39,
            "at_2016_last_all": -42.39,
            "at_2017_last_all": -42.39,
            "at_2018_last_all": -42.39,
            "at_2019_last_all": -42.39,
            "at_2020_last_all": -42.39,
            "at_2021_last_all": -42.39,
            "at_2022_last_all": -13.91,
            "at_2023_last_all": -13.91
        },
        "latest_eps": 1.58,
        "latest_price": 21,
        "latest_roe": 49.19,
        "latest_gross_margin": 5.44,
        "latest_equity": 448633,
        "latest_revenue": 268583,
        "latest_gross_profit": 14613,
        "latest_net_income": -4135,
        "latest_debt_ratio": 77.33,
        "latest_current_ratio": 72.73,
        "latest_account_receivable_turnover_ratio": 1.03,
        "latest_inventory_turnover_ratio": 0.47,
        "latest_reinvestment_rate": null,
        "latest_research_to_sale_ratio": null
    },
    "eps_dividends": {
        "2001": {
            "cash": 0,
            "stock": 0,
            "eps": 0.46
        },
        "2002": {
            "cash": 0,
            "stock": 0,
            "eps": 0.14
        },
        "2003": {
            "cash": 0,
            "stock": 0,
            "eps": 0.48
        },
        "2004": {
            "cash": 0,
            "stock": 0,
            "eps": -0.41
        },
        "2005": {
            "cash": 0,
            "stock": 0,
            "eps": -3.61
        },
        "2006": {
            "cash": 0,
            "stock": 0,
            "eps": -2.04
        },
        "2007": {
            "cash": 0,
            "stock": 0,
            "eps": 0.07
        },
        "2008": {
            "cash": 0,
            "stock": 0,
            "eps": -0.91
        },
        "2009": {
            "cash": 0,
            "stock": 0,
            "eps": -1.41
        },
        "2010": {
            "cash": 0,
            "stock": 0,
            "eps": -1.11
        },
        "2011": {
            "cash": 0,
            "stock": 0,
            "eps": -1.85
        },
        "2012": {
            "cash": 0,
            "stock": 0,
            "eps": -2.16
        },
        "2013": {
            "cash": 0,
            "stock": 0,
            "eps": -3.25
        },
        "2014": {
            "cash": 0,
            "stock": 0,
            "eps": -2.31
        },
        "2015": {
            "cash": 0,
            "stock": 0,
            "eps": -1.75
        },
        "2016": {
            "cash": 0,
            "stock": 0,
            "eps": -1.19
        },
        "2017": {
            "cash": 0,
            "stock": 0,
            "eps": -0.29
        },
        "2018": {
            "cash": 0,
            "stock": 0,
            "eps": -0.08
        },
        "2019": {
            "cash": 0,
            "stock": 0,
            "eps": -0.76
        },
        "2020": {
            "cash": 0,
            "stock": 0,
            "eps": -0.35
        },
        "2021": {
            "cash": 0,
            "stock": 0,
            "eps": 0.24
        },
        "2022": {
            "cash": 0,
            "stock": 0,
            "eps": 1.27
        },
        "2023": {
            "cash": 0,
            "stock": 0,
            "eps": -0.04
        }
    },
    "dividends": [],
    "prices": {
        "200101": "無",
        "200102": "無",
        "200103": "無",
        "200104": "無",
        "200105": "無",
        "200106": "無",
        "200107": "無",
        "200108": "無",
        "200109": "無",
        "200110": "無",
        "200111": "無",
        "200112": "無",
        "200201": "無",
        "200202": "無",
        "200203": "無",
        "200204": "無",
        "200205": "無",
        "200206": "無",
        "200207": "無",
        "200208": "無",
        "200209": "無",
        "200210": "無",
        "200211": "無",
        "200212": "無",
        "200301": "無",
        "200302": "無",
        "200303": "無",
        "200304": "無",
        "200305": "無",
        "200306": "無",
        "200307": "無",
        "200308": "無",
        "200309": "13.96",
        "200310": "10.86",
        "200311": "11.28",
        "200312": "11.14",
        "200401": "11.74",
        "200402": "18.22",
        "200403": "17.87",
        "200404": "16.04",
        "200405": "12.54",
        "200406": "11.04",
        "200407": "9.83",
        "200408": "10.34",
        "200409": "8.84",
        "200410": "8.07",
        "200411": "6.89",
        "200412": "6.65",
        "200501": "5.62",
        "200502": "5.70",
        "200503": "5.62",
        "200504": "4.99",
        "200505": "4.22",
        "200506": "4.90",
        "200507": "5.51",
        "200508": "4.65",
        "200509": "4.02",
        "200510": "3.55",
        "200511": "3.17",
        "200512": "3.81",
        "200601": "3.85",
        "200602": "3.54",
        "200603": "3.26",
        "200604": "3.54",
        "200605": "5.13",
        "200606": "4.99",
        "200607": "4.47",
        "200608": "4.30",
        "200609": "4.49",
        "200610": "4.92",
        "200611": "5.61",
        "200612": "6.20",
        "200701": "6.04",
        "200702": "5.79",
        "200703": "5.82",
        "200704": "7.40",
        "200705": "10.23",
        "200706": "11.44",
        "200707": "15.82",
        "200708": "16.95",
        "200709": "16.37",
        "200710": "15.44",
        "200711": "12.35",
        "200712": "12.95",
        "200801": "10.87",
        "200802": "9.24",
        "200803": "11.49",
        "200804": "10.34",
        "200805": "10.04",
        "200806": "8.68",
        "200807": "7.12",
        "200808": "6.98",
        "200809": "5.26",
        "200810": "3.80",
        "200811": "4.60",
        "200812": "5.00",
        "200901": "5.91",
        "200902": "6.61",
        "200903": "7.27",
        "200904": "8.45",
        "200905": "6.83",
        "200906": "5.42",
        "200907": "5.08",
        "200908": "5.27",
        "200909": "6.18",
        "200910": "5.82",
        "200911": "5.71",
        "200912": "5.41",
        "201001": "5.82",
        "201002": "5.40",
        "201003": "5.51",
        "201004": "6.31",
        "201005": "11.95",
        "201006": "13.40",
        "201007": "14.25",
        "201008": "12.61",
        "201009": "11.32",
        "201010": "11.20",
        "201011": "10.40",
        "201012": "10.01",
        "201101": "10.02",
        "201102": "9.46",
        "201103": "8.63",
        "201104": "8.31",
        "201105": "7.63",
        "201106": "6.46",
        "201107": "5.56",
        "201108": "4.61",
        "201109": "4.21",
        "201110": "3.97",
        "201111": "3.56",
        "201112": "3.10",
        "201201": "3.19",
        "201202": "4.78",
        "201203": "6.14",
        "201204": "5.76",
        "201205": "5.06",
        "201206": "4.31",
        "201207": "4.94",
        "201208": "4.55",
        "201209": "4.34",
        "201210": "4.19",
        "201211": "4.02",
        "201212": "4.21",
        "201301": "4.22",
        "201302": "4.28",
        "201303": "4.09",
        "201304": "3.25",
        "201305": "3.02",
        "201306": "3.00",
        "201307": "2.90",
        "201308": "4.55",
        "201309": "5.51",
        "201310": "5.43",
        "201311": "4.96",
        "201312": "4.72",
        "201401": "7.35",
        "201402": "8.49",
        "201403": "10.30",
        "201404": "7.07",
        "201405": "6.24",
        "201406": "6.66",
        "201407": "7.35",
        "201408": "6.48",
        "201409": "6.18",
        "201410": "5.41",
        "201411": "4.85",
        "201412": "4.48",
        "201501": "5.26",
        "201502": "5.41",
        "201503": "5.27",
        "201504": "4.34",
        "201505": "4.18",
        "201506": "4.03",
        "201507": "3.65",
        "201508": "3.12",
        "201509": "2.83",
        "201510": "2.95",
        "201511": "3.16",
        "201512": "2.94",
        "201601": "2.97",
        "201602": "3.19",
        "201603": "3.35",
        "201604": "2.99",
        "201605": "2.52",
        "201606": "2.40",
        "201607": "3.04",
        "201608": "2.71",
        "201609": "2.48",
        "201610": "2.70",
        "201611": "2.61",
        "201612": "2.58",
        "201701": "2.45",
        "201702": "2.99",
        "201703": "2.99",
        "201704": "3.10",
        "201705": "2.97",
        "201706": "2.95",
        "201707": "3.71",
        "201708": "3.85",
        "201709": "4.20",
        "201710": "4.58",
        "201711": "4.50",
        "201712": "4.08",
        "201801": "3.60",
        "201802": "4.45",
        "201803": "4.06",
        "201804": "4.34",
        "201805": "4.22",
        "201806": "4.33",
        "201807": "4.43",
        "201808": "4.27",
        "201809": "3.61",
        "201810": "3.03",
        "201811": "2.89",
        "201812": "3.29",
        "201901": "2.94",
        "201902": "3.06",
        "201903": "2.95",
        "201904": "2.96",
        "201905": "2.76",
        "201906": "2.44",
        "201907": "2.51",
        "201908": "2.34",
        "201909": "2.23",
        "201910": "2.03",
        "201911": "1.88",
        "201912": "1.68",
        "202001": "1.86",
        "202002": "1.78",
        "202003": "1.37",
        "202004": "1.95",
        "202005": "2.07",
        "202006": "2.95",
        "202007": "3.40",
        "202008": "3.15",
        "202009": "4.02",
        "202010": "4.41",
        "202011": "3.90",
        "202012": "6.13",
        "202101": "6.44",
        "202102": "6.74",
        "202103": "7.43",
        "202104": "8.41",
        "202105": "7.22",
        "202106": "7.54",
        "202107": "13.00",
        "202108": "14.43",
        "202109": "13.37",
        "202110": "11.91",
        "202111": "12.17",
        "202112": "12.24",
        "202201": "11.78",
        "202202": "10.82",
        "202203": "8.27",
        "202204": "8.18",
        "202205": "7.73",
        "202206": "8.46",
        "202207": "7.58",
        "202208": "7.84",
        "202209": "8.12",
        "202210": "23.28",
        "202211": "25.12",
        "202212": "24.86",
        "202301": "23.46",
        "202302": "23.68",
        "202303": "23.61",
        "202304": "23.55",
        "202305": "22.41",
        "202306": "21.31"
    },
    "quarters": {
        "20011": {
            "year_quarter": 20011,
            "year": 2001,
            "quarter": 1,
            "eps": null,
            "eps_growth_year": null,
            "eps_4q": null,
            "eps_4q_growth_year": null,
            "roe": null,
            "roe_4q": 0,
            "gross_profit": null,
            "gross_margin": null,
            "gross_margin_4q_avg": 0,
            "net_income": null,
            "revenue": null,
            "common_shares": null,
            "book_valuer_per_share": null,
            "book_valuer_per_share_4q_avg": 0,
            "equity": null,
            "current_ratio": null,
            "debt_ratio": null,
            "inventory_turnover_ratio": null,
            "account_receivable_turnover_ratio": null,
            "reinvestment_rate": null,
            "research_to_sale_ratio": null,
            "price_fair": 0,
            "eps_avg_yearly": 0,
            "eps_latest_yearly": 0,
            "eps_growth_yearly": 0
        },
        "20012": {
            "year_quarter": 20012,
            "year": 2001,
            "quarter": 2,
            "eps": null,
            "eps_growth_year": null,
            "eps_4q": null,
            "eps_4q_growth_year": null,
            "roe": null,
            "roe_4q": 0,
            "gross_profit": null,
            "gross_margin": null,
            "gross_margin_4q_avg": 0,
            "net_income": null,
            "revenue": null,
            "common_shares": null,
            "book_valuer_per_share": null,
            "book_valuer_per_share_4q_avg": 0,
            "equity": null,
            "current_ratio": null,
            "debt_ratio": null,
            "inventory_turnover_ratio": null,
            "account_receivable_turnover_ratio": null,
            "reinvestment_rate": null,
            "research_to_sale_ratio": null,
            "price_fair": 0,
            "eps_avg_yearly": 0,
            "eps_latest_yearly": 0,
            "eps_growth_yearly": 0
        },
        "20013": {
            "year_quarter": 20013,
            "year": 2001,
            "quarter": 3,
            "eps": null,
            "eps_growth_year": null,
            "eps_4q": null,
            "eps_4q_growth_year": null,
            "roe": null,
            "roe_4q": 0,
            "gross_profit": null,
            "gross_margin": null,
            "gross_margin_4q_avg": 0,
            "net_income": null,
            "revenue": null,
            "common_shares": null,
            "book_valuer_per_share": null,
            "book_valuer_per_share_4q_avg": 0,
            "equity": null,
            "current_ratio": null,
            "debt_ratio": null,
            "inventory_turnover_ratio": null,
            "account_receivable_turnover_ratio": null,
            "reinvestment_rate": null,
            "research_to_sale_ratio": null,
            "price_fair": 0,
            "eps_avg_yearly": 0,
            "eps_latest_yearly": 0,
            "eps_growth_yearly": 0
        },
        "20014": {
            "year_quarter": 20014,
            "year": 2001,
            "quarter": 4,
            "eps": 0.46,
            "eps_growth_year": null,
            "eps_4q": null,
            "eps_4q_growth_year": null,
            "roe": 4,
            "roe_4q": 4,
            "gross_profit": 17366,
            "gross_margin": 8.59,
            "gross_margin_4q_avg": 2.15,
            "net_income": 58444,
            "revenue": 202150,
            "common_shares": 1349775,
            "book_valuer_per_share": 10.81,
            "book_valuer_per_share_4q_avg": 2.7,
            "equity": 1459345,
            "current_ratio": 98.63,
            "debt_ratio": 47.4,
            "inventory_turnover_ratio": 0.57,
            "account_receivable_turnover_ratio": null,
            "reinvestment_rate": null,
            "research_to_sale_ratio": null,
            "price_fair": 0,
            "eps_avg_yearly": 0,
            "eps_latest_yearly": 0,
            "eps_growth_yearly": 0
        },
        "20021": {
            "year_quarter": 20021,
            "year": 2002,
            "quarter": 1,
            "eps": null,
            "eps_growth_year": null,
            "eps_4q": null,
            "eps_4q_growth_year": null,
            "roe": null,
            "roe_4q": 4,
            "gross_profit": null,
            "gross_margin": null,
            "gross_margin_4q_avg": 2.15,
            "net_income": null,
            "revenue": null,
            "common_shares": null,
            "book_valuer_per_share": null,
            "book_valuer_per_share_4q_avg": 2.7,
            "equity": null,
            "current_ratio": null,
            "debt_ratio": null,
            "inventory_turnover_ratio": null,
            "account_receivable_turnover_ratio": null,
            "reinvestment_rate": null,
            "research_to_sale_ratio": null,
            "price_fair": 0,
            "eps_avg_yearly": 0,
            "eps_latest_yearly": 0,
            "eps_growth_yearly": 0
        },
        "20022": {
            "year_quarter": 20022,
            "year": 2002,
            "quarter": 2,
            "eps": null,
            "eps_growth_year": null,
            "eps_4q": null,
            "eps_4q_growth_year": null,
            "roe": null,
            "roe_4q": 4,
            "gross_profit": null,
            "gross_margin": null,
            "gross_margin_4q_avg": 2.15,
            "net_income": null,
            "revenue": null,
            "common_shares": null,
            "book_valuer_per_share": null,
            "book_valuer_per_share_4q_avg": 2.7,
            "equity": null,
            "current_ratio": null,
            "debt_ratio": null,
            "inventory_turnover_ratio": null,
            "account_receivable_turnover_ratio": null,
            "reinvestment_rate": null,
            "research_to_sale_ratio": null,
            "price_fair": 0,
            "eps_avg_yearly": 0,
            "eps_latest_yearly": 0,
            "eps_growth_yearly": 0
        },
        "20023": {
            "year_quarter": 20023,
            "year": 2002,
            "quarter": 3,
            "eps": -0.02,
            "eps_growth_year": null,
            "eps_4q": null,
            "eps_4q_growth_year": null,
            "roe": -0.19,
            "roe_4q": 3.81,
            "gross_profit": 34039,
            "gross_margin": 11.68,
            "gross_margin_4q_avg": 5.07,
            "net_income": -2739,
            "revenue": 291449,
            "common_shares": 1349775,
            "book_valuer_per_share": 10.83,
            "book_valuer_per_share_4q_avg": 5.41,
            "equity": 1461452,
            "current_ratio": 95.78,
            "debt_ratio": 51.42,
            "inventory_turnover_ratio": 0.68,
            "account_receivable_turnover_ratio": null,
            "reinvestment_rate": null,
            "research_to_sale_ratio": null,
            "price_fair": 0,
            "eps_avg_yearly": 0,
            "eps_latest_yearly": 0,
            "eps_growth_yearly": 0
        },
        "20024": {
            "year_quarter": 20024,
            "year": 2002,
            "quarter": 4,
            "eps": 0.16,
            "eps_growth_year": -65.22,
            "eps_4q": null,
            "eps_4q_growth_year": null,
            "roe": 1.44,
            "roe_4q": 1.25,
            "gross_profit": 54855,
            "gross_margin": 16.95,
            "gross_margin_4q_avg": 7.16,
            "net_income": 21203,
            "revenue": 323717,
            "common_shares": 1349775,
            "book_valuer_per_share": 10.98,
            "book_valuer_per_share_4q_avg": 5.45,
            "equity": 1482655,
            "current_ratio": 89.44,
            "debt_ratio": 48.93,
            "inventory_turnover_ratio": 0.72,
            "account_receivable_turnover_ratio": null,
            "reinvestment_rate": null,
            "research_to_sale_ratio": null,
            "price_fair": 0,
            "eps_avg_yearly": 0,
            "eps_latest_yearly": 0,
            "eps_growth_yearly": 0
        },
        "20031": {
            "year_quarter": 20031,
            "year": 2003,
            "quarter": 1,
            "eps": 0.01,
            "eps_growth_year": null,
            "eps_4q": null,
            "eps_4q_growth_year": null,
            "roe": 0.1,
            "roe_4q": 1.35,
            "gross_profit": 33223,
            "gross_margin": 12.46,
            "gross_margin_4q_avg": 10.27,
            "net_income": 1475,
            "revenue": 266554,
            "common_shares": 1349775,
            "book_valuer_per_share": 11,
            "book_valuer_per_share_4q_avg": 8.2,
            "equity": 1484130,
            "current_ratio": 88.36,
            "debt_ratio": 47.53,
            "inventory_turnover_ratio": 0.62,
            "account_receivable_turnover_ratio": null,
            "reinvestment_rate": null,
            "research_to_sale_ratio": null,
            "price_fair": 0.12,
            "eps_avg_yearly": 0.04,
            "eps_latest_yearly": 0.04,
            "eps_growth_yearly": -375
        },
        "20032": {
            "year_quarter": 20032,
            "year": 2003,
            "quarter": 2,
            "eps": 0.18,
            "eps_growth_year": null,
            "eps_4q": 0.33,
            "eps_4q_growth_year": null,
            "roe": 1.59,
            "roe_4q": 2.94,
            "gross_profit": 43059,
            "gross_margin": 13.35,
            "gross_margin_4q_avg": 13.61,
            "net_income": 23734,
            "revenue": 322497,
            "common_shares": 1349775,
            "book_valuer_per_share": 11.17,
            "book_valuer_per_share_4q_avg": 11,
            "equity": 1507864,
            "current_ratio": 87.62,
            "debt_ratio": 46.09,
            "inventory_turnover_ratio": 0.74,
            "account_receivable_turnover_ratio": null,
            "reinvestment_rate": null,
            "research_to_sale_ratio": null,
            "price_fair": 13.3,
            "eps_avg_yearly": 0.38,
            "eps_latest_yearly": 0.72,
            "eps_growth_yearly": 3212.5
        },
        "20033": {
            "year_quarter": 20033,
            "year": 2003,
            "quarter": 3,
            "eps": 0.12,
            "eps_growth_year": null,
            "eps_4q": 0.46,
            "eps_4q_growth_year": null,
            "roe": 1.08,
            "roe_4q": 4.21,
            "gross_profit": 37670,
            "gross_margin": 12.13,
            "gross_margin_4q_avg": 13.72,
            "net_income": 16313,
            "revenue": 310457,
            "common_shares": 1349775,
            "book_valuer_per_share": 11.29,
            "book_valuer_per_share_4q_avg": 11.11,
            "equity": 1524177,
            "current_ratio": 91.54,
            "debt_ratio": 46.6,
            "inventory_turnover_ratio": 0.73,
            "account_receivable_turnover_ratio": null,
            "reinvestment_rate": null,
            "research_to_sale_ratio": null,
            "price_fair": 14.47,
            "eps_avg_yearly": 0.41,
            "eps_latest_yearly": 0.48,
            "eps_growth_yearly": 2097.22
        },
        "20034": {
            "year_quarter": 20034,
            "year": 2003,
            "quarter": 4,
            "eps": 0.17,
            "eps_growth_year": 6.25,
            "eps_4q": 0.49,
            "eps_4q_growth_year": null,
            "roe": 1.45,
            "roe_4q": 4.22,
            "gross_profit": 49988,
            "gross_margin": 15.29,
            "gross_margin_4q_avg": 13.31,
            "net_income": 22310,
            "revenue": 326922,
            "common_shares": 1349775,
            "book_valuer_per_share": 11.46,
            "book_valuer_per_share_4q_avg": 11.23,
            "equity": 1546487,
            "current_ratio": 103.13,
            "debt_ratio": 46.15,
            "inventory_turnover_ratio": 0.78,
            "account_receivable_turnover_ratio": null,
            "reinvestment_rate": null,
            "research_to_sale_ratio": null,
            "price_fair": 16.8,
            "eps_avg_yearly": 0.48,
            "eps_latest_yearly": 0.68,
            "eps_growth_yearly": 1614.58
        },
        "20041": {
            "year_quarter": 20041,
            "year": 2004,
            "quarter": 1,
            "eps": 0.21,
            "eps_growth_year": 2000,
            "eps_4q": 0.67,
            "eps_4q_growth_year": null,
            "roe": 1.85,
            "roe_4q": 5.97,
            "gross_profit": 50134,
            "gross_margin": 15.01,
            "gross_margin_4q_avg": 13.95,
            "net_income": 28755,
            "revenue": 334015,
            "common_shares": 1349775,
            "book_valuer_per_share": 11.56,
            "book_valuer_per_share_4q_avg": 11.37,
            "equity": 1560672,
            "current_ratio": 103.09,
            "debt_ratio": 47.58,
            "inventory_turnover_ratio": 0.77,
            "account_receivable_turnover_ratio": null,
            "reinvestment_rate": null,
            "research_to_sale_ratio": null,
            "price_fair": 19.32,
            "eps_avg_yearly": 0.55,
            "eps_latest_yearly": 0.84,
            "eps_growth_yearly": 1310.49
        },
        "20042": {
            "year_quarter": 20042,
            "year": 2004,
            "quarter": 2,
            "eps": -0.04,
            "eps_growth_year": -122.22,
            "eps_4q": 0.46,
            "eps_4q_growth_year": 38.82,
            "roe": -0.34,
            "roe_4q": 4.04,
            "gross_profit": 43696,
            "gross_margin": 12.28,
            "gross_margin_4q_avg": 13.68,
            "net_income": -5316,
            "revenue": 355901,
            "common_shares": 1349775,
            "book_valuer_per_share": 11.47,
            "book_valuer_per_share_4q_avg": 11.45,
            "equity": 1547549,
            "current_ratio": 150.59,
            "debt_ratio": 54.4,
            "inventory_turnover_ratio": 0.76,
            "account_receivable_turnover_ratio": null,
            "reinvestment_rate": null,
            "research_to_sale_ratio": null,
            "price_fair": 19.32,
            "eps_avg_yearly": 0.55,
            "eps_latest_yearly": 0.84,
            "eps_growth_yearly": 1310.49
        },
        "20043": {
            "year_quarter": 20043,
            "year": 2004,
            "quarter": 3,
            "eps": 0.02,
            "eps_growth_year": -83.33,
            "eps_4q": 0.46,
            "eps_4q_growth_year": -0.83,
            "roe": 0.14,
            "roe_4q": 3.1,
            "gross_profit": 35694,
            "gross_margin": 11.22,
            "gross_margin_4q_avg": 13.45,
            "net_income": 2091,
            "revenue": 318162,
            "common_shares": 1349775,
            "book_valuer_per_share": 11.25,
            "book_valuer_per_share_4q_avg": 11.44,
            "equity": 1518807,
            "current_ratio": 147.3,
            "debt_ratio": 52.64,
            "inventory_turnover_ratio": 0.64,
            "account_receivable_turnover_ratio": null,
            "reinvestment_rate": null,
            "research_to_sale_ratio": null,
            "price_fair": 19.32,
            "eps_avg_yearly": 0.55,
            "eps_latest_yearly": 0.84,
            "eps_growth_yearly": 1310.49
        },
        "20044": {
            "year_quarter": 20044,
            "year": 2004,
            "quarter": 4,
            "eps": -0.6,
            "eps_growth_year": -452.94,
            "eps_4q": -0.41,
            "eps_4q_growth_year": -184.29,
            "roe": -5.4,
            "roe_4q": -3.7500000000000004,
            "gross_profit": 1944,
            "gross_margin": 0.58,
            "gross_margin_4q_avg": 9.77,
            "net_income": -79806,
            "revenue": 334644,
            "common_shares": 1353919,
            "book_valuer_per_share": 10.63,
            "book_valuer_per_share_4q_avg": 11.23,
            "equity": 1439000,
            "current_ratio": 151.89,
            "debt_ratio": 56.27,
            "inventory_turnover_ratio": 0.79,
            "account_receivable_turnover_ratio": null,
            "reinvestment_rate": null,
            "research_to_sale_ratio": null,
            "price_fair": 19.32,
            "eps_avg_yearly": 0.55,
            "eps_latest_yearly": 0.84,
            "eps_growth_yearly": 1310.49
        },
        "20051": {
            "year_quarter": 20051,
            "year": 2005,
            "quarter": 1,
            "eps": -1.3,
            "eps_growth_year": -719.05,
            "eps_4q": -1.94,
            "eps_4q_growth_year": -391.19,
            "roe": -12.5,
            "roe_4q": -18.099999999999998,
            "gross_profit": -40561,
            "gross_margin": -17.75,
            "gross_margin_4q_avg": 1.58,
            "net_income": -169291,
            "revenue": 228576,
            "common_shares": 1353919,
            "book_valuer_per_share": 9.38,
            "book_valuer_per_share_4q_avg": 10.68,
            "equity": 1269709,
            "current_ratio": 211.87,
            "debt_ratio": 58.87,
            "inventory_turnover_ratio": 0.69,
            "account_receivable_turnover_ratio": null,
            "reinvestment_rate": null,
            "research_to_sale_ratio": null,
            "price_fair": 19.32,
            "eps_avg_yearly": 0.55,
            "eps_latest_yearly": 0.84,
            "eps_growth_yearly": 1310.49
        },
        "20052": {
            "year_quarter": 20052,
            "year": 2005,
            "quarter": 2,
            "eps": -0.99,
            "eps_growth_year": null,
            "eps_4q": -2.78,
            "eps_4q_growth_year": -704.33,
            "roe": -10.72,
            "roe_4q": -28.479999999999997,
            "gross_profit": -73638,
            "gross_margin": -29.62,
            "gross_margin_4q_avg": -8.89,
            "net_income": -129205,
            "revenue": 248599,
            "common_shares": 1353919,
            "book_valuer_per_share": 8.42,
            "book_valuer_per_share_4q_avg": 9.92,
            "equity": 1140504,
            "current_ratio": 149.3,
            "debt_ratio": 60.88,
            "inventory_turnover_ratio": 0.86,
            "account_receivable_turnover_ratio": null,
            "reinvestment_rate": null,
            "research_to_sale_ratio": null,
            "price_fair": 19.32,
            "eps_avg_yearly": 0.55,
            "eps_latest_yearly": 0.84,
            "eps_growth_yearly": 1310.49
        },
        "20053": {
            "year_quarter": 20053,
            "year": 2005,
            "quarter": 3,
            "eps": -0.67,
            "eps_growth_year": -3450,
            "eps_4q": -3.44,
            "eps_4q_growth_year": -851.25,
            "roe": -7.94,
            "roe_4q": -36.56,
            "gross_profit": -76716,
            "gross_margin": -29.47,
            "gross_margin_4q_avg": -19.07,
            "net_income": -87117,
            "revenue": 260279,
            "common_shares": 1353919,
            "book_valuer_per_share": 7.78,
            "book_valuer_per_share_4q_avg": 9.05,
            "equity": 1053386,
            "current_ratio": 177.94,
            "debt_ratio": 62.04,
            "inventory_turnover_ratio": 1.01,
            "account_receivable_turnover_ratio": null,
            "reinvestment_rate": null,
            "research_to_sale_ratio": null,
            "price_fair": 19.32,
            "eps_avg_yearly": 0.55,
            "eps_latest_yearly": 0.84,
            "eps_growth_yearly": 1310.49
        },
        "20054": {
            "year_quarter": 20054,
            "year": 2005,
            "quarter": 4,
            "eps": -0.65,
            "eps_growth_year": null,
            "eps_4q": -3.61,
            "eps_4q_growth_year": null,
            "roe": -8.43,
            "roe_4q": -39.59,
            "gross_profit": -89875,
            "gross_margin": -31.68,
            "gross_margin_4q_avg": -27.13,
            "net_income": -85256,
            "revenue": 283656,
            "common_shares": 1353919,
            "book_valuer_per_share": 7.15,
            "book_valuer_per_share_4q_avg": 8.18,
            "equity": 968131,
            "current_ratio": 145.53,
            "debt_ratio": 64.99,
            "inventory_turnover_ratio": 1.26,
            "account_receivable_turnover_ratio": null,
            "reinvestment_rate": null,
            "research_to_sale_ratio": null,
            "price_fair": 19.32,
            "eps_avg_yearly": 0.55,
            "eps_latest_yearly": 0.84,
            "eps_growth_yearly": 1310.49
        },
        "20061": {
            "year_quarter": 20061,
            "year": 2006,
            "quarter": 1,
            "eps": -0.64,
            "eps_growth_year": null,
            "eps_4q": -2.95,
            "eps_4q_growth_year": null,
            "roe": -9.03,
            "roe_4q": -36.120000000000005,
            "gross_profit": -69216,
            "gross_margin": -35.44,
            "gross_margin_4q_avg": -31.55,
            "net_income": -83621,
            "revenue": 195325,
            "common_shares": 1353919,
            "book_valuer_per_share": 6.53,
            "book_valuer_per_share_4q_avg": 7.47,
            "equity": 884510,
            "current_ratio": 131.9,
            "debt_ratio": 65.82,
            "inventory_turnover_ratio": 0.96,
            "account_receivable_turnover_ratio": null,
            "reinvestment_rate": null,
            "research_to_sale_ratio": null,
            "price_fair": 19.32,
            "eps_avg_yearly": 0.55,
            "eps_latest_yearly": 0.84,
            "eps_growth_yearly": 1310.49
        },
        "20062": {
            "year_quarter": 20062,
            "year": 2006,
            "quarter": 2,
            "eps": -0.44,
            "eps_growth_year": null,
            "eps_4q": -2.31,
            "eps_4q_growth_year": null,
            "roe": -6.65,
            "roe_4q": -32.05,
            "gross_profit": -44847,
            "gross_margin": -14.58,
            "gross_margin_4q_avg": -27.79,
            "net_income": -56960,
            "revenue": 307558,
            "common_shares": 1353919,
            "book_valuer_per_share": 6.11,
            "book_valuer_per_share_4q_avg": 6.89,
            "equity": 827550,
            "current_ratio": 75.6,
            "debt_ratio": 67.74,
            "inventory_turnover_ratio": 1.28,
            "account_receivable_turnover_ratio": null,
            "reinvestment_rate": null,
            "research_to_sale_ratio": null,
            "price_fair": 19.32,
            "eps_avg_yearly": 0.55,
            "eps_latest_yearly": 0.84,
            "eps_growth_yearly": 1310.49
        },
        "20063": {
            "year_quarter": 20063,
            "year": 2006,
            "quarter": 3,
            "eps": -0.57,
            "eps_growth_year": null,
            "eps_4q": -2.22,
            "eps_4q_growth_year": null,
            "roe": -9.46,
            "roe_4q": -33.57,
            "gross_profit": -57878,
            "gross_margin": -20.94,
            "gross_margin_4q_avg": -25.66,
            "net_income": -74764,
            "revenue": 276406,
            "common_shares": 1353919,
            "book_valuer_per_share": 5.56,
            "book_valuer_per_share_4q_avg": 6.34,
            "equity": 752786,
            "current_ratio": 75.82,
            "debt_ratio": 71.32,
            "inventory_turnover_ratio": 1.2,
            "account_receivable_turnover_ratio": null,
            "reinvestment_rate": null,
            "research_to_sale_ratio": null,
            "price_fair": 19.32,
            "eps_avg_yearly": 0.55,
            "eps_latest_yearly": 0.84,
            "eps_growth_yearly": 1310.49
        },
        "20064": {
            "year_quarter": 20064,
            "year": 2006,
            "quarter": 4,
            "eps": -0.39,
            "eps_growth_year": null,
            "eps_4q": -2.04,
            "eps_4q_growth_year": null,
            "roe": -6.9,
            "roe_4q": -32.04,
            "gross_profit": -32807,
            "gross_margin": -10.49,
            "gross_margin_4q_avg": -20.36,
            "net_income": -50234,
            "revenue": 312877,
            "common_shares": 1353919,
            "book_valuer_per_share": 5.19,
            "book_valuer_per_share_4q_avg": 5.85,
            "equity": 702552,
            "current_ratio": 70.58,
            "debt_ratio": 72.79,
            "inventory_turnover_ratio": 1.32,
            "account_receivable_turnover_ratio": null,
            "reinvestment_rate": null,
            "research_to_sale_ratio": null,
            "price_fair": 19.32,
            "eps_avg_yearly": 0.55,
            "eps_latest_yearly": 0.84,
            "eps_growth_yearly": 1310.49
        },
        "20071": {
            "year_quarter": 20071,
            "year": 2007,
            "quarter": 1,
            "eps": -0.21,
            "eps_growth_year": null,
            "eps_4q": -1.62,
            "eps_4q_growth_year": null,
            "roe": -3.94,
            "roe_4q": -26.950000000000003,
            "gross_profit": -11906,
            "gross_margin": -4.39,
            "gross_margin_4q_avg": -12.6,
            "net_income": -27124,
            "revenue": 271445,
            "common_shares": 1353918,
            "book_valuer_per_share": 4.99,
            "book_valuer_per_share_4q_avg": 5.46,
            "equity": 675427,
            "current_ratio": 70.23,
            "debt_ratio": 74.27,
            "inventory_turnover_ratio": 1.09,
            "account_receivable_turnover_ratio": null,
            "reinvestment_rate": null,
            "research_to_sale_ratio": null,
            "price_fair": 23.8,
            "eps_avg_yearly": 0.68,
            "eps_latest_yearly": 0.84,
            "eps_growth_yearly": 1731.86
        },
        "20072": {
            "year_quarter": 20072,
            "year": 2007,
            "quarter": 2,
            "eps": 0.06,
            "eps_growth_year": null,
            "eps_4q": -1.12,
            "eps_4q_growth_year": null,
            "roe": 0.99,
            "roe_4q": -19.310000000000002,
            "gross_profit": 18978,
            "gross_margin": 5.25,
            "gross_margin_4q_avg": -7.64,
            "net_income": 7755,
            "revenue": 361642,
            "common_shares": 1632067,
            "book_valuer_per_share": 5.43,
            "book_valuer_per_share_4q_avg": 5.29,
            "equity": 886738,
            "current_ratio": 79.33,
            "debt_ratio": 67.86,
            "inventory_turnover_ratio": 1.23,
            "account_receivable_turnover_ratio": null,
            "reinvestment_rate": null,
            "research_to_sale_ratio": null,
            "price_fair": 23.33,
            "eps_avg_yearly": 0.67,
            "eps_latest_yearly": 0.84,
            "eps_growth_yearly": 42.48
        },
        "20073": {
            "year_quarter": 20073,
            "year": 2007,
            "quarter": 3,
            "eps": 0.15,
            "eps_growth_year": null,
            "eps_4q": -0.33,
            "eps_4q_growth_year": null,
            "roe": 2.04,
            "roe_4q": -7.8100000000000005,
            "gross_profit": 43895,
            "gross_margin": 10.71,
            "gross_margin_4q_avg": 0.27,
            "net_income": 21639,
            "revenue": 409974,
            "common_shares": 1656579,
            "book_valuer_per_share": 7.48,
            "book_valuer_per_share_4q_avg": 5.77,
            "equity": 1239821,
            "current_ratio": 101.41,
            "debt_ratio": 54.84,
            "inventory_turnover_ratio": 1.2,
            "account_receivable_turnover_ratio": null,
            "reinvestment_rate": null,
            "research_to_sale_ratio": null,
            "price_fair": 24.73,
            "eps_avg_yearly": 0.71,
            "eps_latest_yearly": 0.6,
            "eps_growth_yearly": 286.93
        },
        "20074": {
            "year_quarter": 20074,
            "year": 2007,
            "quarter": 4,
            "eps": 0.07,
            "eps_growth_year": null,
            "eps_4q": 0.09,
            "eps_4q_growth_year": null,
            "roe": 0.81,
            "roe_4q": -0.10000000000000009,
            "gross_profit": 32434,
            "gross_margin": 8.35,
            "gross_margin_4q_avg": 4.98,
            "net_income": 10128,
            "revenue": 388502,
            "common_shares": 2020906,
            "book_valuer_per_share": 6.19,
            "book_valuer_per_share_4q_avg": 6.02,
            "equity": 1250368,
            "current_ratio": 106.93,
            "debt_ratio": 53.82,
            "inventory_turnover_ratio": 1.11,
            "account_receivable_turnover_ratio": null,
            "reinvestment_rate": null,
            "research_to_sale_ratio": null,
            "price_fair": 20.07,
            "eps_avg_yearly": 0.57,
            "eps_latest_yearly": 0.28,
            "eps_growth_yearly": 160.26
        },
        "20081": {
            "year_quarter": 20081,
            "year": 2008,
            "quarter": 1,
            "eps": -0.07,
            "eps_growth_year": null,
            "eps_4q": 0.11,
            "eps_4q_growth_year": null,
            "roe": -1.21,
            "roe_4q": 2.63,
            "gross_profit": 12511,
            "gross_margin": 4.16,
            "gross_margin_4q_avg": 7.12,
            "net_income": -15032,
            "revenue": 300881,
            "common_shares": 2021366,
            "book_valuer_per_share": 6.11,
            "book_valuer_per_share_4q_avg": 6.3,
            "equity": 1235336,
            "current_ratio": 103.18,
            "debt_ratio": 54.1,
            "inventory_turnover_ratio": 0.88,
            "account_receivable_turnover_ratio": null,
            "reinvestment_rate": null,
            "research_to_sale_ratio": null,
            "price_fair": 15.4,
            "eps_avg_yearly": 0.44,
            "eps_latest_yearly": 0.28,
            "eps_growth_yearly": 193.33
        },
        "20082": {
            "year_quarter": 20082,
            "year": 2008,
            "quarter": 2,
            "eps": 0.1,
            "eps_growth_year": 66.67,
            "eps_4q": 0.18,
            "eps_4q_growth_year": null,
            "roe": 1.67,
            "roe_4q": 3.31,
            "gross_profit": 43772,
            "gross_margin": 11.76,
            "gross_margin_4q_avg": 8.75,
            "net_income": 20743,
            "revenue": 372328,
            "common_shares": 2021366,
            "book_valuer_per_share": 6.21,
            "book_valuer_per_share_4q_avg": 6.5,
            "equity": 1256079,
            "current_ratio": 93.87,
            "debt_ratio": 56.11,
            "inventory_turnover_ratio": 0.96,
            "account_receivable_turnover_ratio": null,
            "reinvestment_rate": null,
            "research_to_sale_ratio": null,
            "price_fair": 15.4,
            "eps_avg_yearly": 0.44,
            "eps_latest_yearly": 0.28,
            "eps_growth_yearly": 193.33
        },
        "20083": {
            "year_quarter": 20083,
            "year": 2008,
            "quarter": 3,
            "eps": -0.01,
            "eps_growth_year": -106.67,
            "eps_4q": 0.07,
            "eps_4q_growth_year": null,
            "roe": -0.08,
            "roe_4q": 1.19,
            "gross_profit": 19131,
            "gross_margin": 6.32,
            "gross_margin_4q_avg": 7.65,
            "net_income": -1057,
            "revenue": 302508,
            "common_shares": 2021366,
            "book_valuer_per_share": 6.21,
            "book_valuer_per_share_4q_avg": 6.18,
            "equity": 1255022,
            "current_ratio": 91,
            "debt_ratio": 55.65,
            "inventory_turnover_ratio": 0.81,
            "account_receivable_turnover_ratio": null,
            "reinvestment_rate": null,
            "research_to_sale_ratio": null,
            "price_fair": 15.4,
            "eps_avg_yearly": 0.44,
            "eps_latest_yearly": 0.28,
            "eps_growth_yearly": 193.33
        },
        "20084": {
            "year_quarter": 20084,
            "year": 2008,
            "quarter": 4,
            "eps": -0.93,
            "eps_growth_year": -1428.57,
            "eps_4q": -0.91,
            "eps_4q_growth_year": -1161.98,
            "roe": -15.57,
            "roe_4q": -15.190000000000001,
            "gross_profit": -121238,
            "gross_margin": 127.2,
            "gross_margin_4q_avg": 37.36,
            "net_income": -191650,
            "revenue": -95313,
            "common_shares": 2407366,
            "book_valuer_per_share": 5.01,
            "book_valuer_per_share_4q_avg": 5.89,
            "equity": 1206192,
            "current_ratio": 87.17,
            "debt_ratio": 54.83,
            "inventory_turnover_ratio": 0.08,
            "account_receivable_turnover_ratio": -1.1,
            "reinvestment_rate": null,
            "research_to_sale_ratio": null,
            "price_fair": 15.4,
            "eps_avg_yearly": 0.44,
            "eps_latest_yearly": 0.28,
            "eps_growth_yearly": 193.33
        },
        "20091": {
            "year_quarter": 20091,
            "year": 2009,
            "quarter": 1,
            "eps": -0.6,
            "eps_growth_year": null,
            "eps_4q": -1.31,
            "eps_4q_growth_year": -1250.21,
            "roe": -12.67,
            "roe_4q": -26.65,
            "gross_profit": -114382,
            "gross_margin": -147.65,
            "gross_margin_4q_avg": -0.59,
            "net_income": -143819,
            "revenue": 77469,
            "common_shares": 2407366,
            "book_valuer_per_share": 4.42,
            "book_valuer_per_share_4q_avg": 5.46,
            "equity": 1063395,
            "current_ratio": 76.19,
            "debt_ratio": 57.32,
            "inventory_turnover_ratio": 0.61,
            "account_receivable_turnover_ratio": 0.48,
            "reinvestment_rate": null,
            "research_to_sale_ratio": null,
            "price_fair": 15.4,
            "eps_avg_yearly": 0.44,
            "eps_latest_yearly": 0.28,
            "eps_growth_yearly": 193.33
        },
        "20092": {
            "year_quarter": 20092,
            "year": 2009,
            "quarter": 2,
            "eps": -0.4,
            "eps_growth_year": -500,
            "eps_4q": -1.7,
            "eps_4q_growth_year": -1039.89,
            "roe": -9.23,
            "roe_4q": -37.55,
            "gross_profit": -75172,
            "gross_margin": -34.99,
            "gross_margin_4q_avg": -12.28,
            "net_income": -98052,
            "revenue": 214823,
            "common_shares": 2559086,
            "book_valuer_per_share": 4.14,
            "book_valuer_per_share_4q_avg": 4.95,
            "equity": 1060573,
            "current_ratio": 78.09,
            "debt_ratio": 58.86,
            "inventory_turnover_ratio": 1.01,
            "account_receivable_turnover_ratio": 1.13,
            "reinvestment_rate": null,
            "research_to_sale_ratio": null,
            "price_fair": 15.4,
            "eps_avg_yearly": 0.44,
            "eps_latest_yearly": 0.28,
            "eps_growth_yearly": 193.33
        },
        "20093": {
            "year_quarter": 20093,
            "year": 2009,
            "quarter": 3,
            "eps": -0.18,
            "eps_growth_year": null,
            "eps_4q": -1.87,
            "eps_4q_growth_year": -2658.66,
            "roe": -4.39,
            "roe_4q": -41.86,
            "gross_profit": -20995,
            "gross_margin": -8.75,
            "gross_margin_4q_avg": -16.05,
            "net_income": -45545,
            "revenue": 240066,
            "common_shares": 2560316,
            "book_valuer_per_share": 3.96,
            "book_valuer_per_share_4q_avg": 4.38,
            "equity": 1015029,
            "current_ratio": 72.54,
            "debt_ratio": 58.74,
            "inventory_turnover_ratio": 1.03,
            "account_receivable_turnover_ratio": 0.95,
            "reinvestment_rate": null,
            "research_to_sale_ratio": null,
            "price_fair": 15.4,
            "eps_avg_yearly": 0.44,
            "eps_latest_yearly": 0.28,
            "eps_growth_yearly": 193.33
        },
        "20094": {
            "year_quarter": 20094,
            "year": 2009,
            "quarter": 4,
            "eps": -0.23,
            "eps_growth_year": null,
            "eps_4q": -1.35,
            "eps_4q_growth_year": null,
            "roe": -5.9,
            "roe_4q": -32.19,
            "gross_profit": -35236,
            "gross_margin": -15.77,
            "gross_margin_4q_avg": -51.79,
            "net_income": -58124,
            "revenue": 223397,
            "common_shares": 2560316,
            "book_valuer_per_share": 3.74,
            "book_valuer_per_share_4q_avg": 4.07,
            "equity": 956904,
            "current_ratio": 67.93,
            "debt_ratio": 59.77,
            "inventory_turnover_ratio": 1.11,
            "account_receivable_turnover_ratio": 2.04,
            "reinvestment_rate": null,
            "research_to_sale_ratio": null,
            "price_fair": 15.4,
            "eps_avg_yearly": 0.44,
            "eps_latest_yearly": 0.28,
            "eps_growth_yearly": 193.33
        },
        "20101": {
            "year_quarter": 20101,
            "year": 2010,
            "quarter": 1,
            "eps": -0.37,
            "eps_growth_year": null,
            "eps_4q": -1.48,
            "eps_4q_growth_year": null,
            "roe": -4.64,
            "roe_4q": -24.16,
            "gross_profit": -30476,
            "gross_margin": -14.16,
            "gross_margin_4q_avg": -18.42,
            "net_income": -50225,
            "revenue": 215195,
            "common_shares": 1706348,
            "book_valuer_per_share": 7.07,
            "book_valuer_per_share_4q_avg": 4.73,
            "equity": 1206679,
            "current_ratio": 95.6,
            "debt_ratio": 52.43,
            "inventory_turnover_ratio": 1.14,
            "account_receivable_turnover_ratio": 1,
            "reinvestment_rate": null,
            "research_to_sale_ratio": null,
            "price_fair": 15.4,
            "eps_avg_yearly": 0.44,
            "eps_latest_yearly": 0.28,
            "eps_growth_yearly": 193.33
        },
        "20102": {
            "year_quarter": 20102,
            "year": 2010,
            "quarter": 2,
            "eps": -0.21,
            "eps_growth_year": null,
            "eps_4q": -1.11,
            "eps_4q_growth_year": null,
            "roe": -3.02,
            "roe_4q": -17.95,
            "gross_profit": -13761,
            "gross_margin": -5.16,
            "gross_margin_4q_avg": -10.96,
            "net_income": -35842,
            "revenue": 266483,
            "common_shares": 1706349,
            "book_valuer_per_share": 6.86,
            "book_valuer_per_share_4q_avg": 5.41,
            "equity": 1170923,
            "current_ratio": 75.79,
            "debt_ratio": 50.65,
            "inventory_turnover_ratio": 1.35,
            "account_receivable_turnover_ratio": 1.13,
            "reinvestment_rate": null,
            "research_to_sale_ratio": null,
            "price_fair": 15.4,
            "eps_avg_yearly": 0.44,
            "eps_latest_yearly": 0.28,
            "eps_growth_yearly": 193.33
        },
        "20103": {
            "year_quarter": 20103,
            "year": 2010,
            "quarter": 3,
            "eps": -0.15,
            "eps_growth_year": null,
            "eps_4q": -1,
            "eps_4q_growth_year": null,
            "roe": -2.21,
            "roe_4q": -15.770000000000001,
            "gross_profit": -7419,
            "gross_margin": -2.73,
            "gross_margin_4q_avg": -9.46,
            "net_income": -25679,
            "revenue": 272218,
            "common_shares": 1706349,
            "book_valuer_per_share": 6.77,
            "book_valuer_per_share_4q_avg": 6.11,
            "equity": 1155124,
            "current_ratio": 107.98,
            "debt_ratio": 50.62,
            "inventory_turnover_ratio": 1.31,
            "account_receivable_turnover_ratio": 1.04,
            "reinvestment_rate": null,
            "research_to_sale_ratio": null,
            "price_fair": 15.4,
            "eps_avg_yearly": 0.44,
            "eps_latest_yearly": 0.28,
            "eps_growth_yearly": 193.33
        },
        "20104": {
            "year_quarter": 20104,
            "year": 2010,
            "quarter": 4,
            "eps": -0.38,
            "eps_growth_year": null,
            "eps_4q": -1.03,
            "eps_4q_growth_year": null,
            "roe": -5.78,
            "roe_4q": -15.649999999999999,
            "gross_profit": -72147,
            "gross_margin": -33.45,
            "gross_margin_4q_avg": -13.88,
            "net_income": -64847,
            "revenue": 215660,
            "common_shares": 1706569,
            "book_valuer_per_share": 6.39,
            "book_valuer_per_share_4q_avg": 6.77,
            "equity": 1090362,
            "current_ratio": 114.88,
            "debt_ratio": 52.9,
            "inventory_turnover_ratio": 1.27,
            "account_receivable_turnover_ratio": 0.93,
            "reinvestment_rate": null,
            "research_to_sale_ratio": null,
            "price_fair": 15.4,
            "eps_avg_yearly": 0.44,
            "eps_latest_yearly": 0.28,
            "eps_growth_yearly": 193.33
        },
        "20111": {
            "year_quarter": 20111,
            "year": 2011,
            "quarter": 1,
            "eps": -0.49,
            "eps_growth_year": null,
            "eps_4q": -1.23,
            "eps_4q_growth_year": null,
            "roe": -8,
            "roe_4q": -19.01,
            "gross_profit": -58066,
            "gross_margin": -27.95,
            "gross_margin_4q_avg": -17.32,
            "net_income": -83847,
            "revenue": 207766,
            "common_shares": 1706569,
            "book_valuer_per_share": 5.9,
            "book_valuer_per_share_4q_avg": 6.48,
            "equity": 1006515,
            "current_ratio": 102.28,
            "debt_ratio": 56.2,
            "inventory_turnover_ratio": 1.19,
            "account_receivable_turnover_ratio": 1.01,
            "reinvestment_rate": null,
            "research_to_sale_ratio": null,
            "price_fair": 15.4,
            "eps_avg_yearly": 0.44,
            "eps_latest_yearly": 0.28,
            "eps_growth_yearly": 193.33
        },
        "20112": {
            "year_quarter": 20112,
            "year": 2011,
            "quarter": 2,
            "eps": -0.27,
            "eps_growth_year": null,
            "eps_4q": -1.29,
            "eps_4q_growth_year": null,
            "roe": -4.73,
            "roe_4q": -20.720000000000002,
            "gross_profit": -42726,
            "gross_margin": -18.08,
            "gross_margin_4q_avg": -20.55,
            "net_income": -46175,
            "revenue": 236344,
            "common_shares": 1706569,
            "book_valuer_per_share": 5.55,
            "book_valuer_per_share_4q_avg": 6.15,
            "equity": 947944,
            "current_ratio": 95.96,
            "debt_ratio": 58.65,
            "inventory_turnover_ratio": 1.26,
            "account_receivable_turnover_ratio": 1.07,
            "reinvestment_rate": null,
            "research_to_sale_ratio": null,
            "price_fair": 15.4,
            "eps_avg_yearly": 0.44,
            "eps_latest_yearly": 0.28,
            "eps_growth_yearly": 193.33
        },
        "20113": {
            "year_quarter": 20113,
            "year": 2011,
            "quarter": 3,
            "eps": -0.25,
            "eps_growth_year": null,
            "eps_4q": -1.39,
            "eps_4q_growth_year": null,
            "roe": -4.58,
            "roe_4q": -23.090000000000003,
            "gross_profit": -26535,
            "gross_margin": -14.08,
            "gross_margin_4q_avg": -23.39,
            "net_income": -42464,
            "revenue": 188497,
            "common_shares": 1706569,
            "book_valuer_per_share": 5.3,
            "book_valuer_per_share_4q_avg": 5.79,
            "equity": 905182,
            "current_ratio": 99.82,
            "debt_ratio": 58.25,
            "inventory_turnover_ratio": 0.92,
            "account_receivable_turnover_ratio": 0.86,
            "reinvestment_rate": null,
            "research_to_sale_ratio": null,
            "price_fair": 0.84,
            "eps_avg_yearly": 0.28,
            "eps_latest_yearly": 0.28,
            "eps_growth_yearly": -213.33
        },
        "20114": {
            "year_quarter": 20114,
            "year": 2011,
            "quarter": 4,
            "eps": -0.84,
            "eps_growth_year": null,
            "eps_4q": -2.44,
            "eps_4q_growth_year": null,
            "roe": -10.67,
            "roe_4q": -27.98,
            "gross_profit": -61986,
            "gross_margin": -49.37,
            "gross_margin_4q_avg": -27.37,
            "net_income": -91218,
            "revenue": 125562,
            "common_shares": 1080533,
            "book_valuer_per_share": 7.44,
            "book_valuer_per_share_4q_avg": 6.05,
            "equity": 804354,
            "current_ratio": 91.95,
            "debt_ratio": 59.2,
            "inventory_turnover_ratio": 0.82,
            "account_receivable_turnover_ratio": 0.65,
            "reinvestment_rate": null,
            "research_to_sale_ratio": null,
            "price_fair": 0,
            "eps_avg_yearly": 0,
            "eps_latest_yearly": 0,
            "eps_growth_yearly": 0
        },
        "20121": {
            "year_quarter": 20121,
            "year": 2012,
            "quarter": 1,
            "eps": -0.74,
            "eps_growth_year": null,
            "eps_4q": -2.02,
            "eps_4q_growth_year": null,
            "roe": -12.27,
            "roe_4q": -32.25,
            "gross_profit": -56081,
            "gross_margin": -37.02,
            "gross_margin_4q_avg": -29.64,
            "net_income": -100540,
            "revenue": 151500,
            "common_shares": 1390209,
            "book_valuer_per_share": 6,
            "book_valuer_per_share_4q_avg": 6.07,
            "equity": 833878,
            "current_ratio": 102.93,
            "debt_ratio": 56.49,
            "inventory_turnover_ratio": 1.02,
            "account_receivable_turnover_ratio": 0.81,
            "reinvestment_rate": null,
            "research_to_sale_ratio": null,
            "price_fair": 0,
            "eps_avg_yearly": 0,
            "eps_latest_yearly": 0,
            "eps_growth_yearly": 0
        },
        "20122": {
            "year_quarter": 20122,
            "year": 2012,
            "quarter": 2,
            "eps": -0.32,
            "eps_growth_year": null,
            "eps_4q": -2,
            "eps_4q_growth_year": null,
            "roe": -5.44,
            "roe_4q": -32.96,
            "gross_profit": -39188,
            "gross_margin": -19.39,
            "gross_margin_4q_avg": -29.97,
            "net_income": -44157,
            "revenue": 202077,
            "common_shares": 1390209,
            "book_valuer_per_share": 5.68,
            "book_valuer_per_share_4q_avg": 6.11,
            "equity": 789721,
            "current_ratio": 88.44,
            "debt_ratio": 57.47,
            "inventory_turnover_ratio": 1.39,
            "account_receivable_turnover_ratio": 1,
            "reinvestment_rate": null,
            "research_to_sale_ratio": null,
            "price_fair": 0,
            "eps_avg_yearly": 0,
            "eps_latest_yearly": 0,
            "eps_growth_yearly": 0
        },
        "20123": {
            "year_quarter": 20123,
            "year": 2012,
            "quarter": 3,
            "eps": -0.41,
            "eps_growth_year": null,
            "eps_4q": -2.11,
            "eps_4q_growth_year": null,
            "roe": -7.5,
            "roe_4q": -35.88,
            "gross_profit": -31839,
            "gross_margin": -16.74,
            "gross_margin_4q_avg": -30.63,
            "net_income": -57086,
            "revenue": 190227,
            "common_shares": 1390209,
            "book_valuer_per_share": 5.27,
            "book_valuer_per_share_4q_avg": 6.1,
            "equity": 732635,
            "current_ratio": 83.19,
            "debt_ratio": 59.63,
            "inventory_turnover_ratio": 1.36,
            "account_receivable_turnover_ratio": 0.94,
            "reinvestment_rate": null,
            "research_to_sale_ratio": null,
            "price_fair": 0,
            "eps_avg_yearly": 0,
            "eps_latest_yearly": 0,
            "eps_growth_yearly": 0
        },
        "20124": {
            "year_quarter": 20124,
            "year": 2012,
            "quarter": 4,
            "eps": -0.69,
            "eps_growth_year": null,
            "eps_4q": -1.87,
            "eps_4q_growth_year": null,
            "roe": -15.85,
            "roe_4q": -41.06,
            "gross_profit": -81332,
            "gross_margin": -58.98,
            "gross_margin_4q_avg": -33.03,
            "net_income": -116959,
            "revenue": 137894,
            "common_shares": 1701321,
            "book_valuer_per_share": 4.37,
            "book_valuer_per_share_4q_avg": 5.33,
            "equity": 743469,
            "current_ratio": 63.67,
            "debt_ratio": 58.6,
            "inventory_turnover_ratio": 1.3,
            "account_receivable_turnover_ratio": 0.78,
            "reinvestment_rate": null,
            "research_to_sale_ratio": null,
            "price_fair": 0,
            "eps_avg_yearly": 0,
            "eps_latest_yearly": 0,
            "eps_growth_yearly": 0
        },
        "20131": {
            "year_quarter": 20131,
            "year": 2013,
            "quarter": 1,
            "eps": -0.53,
            "eps_growth_year": null,
            "eps_4q": -1.82,
            "eps_4q_growth_year": null,
            "roe": -13.21,
            "roe_4q": -42,
            "gross_profit": -70198,
            "gross_margin": -57.9,
            "gross_margin_4q_avg": -38.25,
            "net_income": -90798,
            "revenue": 121232,
            "common_shares": 1701321,
            "book_valuer_per_share": 3.71,
            "book_valuer_per_share_4q_avg": 4.76,
            "equity": 631334,
            "current_ratio": 56.43,
            "debt_ratio": 63.82,
            "inventory_turnover_ratio": 1.03,
            "account_receivable_turnover_ratio": 0.78,
            "reinvestment_rate": null,
            "research_to_sale_ratio": null,
            "price_fair": 0,
            "eps_avg_yearly": 0,
            "eps_latest_yearly": 0,
            "eps_growth_yearly": 0
        },
        "20132": {
            "year_quarter": 20132,
            "year": 2013,
            "quarter": 2,
            "eps": -0.81,
            "eps_growth_year": null,
            "eps_4q": -3.4,
            "eps_4q_growth_year": null,
            "roe": -12.66,
            "roe_4q": -49.22,
            "gross_profit": -50260,
            "gross_margin": -24.45,
            "gross_margin_4q_avg": -39.52,
            "net_income": -79916,
            "revenue": 205569,
            "common_shares": 1014409,
            "book_valuer_per_share": 6.22,
            "book_valuer_per_share_4q_avg": 4.89,
            "equity": 631418,
            "current_ratio": 72.91,
            "debt_ratio": 66.11,
            "inventory_turnover_ratio": 1.25,
            "account_receivable_turnover_ratio": 1.04,
            "reinvestment_rate": null,
            "research_to_sale_ratio": null,
            "price_fair": 0,
            "eps_avg_yearly": 0,
            "eps_latest_yearly": 0,
            "eps_growth_yearly": 0
        },
        "20133": {
            "year_quarter": 20133,
            "year": 2013,
            "quarter": 3,
            "eps": -0.69,
            "eps_growth_year": null,
            "eps_4q": -3.53,
            "eps_4q_growth_year": null,
            "roe": -11.75,
            "roe_4q": -53.470000000000006,
            "gross_profit": -38769,
            "gross_margin": -17.43,
            "gross_margin_4q_avg": -39.69,
            "net_income": -70075,
            "revenue": 222465,
            "common_shares": 1014409,
            "book_valuer_per_share": 5.53,
            "book_valuer_per_share_4q_avg": 4.96,
            "equity": 561343,
            "current_ratio": 70.19,
            "debt_ratio": 69.08,
            "inventory_turnover_ratio": 1.22,
            "account_receivable_turnover_ratio": 0.93,
            "reinvestment_rate": null,
            "research_to_sale_ratio": null,
            "price_fair": 0,
            "eps_avg_yearly": 0,
            "eps_latest_yearly": 0,
            "eps_growth_yearly": 0
        },
        "20134": {
            "year_quarter": 20134,
            "year": 2013,
            "quarter": 4,
            "eps": -1.22,
            "eps_growth_year": null,
            "eps_4q": -3.59,
            "eps_4q_growth_year": null,
            "roe": -24.56,
            "roe_4q": -62.18,
            "gross_profit": -66801,
            "gross_margin": -33.79,
            "gross_margin_4q_avg": -33.39,
            "net_income": -123327,
            "revenue": 197694,
            "common_shares": 1014409,
            "book_valuer_per_share": 4.37,
            "book_valuer_per_share_4q_avg": 4.96,
            "equity": 442952,
            "current_ratio": 68.37,
            "debt_ratio": 75.53,
            "inventory_turnover_ratio": 1.25,
            "account_receivable_turnover_ratio": 0.82,
            "reinvestment_rate": null,
            "research_to_sale_ratio": null,
            "price_fair": 0,
            "eps_avg_yearly": 0,
            "eps_latest_yearly": 0,
            "eps_growth_yearly": 0
        },
        "20141": {
            "year_quarter": 20141,
            "year": 2014,
            "quarter": 1,
            "eps": -1.27,
            "eps_growth_year": null,
            "eps_4q": -2.86,
            "eps_4q_growth_year": null,
            "roe": -33.8,
            "roe_4q": -82.77,
            "gross_profit": -69669,
            "gross_margin": -50.73,
            "gross_margin_4q_avg": -31.6,
            "net_income": -172058,
            "revenue": 137342,
            "common_shares": 1505689,
            "book_valuer_per_share": 3.63,
            "book_valuer_per_share_4q_avg": 4.94,
            "equity": 575044,
            "current_ratio": 85.61,
            "debt_ratio": 69.96,
            "inventory_turnover_ratio": 0.94,
            "account_receivable_turnover_ratio": 0.61,
            "reinvestment_rate": null,
            "research_to_sale_ratio": null,
            "price_fair": 0,
            "eps_avg_yearly": 0,
            "eps_latest_yearly": 0,
            "eps_growth_yearly": 0
        },
        "20142": {
            "year_quarter": 20142,
            "year": 2014,
            "quarter": 2,
            "eps": -0.41,
            "eps_growth_year": null,
            "eps_4q": -2.41,
            "eps_4q_growth_year": null,
            "roe": -12.02,
            "roe_4q": -82.13,
            "gross_profit": -73844,
            "gross_margin": -38.32,
            "gross_margin_4q_avg": -35.07,
            "net_income": -74490,
            "revenue": 192701,
            "common_shares": 1825689,
            "book_valuer_per_share": 3.64,
            "book_valuer_per_share_4q_avg": 4.29,
            "equity": 664014,
            "current_ratio": 89.53,
            "debt_ratio": 57.7,
            "inventory_turnover_ratio": 1.12,
            "account_receivable_turnover_ratio": 0.92,
            "reinvestment_rate": null,
            "research_to_sale_ratio": null,
            "price_fair": 0,
            "eps_avg_yearly": 0,
            "eps_latest_yearly": 0,
            "eps_growth_yearly": 0
        },
        "20143": {
            "year_quarter": 20143,
            "year": 2014,
            "quarter": 3,
            "eps": -0.38,
            "eps_growth_year": null,
            "eps_4q": -2.41,
            "eps_4q_growth_year": null,
            "roe": -11.07,
            "roe_4q": -81.45,
            "gross_profit": -66680,
            "gross_margin": -34.86,
            "gross_margin_4q_avg": -39.43,
            "net_income": -69624,
            "revenue": 191285,
            "common_shares": 1825689,
            "book_valuer_per_share": 3.26,
            "book_valuer_per_share_4q_avg": 3.73,
            "equity": 594391,
            "current_ratio": 79.77,
            "debt_ratio": 60.8,
            "inventory_turnover_ratio": 1.07,
            "account_receivable_turnover_ratio": 0.83,
            "reinvestment_rate": null,
            "research_to_sale_ratio": null,
            "price_fair": 0,
            "eps_avg_yearly": 0,
            "eps_latest_yearly": 0,
            "eps_growth_yearly": 0
        },
        "20144": {
            "year_quarter": 20144,
            "year": 2014,
            "quarter": 4,
            "eps": -0.25,
            "eps_growth_year": null,
            "eps_4q": -1.98,
            "eps_4q_growth_year": null,
            "roe": -8.03,
            "roe_4q": -64.92,
            "gross_profit": -28129,
            "gross_margin": -12.76,
            "gross_margin_4q_avg": -34.17,
            "net_income": -45689,
            "revenue": 220468,
            "common_shares": 1825689,
            "book_valuer_per_share": 2.97,
            "book_valuer_per_share_4q_avg": 3.38,
            "equity": 543049,
            "current_ratio": 77.08,
            "debt_ratio": 61.9,
            "inventory_turnover_ratio": 0.94,
            "account_receivable_turnover_ratio": 0.91,
            "reinvestment_rate": null,
            "research_to_sale_ratio": null,
            "price_fair": 0,
            "eps_avg_yearly": 0,
            "eps_latest_yearly": 0,
            "eps_growth_yearly": 0
        },
        "20151": {
            "year_quarter": 20151,
            "year": 2015,
            "quarter": 1,
            "eps": -0.36,
            "eps_growth_year": null,
            "eps_4q": -1.4,
            "eps_4q_growth_year": null,
            "roe": -13.01,
            "roe_4q": -44.129999999999995,
            "gross_profit": -49171,
            "gross_margin": -32.17,
            "gross_margin_4q_avg": -29.53,
            "net_income": -66332,
            "revenue": 152845,
            "common_shares": 1825689,
            "book_valuer_per_share": 2.61,
            "book_valuer_per_share_4q_avg": 3.12,
            "equity": 476717,
            "current_ratio": 106.15,
            "debt_ratio": 67.59,
            "inventory_turnover_ratio": 0.64,
            "account_receivable_turnover_ratio": 0.68,
            "reinvestment_rate": null,
            "research_to_sale_ratio": null,
            "price_fair": 0,
            "eps_avg_yearly": 0,
            "eps_latest_yearly": 0,
            "eps_growth_yearly": 0
        },
        "20152": {
            "year_quarter": 20152,
            "year": 2015,
            "quarter": 2,
            "eps": -0.45,
            "eps_growth_year": null,
            "eps_4q": -1.44,
            "eps_4q_growth_year": null,
            "roe": -18.83,
            "roe_4q": -50.94,
            "gross_profit": -46344,
            "gross_margin": -20.22,
            "gross_margin_4q_avg": -25,
            "net_income": -82046,
            "revenue": 229225,
            "common_shares": 1825689,
            "book_valuer_per_share": 2.16,
            "book_valuer_per_share_4q_avg": 2.75,
            "equity": 394671,
            "current_ratio": 96.82,
            "debt_ratio": 73.45,
            "inventory_turnover_ratio": 0.81,
            "account_receivable_turnover_ratio": 0.96,
            "reinvestment_rate": null,
            "research_to_sale_ratio": null,
            "price_fair": 0,
            "eps_avg_yearly": 0,
            "eps_latest_yearly": 0,
            "eps_growth_yearly": 0
        },
        "20153": {
            "year_quarter": 20153,
            "year": 2015,
            "quarter": 3,
            "eps": -0.38,
            "eps_growth_year": null,
            "eps_4q": -1.44,
            "eps_4q_growth_year": null,
            "roe": -19.2,
            "roe_4q": -59.07,
            "gross_profit": -46444,
            "gross_margin": -20.03,
            "gross_margin_4q_avg": -21.3,
            "net_income": -69156,
            "revenue": 231918,
            "common_shares": 1825689,
            "book_valuer_per_share": 1.78,
            "book_valuer_per_share_4q_avg": 2.38,
            "equity": 325515,
            "current_ratio": 101,
            "debt_ratio": 78.57,
            "inventory_turnover_ratio": 0.82,
            "account_receivable_turnover_ratio": 0.86,
            "reinvestment_rate": null,
            "research_to_sale_ratio": null,
            "price_fair": 0,
            "eps_avg_yearly": 0,
            "eps_latest_yearly": 0,
            "eps_growth_yearly": 0
        },
        "20154": {
            "year_quarter": 20154,
            "year": 2015,
            "quarter": 4,
            "eps": -0.56,
            "eps_growth_year": null,
            "eps_4q": -1.75,
            "eps_4q_growth_year": null,
            "roe": -37.58,
            "roe_4q": -88.62,
            "gross_profit": -51513,
            "gross_margin": -20.11,
            "gross_margin_4q_avg": -23.13,
            "net_income": -102587,
            "revenue": 256180,
            "common_shares": 1825689,
            "book_valuer_per_share": 1.21,
            "book_valuer_per_share_4q_avg": 1.94,
            "equity": 220484,
            "current_ratio": 90.63,
            "debt_ratio": 84.39,
            "inventory_turnover_ratio": 0.91,
            "account_receivable_turnover_ratio": 0.92,
            "reinvestment_rate": null,
            "research_to_sale_ratio": null,
            "price_fair": 0,
            "eps_avg_yearly": 0,
            "eps_latest_yearly": 0,
            "eps_growth_yearly": 0
        },
        "20161": {
            "year_quarter": 20161,
            "year": 2016,
            "quarter": 1,
            "eps": -0.47,
            "eps_growth_year": null,
            "eps_4q": -1.86,
            "eps_4q_growth_year": null,
            "roe": -48.92,
            "roe_4q": -124.53,
            "gross_profit": -48697,
            "gross_margin": -17.46,
            "gross_margin_4q_avg": -19.46,
            "net_income": -86660,
            "revenue": 278856,
            "common_shares": 1825689,
            "book_valuer_per_share": 0.73,
            "book_valuer_per_share_4q_avg": 1.47,
            "equity": 133824,
            "current_ratio": 82.94,
            "debt_ratio": 90.12,
            "inventory_turnover_ratio": 1.05,
            "account_receivable_turnover_ratio": 0.94,
            "reinvestment_rate": null,
            "research_to_sale_ratio": null,
            "price_fair": 0,
            "eps_avg_yearly": 0,
            "eps_latest_yearly": 0,
            "eps_growth_yearly": 0
        },
        "20162": {
            "year_quarter": 20162,
            "year": 2016,
            "quarter": 2,
            "eps": -0.38,
            "eps_growth_year": null,
            "eps_4q": -1.79,
            "eps_4q_growth_year": null,
            "roe": -69.5,
            "roe_4q": -175.2,
            "gross_profit": -24438,
            "gross_margin": -8.01,
            "gross_margin_4q_avg": -16.4,
            "net_income": -69022,
            "revenue": 305050,
            "common_shares": 1825689,
            "book_valuer_per_share": 0.35,
            "book_valuer_per_share_4q_avg": 1.02,
            "equity": 64802,
            "current_ratio": 92,
            "debt_ratio": 95.43,
            "inventory_turnover_ratio": 1.13,
            "account_receivable_turnover_ratio": 0.89,
            "reinvestment_rate": null,
            "research_to_sale_ratio": null,
            "price_fair": 0,
            "eps_avg_yearly": 0,
            "eps_latest_yearly": 0,
            "eps_growth_yearly": 0
        },
        "20163": {
            "year_quarter": 20163,
            "year": 2016,
            "quarter": 3,
            "eps": -0.19,
            "eps_growth_year": null,
            "eps_4q": -1.52,
            "eps_4q_growth_year": null,
            "roe": -51.88,
            "roe_4q": -207.88,
            "gross_profit": -10905,
            "gross_margin": -3.63,
            "gross_margin_4q_avg": -12.3,
            "net_income": -33906,
            "revenue": 300724,
            "common_shares": 1825689,
            "book_valuer_per_share": 0.34,
            "book_valuer_per_share_4q_avg": 0.66,
            "equity": 65896,
            "current_ratio": 90.48,
            "debt_ratio": 95.18,
            "inventory_turnover_ratio": 1.07,
            "account_receivable_turnover_ratio": 0.8,
            "reinvestment_rate": null,
            "research_to_sale_ratio": null,
            "price_fair": 0,
            "eps_avg_yearly": 0,
            "eps_latest_yearly": 0,
            "eps_growth_yearly": 0
        },
        "20164": {
            "year_quarter": 20164,
            "year": 2016,
            "quarter": 4,
            "eps": -0.15,
            "eps_growth_year": null,
            "eps_4q": -0.74,
            "eps_4q_growth_year": null,
            "roe": -22.19,
            "roe_4q": -192.49,
            "gross_profit": -4674,
            "gross_margin": -1.67,
            "gross_margin_4q_avg": -7.69,
            "net_income": -46460,
            "revenue": 280708,
            "common_shares": 3016834,
            "book_valuer_per_share": 1.11,
            "book_valuer_per_share_4q_avg": 0.63,
            "equity": 352808,
            "current_ratio": 119.6,
            "debt_ratio": 76.44,
            "inventory_turnover_ratio": 0.97,
            "account_receivable_turnover_ratio": 0.7,
            "reinvestment_rate": null,
            "research_to_sale_ratio": null,
            "price_fair": 0,
            "eps_avg_yearly": 0,
            "eps_latest_yearly": 0,
            "eps_growth_yearly": 0
        },
        "20171": {
            "year_quarter": 20171,
            "year": 2017,
            "quarter": 1,
            "eps": -0.13,
            "eps_growth_year": null,
            "eps_4q": -0.6,
            "eps_4q_growth_year": null,
            "roe": -12.52,
            "roe_4q": -156.09,
            "gross_profit": -5757,
            "gross_margin": -2.22,
            "gross_margin_4q_avg": -3.88,
            "net_income": -41572,
            "revenue": 259666,
            "common_shares": 3181456,
            "book_valuer_per_share": 0.98,
            "book_valuer_per_share_4q_avg": 0.7,
            "equity": 311236,
            "current_ratio": 84.12,
            "debt_ratio": 77.78,
            "inventory_turnover_ratio": 0.83,
            "account_receivable_turnover_ratio": 0.69,
            "reinvestment_rate": null,
            "research_to_sale_ratio": null,
            "price_fair": 0,
            "eps_avg_yearly": 0,
            "eps_latest_yearly": 0,
            "eps_growth_yearly": 0
        },
        "20172": {
            "year_quarter": 20172,
            "year": 2017,
            "quarter": 2,
            "eps": -0.03,
            "eps_growth_year": null,
            "eps_4q": -0.41,
            "eps_4q_growth_year": null,
            "roe": -2.96,
            "roe_4q": -89.55000000000001,
            "gross_profit": -1960,
            "gross_margin": -0.6,
            "gross_margin_4q_avg": -2.03,
            "net_income": -9077,
            "revenue": 325275,
            "common_shares": 3181456,
            "book_valuer_per_share": 0.95,
            "book_valuer_per_share_4q_avg": 0.85,
            "equity": 302159,
            "current_ratio": 82.58,
            "debt_ratio": 78.09,
            "inventory_turnover_ratio": 0.93,
            "account_receivable_turnover_ratio": 0.94,
            "reinvestment_rate": null,
            "research_to_sale_ratio": null,
            "price_fair": 0,
            "eps_avg_yearly": 0,
            "eps_latest_yearly": 0,
            "eps_growth_yearly": 0
        },
        "20173": {
            "year_quarter": 20173,
            "year": 2017,
            "quarter": 3,
            "eps": -0.08,
            "eps_growth_year": null,
            "eps_4q": -0.39,
            "eps_4q_growth_year": null,
            "roe": -8.81,
            "roe_4q": -46.480000000000004,
            "gross_profit": 7347,
            "gross_margin": 2.02,
            "gross_margin_4q_avg": -0.62,
            "net_income": -25507,
            "revenue": 364318,
            "common_shares": 3181456,
            "book_valuer_per_share": 0.87,
            "book_valuer_per_share_4q_avg": 0.98,
            "equity": 276652,
            "current_ratio": 83.96,
            "debt_ratio": 80.63,
            "inventory_turnover_ratio": 0.98,
            "account_receivable_turnover_ratio": 0.99,
            "reinvestment_rate": null,
            "research_to_sale_ratio": null,
            "price_fair": 0,
            "eps_avg_yearly": 0,
            "eps_latest_yearly": 0,
            "eps_growth_yearly": 0
        },
        "20174": {
            "year_quarter": 20174,
            "year": 2017,
            "quarter": 4,
            "eps": -0.05,
            "eps_growth_year": null,
            "eps_4q": -0.29,
            "eps_4q_growth_year": null,
            "roe": -6.08,
            "roe_4q": -30.37,
            "gross_profit": 2346,
            "gross_margin": 0.68,
            "gross_margin_4q_avg": -0.03,
            "net_income": -16567,
            "revenue": 344864,
            "common_shares": 3181456,
            "book_valuer_per_share": 0.84,
            "book_valuer_per_share_4q_avg": 0.91,
            "equity": 268684,
            "current_ratio": 102.94,
            "debt_ratio": 84.31,
            "inventory_turnover_ratio": 0.9,
            "account_receivable_turnover_ratio": 0.92,
            "reinvestment_rate": null,
            "research_to_sale_ratio": null,
            "price_fair": 0,
            "eps_avg_yearly": 0,
            "eps_latest_yearly": 0,
            "eps_growth_yearly": 0
        },
        "20181": {
            "year_quarter": 20181,
            "year": 2018,
            "quarter": 1,
            "eps": -0.04,
            "eps_growth_year": null,
            "eps_4q": -0.2,
            "eps_4q_growth_year": null,
            "roe": -4.74,
            "roe_4q": -22.590000000000003,
            "gross_profit": -8834,
            "gross_margin": -2.5,
            "gross_margin_4q_avg": -0.1,
            "net_income": -12437,
            "revenue": 353071,
            "common_shares": 3181456,
            "book_valuer_per_share": 0.81,
            "book_valuer_per_share_4q_avg": 0.87,
            "equity": 256247,
            "current_ratio": 106.76,
            "debt_ratio": 81.61,
            "inventory_turnover_ratio": 0.94,
            "account_receivable_turnover_ratio": 0.95,
            "reinvestment_rate": null,
            "research_to_sale_ratio": null,
            "price_fair": 0,
            "eps_avg_yearly": 0,
            "eps_latest_yearly": 0,
            "eps_growth_yearly": 0
        },
        "20182": {
            "year_quarter": 20182,
            "year": 2018,
            "quarter": 2,
            "eps": -0.02,
            "eps_growth_year": null,
            "eps_4q": -0.19,
            "eps_4q_growth_year": null,
            "roe": -2.77,
            "roe_4q": -22.4,
            "gross_profit": 18712,
            "gross_margin": 4.97,
            "gross_margin_4q_avg": 1.29,
            "net_income": -7001,
            "revenue": 376139,
            "common_shares": 3181456,
            "book_valuer_per_share": 0.78,
            "book_valuer_per_share_4q_avg": 0.83,
            "equity": 249246,
            "current_ratio": 106.41,
            "debt_ratio": 82.99,
            "inventory_turnover_ratio": 0.95,
            "account_receivable_turnover_ratio": 0.98,
            "reinvestment_rate": null,
            "research_to_sale_ratio": null,
            "price_fair": 0,
            "eps_avg_yearly": 0,
            "eps_latest_yearly": 0,
            "eps_growth_yearly": 0
        },
        "20183": {
            "year_quarter": 20183,
            "year": 2018,
            "quarter": 3,
            "eps": -0.01,
            "eps_growth_year": null,
            "eps_4q": -0.12,
            "eps_4q_growth_year": null,
            "roe": -0.72,
            "roe_4q": -14.31,
            "gross_profit": 18102,
            "gross_margin": 4.7,
            "gross_margin_4q_avg": 1.96,
            "net_income": -1797,
            "revenue": 384852,
            "common_shares": 3181456,
            "book_valuer_per_share": 0.78,
            "book_valuer_per_share_4q_avg": 0.8,
            "equity": 247449,
            "current_ratio": 109.54,
            "debt_ratio": 84.32,
            "inventory_turnover_ratio": 0.91,
            "account_receivable_turnover_ratio": 0.95,
            "reinvestment_rate": null,
            "research_to_sale_ratio": null,
            "price_fair": 0,
            "eps_avg_yearly": 0,
            "eps_latest_yearly": 0,
            "eps_growth_yearly": 0
        },
        "20184": {
            "year_quarter": 20184,
            "year": 2018,
            "quarter": 4,
            "eps": -0.01,
            "eps_growth_year": null,
            "eps_4q": -0.08,
            "eps_4q_growth_year": null,
            "roe": -1.24,
            "roe_4q": -9.47,
            "gross_profit": 15500,
            "gross_margin": 4.38,
            "gross_margin_4q_avg": 2.89,
            "net_income": -2973,
            "revenue": 354229,
            "common_shares": 3181456,
            "book_valuer_per_share": 0.72,
            "book_valuer_per_share_4q_avg": 0.77,
            "equity": 230328,
            "current_ratio": 109.7,
            "debt_ratio": 85.28,
            "inventory_turnover_ratio": 0.77,
            "account_receivable_turnover_ratio": 0.85,
            "reinvestment_rate": null,
            "research_to_sale_ratio": null,
            "price_fair": 0,
            "eps_avg_yearly": 0,
            "eps_latest_yearly": 0,
            "eps_growth_yearly": 0
        },
        "20191": {
            "year_quarter": 20191,
            "year": 2019,
            "quarter": 1,
            "eps": -0.17,
            "eps_growth_year": null,
            "eps_4q": -0.21,
            "eps_4q_growth_year": null,
            "roe": -26.93,
            "roe_4q": -31.659999999999997,
            "gross_profit": -27066,
            "gross_margin": -9.81,
            "gross_margin_4q_avg": 1.06,
            "net_income": -54672,
            "revenue": 275841,
            "common_shares": 3181456,
            "book_valuer_per_share": 0.55,
            "book_valuer_per_share_4q_avg": 0.71,
            "equity": 175656,
            "current_ratio": 105.03,
            "debt_ratio": 88.61,
            "inventory_turnover_ratio": 0.71,
            "account_receivable_turnover_ratio": 0.65,
            "reinvestment_rate": null,
            "research_to_sale_ratio": null,
            "price_fair": 0,
            "eps_avg_yearly": 0,
            "eps_latest_yearly": 0,
            "eps_growth_yearly": 0
        },
        "20192": {
            "year_quarter": 20192,
            "year": 2019,
            "quarter": 2,
            "eps": -0.17,
            "eps_growth_year": null,
            "eps_4q": -0.29,
            "eps_4q_growth_year": null,
            "roe": -23.08,
            "roe_4q": -51.97,
            "gross_profit": -43382,
            "gross_margin": -15.2,
            "gross_margin_4q_avg": -3.98,
            "net_income": -67906,
            "revenue": 285392,
            "common_shares": 4381456,
            "book_valuer_per_share": 0.94,
            "book_valuer_per_share_4q_avg": 0.75,
            "equity": 412719,
            "current_ratio": 136.09,
            "debt_ratio": 73.22,
            "inventory_turnover_ratio": 0.82,
            "account_receivable_turnover_ratio": 0.69,
            "reinvestment_rate": null,
            "research_to_sale_ratio": null,
            "price_fair": 0,
            "eps_avg_yearly": 0,
            "eps_latest_yearly": 0,
            "eps_growth_yearly": 0
        },
        "20193": {
            "year_quarter": 20193,
            "year": 2019,
            "quarter": 3,
            "eps": -0.18,
            "eps_growth_year": null,
            "eps_4q": -0.46,
            "eps_4q_growth_year": null,
            "roe": -20.71,
            "roe_4q": -71.96,
            "gross_profit": -44948,
            "gross_margin": -16.8,
            "gross_margin_4q_avg": -9.36,
            "net_income": -77457,
            "revenue": 267485,
            "common_shares": 4381456,
            "book_valuer_per_share": 0.77,
            "book_valuer_per_share_4q_avg": 0.75,
            "equity": 335262,
            "current_ratio": 121.5,
            "debt_ratio": 77.25,
            "inventory_turnover_ratio": 0.79,
            "account_receivable_turnover_ratio": 0.65,
            "reinvestment_rate": null,
            "research_to_sale_ratio": null,
            "price_fair": 0,
            "eps_avg_yearly": 0,
            "eps_latest_yearly": 0,
            "eps_growth_yearly": 0
        },
        "20194": {
            "year_quarter": 20194,
            "year": 2019,
            "quarter": 4,
            "eps": -0.24,
            "eps_growth_year": null,
            "eps_4q": -0.7,
            "eps_4q_growth_year": null,
            "roe": -37.57,
            "roe_4q": -108.28999999999999,
            "gross_profit": -69628,
            "gross_margin": -28.81,
            "gross_margin_4q_avg": -17.66,
            "net_income": -106376,
            "revenue": 241698,
            "common_shares": 4381456,
            "book_valuer_per_share": 0.53,
            "book_valuer_per_share_4q_avg": 0.7,
            "equity": 230959,
            "current_ratio": 82.09,
            "debt_ratio": 83.48,
            "inventory_turnover_ratio": 0.8,
            "account_receivable_turnover_ratio": 0.66,
            "reinvestment_rate": null,
            "research_to_sale_ratio": null,
            "price_fair": 0,
            "eps_avg_yearly": 0,
            "eps_latest_yearly": 0,
            "eps_growth_yearly": 0
        },
        "20201": {
            "year_quarter": 20201,
            "year": 2020,
            "quarter": 1,
            "eps": -0.13,
            "eps_growth_year": null,
            "eps_4q": -0.7,
            "eps_4q_growth_year": null,
            "roe": -27.88,
            "roe_4q": -109.24,
            "gross_profit": -28553,
            "gross_margin": -11.14,
            "gross_margin_4q_avg": -17.99,
            "net_income": -56511,
            "revenue": 256312,
            "common_shares": 4381456,
            "book_valuer_per_share": 0.4,
            "book_valuer_per_share_4q_avg": 0.66,
            "equity": 174448,
            "current_ratio": 77.9,
            "debt_ratio": 87.26,
            "inventory_turnover_ratio": 0.7,
            "account_receivable_turnover_ratio": 0.79,
            "reinvestment_rate": null,
            "research_to_sale_ratio": null,
            "price_fair": 0,
            "eps_avg_yearly": 0,
            "eps_latest_yearly": 0,
            "eps_growth_yearly": 0
        },
        "20202": {
            "year_quarter": 20202,
            "year": 2020,
            "quarter": 2,
            "eps": -0.13,
            "eps_growth_year": null,
            "eps_4q": -0.67,
            "eps_4q_growth_year": null,
            "roe": -37.75,
            "roe_4q": -123.91,
            "gross_profit": -13138,
            "gross_margin": -4.24,
            "gross_margin_4q_avg": -15.25,
            "net_income": -55400,
            "revenue": 309564,
            "common_shares": 4381456,
            "book_valuer_per_share": 0.27,
            "book_valuer_per_share_4q_avg": 0.49,
            "equity": 119048,
            "current_ratio": 73.77,
            "debt_ratio": 91.88,
            "inventory_turnover_ratio": 0.76,
            "account_receivable_turnover_ratio": 0.87,
            "reinvestment_rate": null,
            "research_to_sale_ratio": null,
            "price_fair": 0,
            "eps_avg_yearly": 0,
            "eps_latest_yearly": 0,
            "eps_growth_yearly": 0
        },
        "20203": {
            "year_quarter": 20203,
            "year": 2020,
            "quarter": 3,
            "eps": -0.04,
            "eps_growth_year": null,
            "eps_4q": -0.53,
            "eps_4q_growth_year": null,
            "roe": -13.83,
            "roe_4q": -117.03,
            "gross_profit": -21446,
            "gross_margin": -6.37,
            "gross_margin_4q_avg": -12.64,
            "net_income": -15395,
            "revenue": 336442,
            "common_shares": 4381456,
            "book_valuer_per_share": 0.24,
            "book_valuer_per_share_4q_avg": 0.36,
            "equity": 103653,
            "current_ratio": 73.51,
            "debt_ratio": 92.87,
            "inventory_turnover_ratio": 0.86,
            "account_receivable_turnover_ratio": 0.91,
            "reinvestment_rate": null,
            "research_to_sale_ratio": null,
            "price_fair": 0,
            "eps_avg_yearly": 0,
            "eps_latest_yearly": 0,
            "eps_growth_yearly": 0
        },
        "20204": {
            "year_quarter": 20204,
            "year": 2020,
            "quarter": 4,
            "eps": -0.05,
            "eps_growth_year": null,
            "eps_4q": -0.34,
            "eps_4q_growth_year": null,
            "roe": -23.1,
            "roe_4q": -102.56,
            "gross_profit": -15073,
            "gross_margin": -4.42,
            "gross_margin_4q_avg": -6.54,
            "net_income": -21732,
            "revenue": 340945,
            "common_shares": 4381456,
            "book_valuer_per_share": 0.19,
            "book_valuer_per_share_4q_avg": 0.28,
            "equity": 84507,
            "current_ratio": 71.56,
            "debt_ratio": 93.99,
            "inventory_turnover_ratio": 0.92,
            "account_receivable_turnover_ratio": 0.96,
            "reinvestment_rate": null,
            "research_to_sale_ratio": null,
            "price_fair": 0,
            "eps_avg_yearly": 0,
            "eps_latest_yearly": 0,
            "eps_growth_yearly": 0
        },
        "20211": {
            "year_quarter": 20211,
            "year": 2021,
            "quarter": 1,
            "eps": -0.05,
            "eps_growth_year": null,
            "eps_4q": -0.27,
            "eps_4q_growth_year": null,
            "roe": -33.22,
            "roe_4q": -107.9,
            "gross_profit": 909,
            "gross_margin": 0.29,
            "gross_margin_4q_avg": -3.69,
            "net_income": -24074,
            "revenue": 315359,
            "common_shares": 4381456,
            "book_valuer_per_share": 0.14,
            "book_valuer_per_share_4q_avg": 0.21,
            "equity": 60433,
            "current_ratio": 67.37,
            "debt_ratio": 95.54,
            "inventory_turnover_ratio": 0.85,
            "account_receivable_turnover_ratio": 0.96,
            "reinvestment_rate": null,
            "research_to_sale_ratio": null,
            "price_fair": 0,
            "eps_avg_yearly": 0,
            "eps_latest_yearly": 0,
            "eps_growth_yearly": 0
        },
        "20212": {
            "year_quarter": 20212,
            "year": 2021,
            "quarter": 2,
            "eps": 0.04,
            "eps_growth_year": null,
            "eps_4q": -0.1,
            "eps_4q_growth_year": null,
            "roe": 25.67,
            "roe_4q": -44.48,
            "gross_profit": 34808,
            "gross_margin": 9.12,
            "gross_margin_4q_avg": -0.35,
            "net_income": 17801,
            "revenue": 381506,
            "common_shares": 4381456,
            "book_valuer_per_share": 0.18,
            "book_valuer_per_share_4q_avg": 0.19,
            "equity": 78234,
            "current_ratio": 69,
            "debt_ratio": 94.58,
            "inventory_turnover_ratio": 0.97,
            "account_receivable_turnover_ratio": 1.19,
            "reinvestment_rate": null,
            "research_to_sale_ratio": null,
            "price_fair": 0,
            "eps_avg_yearly": 0,
            "eps_latest_yearly": 0,
            "eps_growth_yearly": 0
        },
        "20213": {
            "year_quarter": 20213,
            "year": 2021,
            "quarter": 3,
            "eps": 0.16,
            "eps_growth_year": null,
            "eps_4q": 0.1,
            "eps_4q_growth_year": null,
            "roe": 63.31,
            "roe_4q": 32.660000000000004,
            "gross_profit": 89489,
            "gross_margin": 19.55,
            "gross_margin_4q_avg": 6.14,
            "net_income": 72468,
            "revenue": 457640,
            "common_shares": 4381456,
            "book_valuer_per_share": 0.34,
            "book_valuer_per_share_4q_avg": 0.21,
            "equity": 150702,
            "current_ratio": 70.27,
            "debt_ratio": 90.5,
            "inventory_turnover_ratio": 1.06,
            "account_receivable_turnover_ratio": 1.27,
            "reinvestment_rate": null,
            "research_to_sale_ratio": null,
            "price_fair": 22.4,
            "eps_avg_yearly": 0.64,
            "eps_latest_yearly": 0.64,
            "eps_growth_yearly": 1200
        },
        "20214": {
            "year_quarter": 20214,
            "year": 2021,
            "quarter": 4,
            "eps": 0.09,
            "eps_growth_year": null,
            "eps_4q": 0.24,
            "eps_4q_growth_year": null,
            "roe": 22.21,
            "roe_4q": 77.97000000000001,
            "gross_profit": 51387,
            "gross_margin": 11.46,
            "gross_margin_4q_avg": 10.11,
            "net_income": 37572,
            "revenue": 448293,
            "common_shares": 4381456,
            "book_valuer_per_share": 0.43,
            "book_valuer_per_share_4q_avg": 0.27,
            "equity": 187673,
            "current_ratio": 70.31,
            "debt_ratio": 89.3,
            "inventory_turnover_ratio": 1.1,
            "account_receivable_turnover_ratio": 1.19,
            "reinvestment_rate": null,
            "research_to_sale_ratio": null,
            "price_fair": 17.5,
            "eps_avg_yearly": 0.5,
            "eps_latest_yearly": 0.36,
            "eps_growth_yearly": 512.5
        },
        "20221": {
            "year_quarter": 20221,
            "year": 2022,
            "quarter": 1,
            "eps": 0.15,
            "eps_growth_year": null,
            "eps_4q": 0.44,
            "eps_4q_growth_year": null,
            "roe": 30.28,
            "roe_4q": 141.47000000000003,
            "gross_profit": 66056,
            "gross_margin": 14.55,
            "gross_margin_4q_avg": 13.67,
            "net_income": 66966,
            "revenue": 454101,
            "common_shares": 4381456,
            "book_valuer_per_share": 0.58,
            "book_valuer_per_share_4q_avg": 0.38,
            "equity": 254639,
            "current_ratio": 79.06,
            "debt_ratio": 86.64,
            "inventory_turnover_ratio": 0.95,
            "account_receivable_turnover_ratio": 1.2,
            "reinvestment_rate": null,
            "research_to_sale_ratio": null,
            "price_fair": 18.67,
            "eps_avg_yearly": 0.53,
            "eps_latest_yearly": 0.6,
            "eps_growth_yearly": 430.56
        },
        "20222": {
            "year_quarter": 20222,
            "year": 2022,
            "quarter": 2,
            "eps": 0.16,
            "eps_growth_year": 300,
            "eps_4q": 0.57,
            "eps_4q_growth_year": null,
            "roe": 24.63,
            "roe_4q": 140.43,
            "gross_profit": 90482,
            "gross_margin": 18.64,
            "gross_margin_4q_avg": 16.05,
            "net_income": 71658,
            "revenue": 485308,
            "common_shares": 4381456,
            "book_valuer_per_share": 0.75,
            "book_valuer_per_share_4q_avg": 0.53,
            "equity": 327227,
            "current_ratio": 74.34,
            "debt_ratio": 83.76,
            "inventory_turnover_ratio": 0.88,
            "account_receivable_turnover_ratio": 1.17,
            "reinvestment_rate": null,
            "research_to_sale_ratio": null,
            "price_fair": 19.6,
            "eps_avg_yearly": 0.56,
            "eps_latest_yearly": 0.64,
            "eps_growth_yearly": 329.58
        },
        "20223": {
            "year_quarter": 20223,
            "year": 2022,
            "quarter": 3,
            "eps": 0.74,
            "eps_growth_year": 362.5,
            "eps_4q": 2.35,
            "eps_4q_growth_year": 2215.26,
            "roe": 21.93,
            "roe_4q": 99.05000000000001,
            "gross_profit": 91926,
            "gross_margin": 19.31,
            "gross_margin_4q_avg": 15.99,
            "net_income": 81163,
            "revenue": 476135,
            "common_shares": 1095364,
            "book_valuer_per_share": 3.77,
            "book_valuer_per_share_4q_avg": 1.38,
            "equity": 413110,
            "current_ratio": 75.27,
            "debt_ratio": 80.05,
            "inventory_turnover_ratio": 0.86,
            "account_receivable_turnover_ratio": 1.09,
            "reinvestment_rate": null,
            "research_to_sale_ratio": null,
            "price_fair": 36.4,
            "eps_avg_yearly": 1.04,
            "eps_latest_yearly": 2.96,
            "eps_growth_yearly": 553.67
        },
        "20224": {
            "year_quarter": 20224,
            "year": 2022,
            "quarter": 4,
            "eps": 0.22,
            "eps_growth_year": 158.68,
            "eps_4q": 2.23,
            "eps_4q_growth_year": 840.9,
            "roe": 5.65,
            "roe_4q": 82.49,
            "gross_profit": 56780,
            "gross_margin": 15.26,
            "gross_margin_4q_avg": 16.94,
            "net_income": 24298,
            "revenue": 372200,
            "common_shares": 1095364,
            "book_valuer_per_share": 4.08,
            "book_valuer_per_share_4q_avg": 2.3,
            "equity": 446589,
            "current_ratio": 74.25,
            "debt_ratio": 78.25,
            "inventory_turnover_ratio": 0.66,
            "account_receivable_turnover_ratio": 0.98,
            "reinvestment_rate": null,
            "research_to_sale_ratio": null,
            "price_fair": 35.47,
            "eps_avg_yearly": 1.01,
            "eps_latest_yearly": 0.88,
            "eps_growth_yearly": 414.54
        },
        "20231": {
            "year_quarter": 20231,
            "year": 2023,
            "quarter": 1,
            "eps": -0.04,
            "eps_growth_year": -126.67,
            "eps_4q": 1.58,
            "eps_4q_growth_year": 255.19,
            "roe": -0.92,
            "roe_4q": 51.29,
            "gross_profit": 14613,
            "gross_margin": 5.44,
            "gross_margin_4q_avg": 14.66,
            "net_income": -4135,
            "revenue": 268583,
            "common_shares": 1095364,
            "book_valuer_per_share": 4.1,
            "book_valuer_per_share_4q_avg": 3.18,
            "equity": 448633,
            "current_ratio": 72.73,
            "debt_ratio": 77.33,
            "inventory_turnover_ratio": 0.47,
            "account_receivable_turnover_ratio": 1.03,
            "reinvestment_rate": null,
            "research_to_sale_ratio": null,
            "price_fair": 35.47,
            "eps_avg_yearly": 1.01,
            "eps_latest_yearly": 0.88,
            "eps_growth_yearly": 414.54
        }
    },
    "months": {
        "2003-09": {
            "month": "2003-09",
            "price": "13.96",
            "revenue": 111068
        },
        "2003-10": {
            "month": "2003-10",
            "price": "10.86",
            "revenue": 112162
        },
        "2003-11": {
            "month": "2003-11",
            "price": "11.28",
            "revenue": 100810
        },
        "2003-12": {
            "month": "2003-12",
            "price": "11.14",
            "revenue": 113933
        },
        "2004-01": {
            "month": "2004-01",
            "price": "11.74",
            "revenue": 113712
        },
        "2004-02": {
            "month": "2004-02",
            "price": "18.22",
            "revenue": 100417
        },
        "2004-03": {
            "month": "2004-03",
            "price": "17.87",
            "revenue": 120106
        },
        "2004-04": {
            "month": "2004-04",
            "price": "16.04",
            "revenue": 114076
        },
        "2004-05": {
            "month": "2004-05",
            "price": "12.54",
            "revenue": 112981
        },
        "2004-06": {
            "month": "2004-06",
            "price": "11.04",
            "revenue": 128816
        },
        "2004-07": {
            "month": "2004-07",
            "price": "9.83",
            "revenue": 114309
        },
        "2004-08": {
            "month": "2004-08",
            "price": "10.34",
            "revenue": 97649
        },
        "2004-09": {
            "month": "2004-09",
            "price": "8.84",
            "revenue": 106172
        },
        "2004-10": {
            "month": "2004-10",
            "price": "8.07",
            "revenue": 106685
        },
        "2004-11": {
            "month": "2004-11",
            "price": "6.89",
            "revenue": 128923
        },
        "2004-12": {
            "month": "2004-12",
            "price": "6.65",
            "revenue": 100798
        },
        "2005-01": {
            "month": "2005-01",
            "price": "5.62",
            "revenue": 68738
        },
        "2005-02": {
            "month": "2005-02",
            "price": "5.70",
            "revenue": 63386
        },
        "2005-03": {
            "month": "2005-03",
            "price": "5.62",
            "revenue": 96452
        },
        "2005-04": {
            "month": "2005-04",
            "price": "4.99",
            "revenue": 76809
        },
        "2005-05": {
            "month": "2005-05",
            "price": "4.22",
            "revenue": 82295
        },
        "2005-06": {
            "month": "2005-06",
            "price": "4.90",
            "revenue": 89496
        },
        "2005-07": {
            "month": "2005-07",
            "price": "5.51",
            "revenue": 80879
        },
        "2005-08": {
            "month": "2005-08",
            "price": "4.65",
            "revenue": 90696
        },
        "2005-09": {
            "month": "2005-09",
            "price": "4.02",
            "revenue": 88703
        },
        "2005-10": {
            "month": "2005-10",
            "price": "3.55",
            "revenue": 91931
        },
        "2005-11": {
            "month": "2005-11",
            "price": "3.17",
            "revenue": 95332
        },
        "2005-12": {
            "month": "2005-12",
            "price": "3.81",
            "revenue": 96394
        },
        "2006-01": {
            "month": "2006-01",
            "price": "3.85",
            "revenue": 83434
        },
        "2006-02": {
            "month": "2006-02",
            "price": "3.54",
            "revenue": 73602
        },
        "2006-03": {
            "month": "2006-03",
            "price": "3.26",
            "revenue": 82254
        },
        "2006-04": {
            "month": "2006-04",
            "price": "3.54",
            "revenue": 88663
        },
        "2006-05": {
            "month": "2006-05",
            "price": "5.13",
            "revenue": 85211
        },
        "2006-06": {
            "month": "2006-06",
            "price": "4.99",
            "revenue": 89719
        },
        "2006-07": {
            "month": "2006-07",
            "price": "4.47",
            "revenue": 86849
        },
        "2006-08": {
            "month": "2006-08",
            "price": "4.30",
            "revenue": 91273
        },
        "2006-09": {
            "month": "2006-09",
            "price": "4.49",
            "revenue": 103284
        },
        "2006-10": {
            "month": "2006-10",
            "price": "4.92",
            "revenue": 103754
        },
        "2006-11": {
            "month": "2006-11",
            "price": "5.61",
            "revenue": 104883
        },
        "2006-12": {
            "month": "2006-12",
            "price": "6.20",
            "revenue": 109239
        },
        "2007-01": {
            "month": "2007-01",
            "price": "6.04",
            "revenue": 97357
        },
        "2007-02": {
            "month": "2007-02",
            "price": "5.79",
            "revenue": 67262
        },
        "2007-03": {
            "month": "2007-03",
            "price": "5.82",
            "revenue": 106826
        },
        "2007-04": {
            "month": "2007-04",
            "price": "7.40",
            "revenue": 114150
        },
        "2007-05": {
            "month": "2007-05",
            "price": "10.23",
            "revenue": 127512
        },
        "2007-06": {
            "month": "2007-06",
            "price": "11.44",
            "revenue": 120979
        },
        "2007-07": {
            "month": "2007-07",
            "price": "15.82",
            "revenue": 122863
        },
        "2007-08": {
            "month": "2007-08",
            "price": "16.95",
            "revenue": 144146
        },
        "2007-09": {
            "month": "2007-09",
            "price": "16.37",
            "revenue": 141965
        },
        "2007-10": {
            "month": "2007-10",
            "price": "15.44",
            "revenue": 145140
        },
        "2007-11": {
            "month": "2007-11",
            "price": "12.35",
            "revenue": 138104
        },
        "2007-12": {
            "month": "2007-12",
            "price": "12.95",
            "revenue": 105258
        },
        "2008-01": {
            "month": "2008-01",
            "price": "10.87",
            "revenue": 101052
        },
        "2008-02": {
            "month": "2008-02",
            "price": "9.24",
            "revenue": 91399
        },
        "2008-03": {
            "month": "2008-03",
            "price": "11.49",
            "revenue": 108430
        },
        "2008-04": {
            "month": "2008-04",
            "price": "10.34",
            "revenue": 121528
        },
        "2008-05": {
            "month": "2008-05",
            "price": "10.04",
            "revenue": 127086
        },
        "2008-06": {
            "month": "2008-06",
            "price": "8.68",
            "revenue": 125713
        },
        "2008-07": {
            "month": "2008-07",
            "price": "7.12",
            "revenue": 113011
        },
        "2008-08": {
            "month": "2008-08",
            "price": "6.98",
            "revenue": 102675
        },
        "2008-09": {
            "month": "2008-09",
            "price": "5.26",
            "revenue": 84822
        },
        "2008-10": {
            "month": "2008-10",
            "price": "3.80",
            "revenue": 61432
        },
        "2008-11": {
            "month": "2008-11",
            "price": "4.60",
            "revenue": 60547
        },
        "2008-12": {
            "month": "2008-12",
            "price": "5.00",
            "revenue": 52921
        },
        "2009-01": {
            "month": "2009-01",
            "price": "5.91",
            "revenue": 9436
        },
        "2009-02": {
            "month": "2009-02",
            "price": "6.61",
            "revenue": 14996
        },
        "2009-03": {
            "month": "2009-03",
            "price": "7.27",
            "revenue": 53036
        },
        "2009-04": {
            "month": "2009-04",
            "price": "8.45",
            "revenue": 63196
        },
        "2009-05": {
            "month": "2009-05",
            "price": "6.83",
            "revenue": 67599
        },
        "2009-06": {
            "month": "2009-06",
            "price": "5.42",
            "revenue": 84028
        },
        "2009-07": {
            "month": "2009-07",
            "price": "5.08",
            "revenue": 83856
        },
        "2009-08": {
            "month": "2009-08",
            "price": "5.27",
            "revenue": 76504
        },
        "2009-09": {
            "month": "2009-09",
            "price": "6.18",
            "revenue": 79706
        },
        "2009-10": {
            "month": "2009-10",
            "price": "5.82",
            "revenue": 78636
        },
        "2009-11": {
            "month": "2009-11",
            "price": "5.71",
            "revenue": 81753
        },
        "2009-12": {
            "month": "2009-12",
            "price": "5.41",
            "revenue": 63969
        },
        "2010-01": {
            "month": "2010-01",
            "price": "5.82",
            "revenue": 74545
        },
        "2010-02": {
            "month": "2010-02",
            "price": "5.40",
            "revenue": 59829
        },
        "2010-03": {
            "month": "2010-03",
            "price": "5.51",
            "revenue": 79347
        },
        "2010-04": {
            "month": "2010-04",
            "price": "6.31",
            "revenue": 73829
        },
        "2010-05": {
            "month": "2010-05",
            "price": "11.95",
            "revenue": 85980
        },
        "2010-06": {
            "month": "2010-06",
            "price": "13.40",
            "revenue": 105391
        },
        "2010-07": {
            "month": "2010-07",
            "price": "14.25",
            "revenue": 97227
        },
        "2010-08": {
            "month": "2010-08",
            "price": "12.61",
            "revenue": 90741
        },
        "2010-09": {
            "month": "2010-09",
            "price": "11.32",
            "revenue": 84896
        },
        "2010-10": {
            "month": "2010-10",
            "price": "11.20",
            "revenue": 70752
        },
        "2010-11": {
            "month": "2010-11",
            "price": "10.40",
            "revenue": 71204
        },
        "2010-12": {
            "month": "2010-12",
            "price": "10.01",
            "revenue": 73303
        },
        "2011-01": {
            "month": "2011-01",
            "price": "10.02",
            "revenue": 70308
        },
        "2011-02": {
            "month": "2011-02",
            "price": "9.46",
            "revenue": 53345
        },
        "2011-03": {
            "month": "2011-03",
            "price": "8.63",
            "revenue": 84403
        },
        "2011-04": {
            "month": "2011-04",
            "price": "8.31",
            "revenue": 81433
        },
        "2011-05": {
            "month": "2011-05",
            "price": "7.63",
            "revenue": 82397
        },
        "2011-06": {
            "month": "2011-06",
            "price": "6.46",
            "revenue": 72224
        },
        "2011-07": {
            "month": "2011-07",
            "price": "5.56",
            "revenue": 72670
        },
        "2011-08": {
            "month": "2011-08",
            "price": "4.61",
            "revenue": 61527
        },
        "2011-09": {
            "month": "2011-09",
            "price": "4.21",
            "revenue": 54300
        },
        "2011-10": {
            "month": "2011-10",
            "price": "3.97",
            "revenue": 52000
        },
        "2011-11": {
            "month": "2011-11",
            "price": "3.56",
            "revenue": 43326
        },
        "2011-12": {
            "month": "2011-12",
            "price": "3.10",
            "revenue": 30029
        },
        "2012-01": {
            "month": "2012-01",
            "price": "3.19",
            "revenue": 42473
        },
        "2012-02": {
            "month": "2012-02",
            "price": "4.78",
            "revenue": 43806
        },
        "2012-03": {
            "month": "2012-03",
            "price": "6.14",
            "revenue": 65222
        },
        "2012-04": {
            "month": "2012-04",
            "price": "5.76",
            "revenue": 75222
        },
        "2012-05": {
            "month": "2012-05",
            "price": "5.06",
            "revenue": 66064
        },
        "2012-06": {
            "month": "2012-06",
            "price": "4.31",
            "revenue": 60789
        },
        "2012-07": {
            "month": "2012-07",
            "price": "4.94",
            "revenue": 72788
        },
        "2012-08": {
            "month": "2012-08",
            "price": "4.55",
            "revenue": 61132
        },
        "2012-09": {
            "month": "2012-09",
            "price": "4.34",
            "revenue": 57101
        },
        "2012-10": {
            "month": "2012-10",
            "price": "4.19",
            "revenue": 63122
        },
        "2012-11": {
            "month": "2012-11",
            "price": "4.02",
            "revenue": 43427
        },
        "2012-12": {
            "month": "2012-12",
            "price": "4.21",
            "revenue": 31344
        },
        "2013-01": {
            "month": "2013-01",
            "price": "4.22",
            "revenue": 38022
        },
        "2013-02": {
            "month": "2013-02",
            "price": "4.28",
            "revenue": 30031
        },
        "2013-03": {
            "month": "2013-03",
            "price": "4.09",
            "revenue": 53628
        },
        "2013-04": {
            "month": "2013-04",
            "price": "3.25",
            "revenue": 65053
        },
        "2013-05": {
            "month": "2013-05",
            "price": "3.02",
            "revenue": 75246
        },
        "2013-06": {
            "month": "2013-06",
            "price": "3.00",
            "revenue": 65088
        },
        "2013-07": {
            "month": "2013-07",
            "price": "2.90",
            "revenue": 75489
        },
        "2013-08": {
            "month": "2013-08",
            "price": "4.55",
            "revenue": 76504
        },
        "2013-09": {
            "month": "2013-09",
            "price": "5.51",
            "revenue": 70242
        },
        "2013-10": {
            "month": "2013-10",
            "price": "5.43",
            "revenue": 70647
        },
        "2013-11": {
            "month": "2013-11",
            "price": "4.96",
            "revenue": 66351
        },
        "2013-12": {
            "month": "2013-12",
            "price": "4.72",
            "revenue": 60774
        },
        "2014-01": {
            "month": "2014-01",
            "price": "7.35",
            "revenue": 41759
        },
        "2014-02": {
            "month": "2014-02",
            "price": "8.49",
            "revenue": 41872
        },
        "2014-03": {
            "month": "2014-03",
            "price": "10.30",
            "revenue": 53440
        },
        "2014-04": {
            "month": "2014-04",
            "price": "7.07",
            "revenue": 65992
        },
        "2014-05": {
            "month": "2014-05",
            "price": "6.24",
            "revenue": 65901
        },
        "2014-06": {
            "month": "2014-06",
            "price": "6.66",
            "revenue": 60402
        },
        "2014-07": {
            "month": "2014-07",
            "price": "7.35",
            "revenue": 62302
        },
        "2014-08": {
            "month": "2014-08",
            "price": "6.48",
            "revenue": 65260
        },
        "2014-09": {
            "month": "2014-09",
            "price": "6.18",
            "revenue": 64135
        },
        "2014-10": {
            "month": "2014-10",
            "price": "5.41",
            "revenue": 77074
        },
        "2014-11": {
            "month": "2014-11",
            "price": "4.85",
            "revenue": 68419
        },
        "2014-12": {
            "month": "2014-12",
            "price": "4.48",
            "revenue": 74709
        },
        "2015-01": {
            "month": "2015-01",
            "price": "5.26",
            "revenue": 42296
        },
        "2015-02": {
            "month": "2015-02",
            "price": "5.41",
            "revenue": 43776
        },
        "2015-03": {
            "month": "2015-03",
            "price": "5.27",
            "revenue": 66707
        },
        "2015-04": {
            "month": "2015-04",
            "price": "4.34",
            "revenue": 74736
        },
        "2015-05": {
            "month": "2015-05",
            "price": "4.18",
            "revenue": 77406
        },
        "2015-06": {
            "month": "2015-06",
            "price": "4.03",
            "revenue": 77034
        },
        "2015-07": {
            "month": "2015-07",
            "price": "3.65",
            "revenue": 80040
        },
        "2015-08": {
            "month": "2015-08",
            "price": "3.12",
            "revenue": 75310
        },
        "2015-09": {
            "month": "2015-09",
            "price": "2.83",
            "revenue": 76837
        },
        "2015-10": {
            "month": "2015-10",
            "price": "2.95",
            "revenue": 86695
        },
        "2015-11": {
            "month": "2015-11",
            "price": "3.16",
            "revenue": 88691
        },
        "2015-12": {
            "month": "2015-12",
            "price": "2.94",
            "revenue": 80425
        },
        "2016-01": {
            "month": "2016-01",
            "price": "2.97",
            "revenue": 93368
        },
        "2016-02": {
            "month": "2016-02",
            "price": "3.19",
            "revenue": 85433
        },
        "2016-03": {
            "month": "2016-03",
            "price": "3.35",
            "revenue": 101003
        },
        "2016-04": {
            "month": "2016-04",
            "price": "2.99",
            "revenue": 101508
        },
        "2016-05": {
            "month": "2016-05",
            "price": "2.52",
            "revenue": 101625
        },
        "2016-06": {
            "month": "2016-06",
            "price": "2.40",
            "revenue": 101754
        },
        "2016-07": {
            "month": "2016-07",
            "price": "3.04",
            "revenue": 101104
        },
        "2016-08": {
            "month": "2016-08",
            "price": "2.71",
            "revenue": 101183
        },
        "2016-09": {
            "month": "2016-09",
            "price": "2.48",
            "revenue": 99107
        },
        "2016-10": {
            "month": "2016-10",
            "price": "2.70",
            "revenue": 102464
        },
        "2016-11": {
            "month": "2016-11",
            "price": "2.61",
            "revenue": 95365
        },
        "2016-12": {
            "month": "2016-12",
            "price": "2.58",
            "revenue": 82524
        },
        "2017-01": {
            "month": "2017-01",
            "price": "2.45",
            "revenue": 48815
        },
        "2017-02": {
            "month": "2017-02",
            "price": "2.99",
            "revenue": 102918
        },
        "2017-03": {
            "month": "2017-03",
            "price": "2.99",
            "revenue": 107650
        },
        "2017-04": {
            "month": "2017-04",
            "price": "3.10",
            "revenue": 101918
        },
        "2017-05": {
            "month": "2017-05",
            "price": "2.97",
            "revenue": 103815
        },
        "2017-06": {
            "month": "2017-06",
            "price": "2.95",
            "revenue": 118914
        },
        "2017-07": {
            "month": "2017-07",
            "price": "3.71",
            "revenue": 120400
        },
        "2017-08": {
            "month": "2017-08",
            "price": "3.85",
            "revenue": 123083
        },
        "2017-09": {
            "month": "2017-09",
            "price": "4.20",
            "revenue": 120765
        },
        "2017-10": {
            "month": "2017-10",
            "price": "4.58",
            "revenue": 124698
        },
        "2017-11": {
            "month": "2017-11",
            "price": "4.50",
            "revenue": 120014
        },
        "2017-12": {
            "month": "2017-12",
            "price": "4.08",
            "revenue": 100127
        },
        "2018-01": {
            "month": "2018-01",
            "price": "3.60",
            "revenue": 123326
        },
        "2018-02": {
            "month": "2018-02",
            "price": "4.45",
            "revenue": 101549
        },
        "2018-03": {
            "month": "2018-03",
            "price": "4.06",
            "revenue": 128177
        },
        "2018-04": {
            "month": "2018-04",
            "price": "4.34",
            "revenue": 123446
        },
        "2018-05": {
            "month": "2018-05",
            "price": "4.22",
            "revenue": 125374
        },
        "2018-06": {
            "month": "2018-06",
            "price": "4.33",
            "revenue": 127498
        },
        "2018-07": {
            "month": "2018-07",
            "price": "4.43",
            "revenue": 132363
        },
        "2018-08": {
            "month": "2018-08",
            "price": "4.27",
            "revenue": 128106
        },
        "2018-09": {
            "month": "2018-09",
            "price": "3.61",
            "revenue": 124430
        },
        "2018-10": {
            "month": "2018-10",
            "price": "3.03",
            "revenue": 126887
        },
        "2018-11": {
            "month": "2018-11",
            "price": "2.89",
            "revenue": 126343
        },
        "2018-12": {
            "month": "2018-12",
            "price": "3.29",
            "revenue": 100850
        },
        "2019-01": {
            "month": "2019-01",
            "price": "2.94",
            "revenue": 90168
        },
        "2019-02": {
            "month": "2019-02",
            "price": "3.06",
            "revenue": 90546
        },
        "2019-03": {
            "month": "2019-03",
            "price": "2.95",
            "revenue": 95366
        },
        "2019-04": {
            "month": "2019-04",
            "price": "2.96",
            "revenue": 90332
        },
        "2019-05": {
            "month": "2019-05",
            "price": "2.76",
            "revenue": 100021
        },
        "2019-06": {
            "month": "2019-06",
            "price": "2.44",
            "revenue": 95039
        },
        "2019-07": {
            "month": "2019-07",
            "price": "2.51",
            "revenue": 95183
        },
        "2019-08": {
            "month": "2019-08",
            "price": "2.34",
            "revenue": 90225
        },
        "2019-09": {
            "month": "2019-09",
            "price": "2.23",
            "revenue": 82077
        },
        "2019-10": {
            "month": "2019-10",
            "price": "2.03",
            "revenue": 82552
        },
        "2019-11": {
            "month": "2019-11",
            "price": "1.88",
            "revenue": 90466
        },
        "2019-12": {
            "month": "2019-12",
            "price": "1.68",
            "revenue": 68680
        },
        "2020-01": {
            "month": "2020-01",
            "price": "1.86",
            "revenue": 71791
        },
        "2020-02": {
            "month": "2020-02",
            "price": "1.78",
            "revenue": 77756
        },
        "2020-03": {
            "month": "2020-03",
            "price": "1.37",
            "revenue": 106869
        },
        "2020-04": {
            "month": "2020-04",
            "price": "1.95",
            "revenue": 101814
        },
        "2020-05": {
            "month": "2020-05",
            "price": "2.07",
            "revenue": 101599
        },
        "2020-06": {
            "month": "2020-06",
            "price": "2.95",
            "revenue": 106152
        },
        "2020-07": {
            "month": "2020-07",
            "price": "3.40",
            "revenue": 115958
        },
        "2020-08": {
            "month": "2020-08",
            "price": "3.15",
            "revenue": 115672
        },
        "2020-09": {
            "month": "2020-09",
            "price": "4.02",
            "revenue": 104812
        },
        "2020-10": {
            "month": "2020-10",
            "price": "4.41",
            "revenue": 116018
        },
        "2020-11": {
            "month": "2020-11",
            "price": "3.90",
            "revenue": 117817
        },
        "2020-12": {
            "month": "2020-12",
            "price": "6.13",
            "revenue": 107109
        },
        "2021-01": {
            "month": "2021-01",
            "price": "6.44",
            "revenue": 95837
        },
        "2021-02": {
            "month": "2021-02",
            "price": "6.74",
            "revenue": 92619
        },
        "2021-03": {
            "month": "2021-03",
            "price": "7.43",
            "revenue": 126903
        },
        "2021-04": {
            "month": "2021-04",
            "price": "8.41",
            "revenue": 110480
        },
        "2021-05": {
            "month": "2021-05",
            "price": "7.22",
            "revenue": 138711
        },
        "2021-06": {
            "month": "2021-06",
            "price": "7.54",
            "revenue": 132315
        },
        "2021-07": {
            "month": "2021-07",
            "price": "13.00",
            "revenue": 149123
        },
        "2021-08": {
            "month": "2021-08",
            "price": "14.43",
            "revenue": 152318
        },
        "2021-09": {
            "month": "2021-09",
            "price": "13.37",
            "revenue": 156339
        },
        "2021-10": {
            "month": "2021-10",
            "price": "11.91",
            "revenue": 159206
        },
        "2021-11": {
            "month": "2021-11",
            "price": "12.17",
            "revenue": 157866
        },
        "2021-12": {
            "month": "2021-12",
            "price": "12.24",
            "revenue": 130821
        },
        "2022-01": {
            "month": "2022-01",
            "price": "11.78",
            "revenue": 142507
        },
        "2022-02": {
            "month": "2022-02",
            "price": "10.82",
            "revenue": 153421
        },
        "2022-03": {
            "month": "2022-03",
            "price": "8.27",
            "revenue": 158173
        },
        "2022-04": {
            "month": "2022-04",
            "price": "8.18",
            "revenue": 162004
        },
        "2022-05": {
            "month": "2022-05",
            "price": "7.73",
            "revenue": 172639
        },
        "2022-06": {
            "month": "2022-06",
            "price": "8.46",
            "revenue": 150665
        },
        "2022-07": {
            "month": "2022-07",
            "price": "7.58",
            "revenue": 170641
        },
        "2022-08": {
            "month": "2022-08",
            "price": "7.84",
            "revenue": 160150
        },
        "2022-09": {
            "month": "2022-09",
            "price": "8.12",
            "revenue": 145344
        },
        "2022-10": {
            "month": "2022-10",
            "price": "23.28",
            "revenue": 138981
        },
        "2022-11": {
            "month": "2022-11",
            "price": "25.12",
            "revenue": 133986
        },
        "2022-12": {
            "month": "2022-12",
            "price": "24.86",
            "revenue": 99233
        },
        "2023-01": {
            "month": "2023-01",
            "price": "23.46",
            "revenue": 86491
        },
        "2023-02": {
            "month": "2023-02",
            "price": "23.68",
            "revenue": 92130
        },
        "2023-03": {
            "month": "2023-03",
            "price": "23.61",
            "revenue": 89961
        },
        "2023-04": {
            "month": "2023-04",
            "price": "23.55",
            "revenue": 77248
        },
        "2023-05": {
            "month": "2023-05",
            "price": "22.41",
            "revenue": 89899
        }
    }
}
