{
    "summary": {
        "stock_name": "聯嘉",
        "stock_id": "6288",
        "category": "汽車",
        "main_business": "LED車燈模組及元件<br>LED號誌燈、路燈、節能照明產品及模組<br>LED背光源元件及模組",
        "website_url": "http://www.eoi.com.tw",
        "ceo": "黃昉鈺",
        "pe_ratio": -840,
        "report_year_from": 2002,
        "report_year_to": 2023,
        "age": 22,
        "eps_negative_percentage": 0,
        "eps_growth_avg": {
            "last_all": 10.38,
            "last_2y": -1.37,
            "last_4y": -0.75,
            "last_8y": null,
            "last_12y": null,
            "last_16y": null,
            "last_20y": null,
            "at_2006_last_3y": null,
            "at_2007_last_3y": null,
            "at_2008_last_3y": null,
            "at_2009_last_3y": null,
            "at_2010_last_3y": null,
            "at_2011_last_3y": null,
            "at_2012_last_3y": null,
            "at_2013_last_3y": null,
            "at_2014_last_3y": null,
            "at_2015_last_3y": null,
            "at_2016_last_3y": null,
            "at_2017_last_3y": null,
            "at_2018_last_3y": null,
            "at_2019_last_3y": null,
            "at_2020_last_3y": null,
            "at_2021_last_3y": -6.92,
            "at_2022_last_3y": 1.56,
            "at_2023_last_3y": -8.47,
            "at_2024_last_3y": -8.47,
            "at_2006_last_all": null,
            "at_2007_last_all": null,
            "at_2008_last_all": null,
            "at_2009_last_all": null,
            "at_2010_last_all": null,
            "at_2011_last_all": null,
            "at_2012_last_all": null,
            "at_2013_last_all": null,
            "at_2014_last_all": null,
            "at_2015_last_all": null,
            "at_2016_last_all": null,
            "at_2017_last_all": null,
            "at_2018_last_all": null,
            "at_2019_last_all": 48.09,
            "at_2020_last_all": 22.14,
            "at_2021_last_all": -6.92,
            "at_2022_last_all": 14.46,
            "at_2023_last_all": 10.38,
            "at_2024_last_all": 10.38
        },
        "latest_eps": -0.04,
        "latest_price": 33.6,
        "latest_roe": -0.29,
        "latest_gross_margin": 13.65,
        "latest_equity": 2894792,
        "latest_revenue": 1117867,
        "latest_gross_profit": 152642,
        "latest_net_income": 4922,
        "latest_debt_ratio": 52.32,
        "latest_current_ratio": 138.55,
        "latest_account_receivable_turnover_ratio": 1.12,
        "latest_inventory_turnover_ratio": 0.6,
        "latest_reinvestment_rate": 412.32,
        "latest_research_to_sale_ratio": 5.64
    },
    "eps_dividends": {
        "2001": {
            "cash": 0,
            "stock": 0,
            "eps": 0
        },
        "2002": {
            "cash": 0,
            "stock": 0,
            "eps": 0
        },
        "2003": {
            "cash": 0,
            "stock": 0,
            "eps": 0
        },
        "2004": {
            "cash": 0,
            "stock": 0,
            "eps": 0
        },
        "2005": {
            "cash": 0,
            "stock": 0,
            "eps": 0
        },
        "2006": {
            "cash": 0,
            "stock": 0,
            "eps": 0
        },
        "2007": {
            "cash": 0,
            "stock": 0,
            "eps": 0
        },
        "2008": {
            "cash": 0,
            "stock": 0,
            "eps": 0
        },
        "2009": {
            "cash": 0,
            "stock": 0,
            "eps": 0
        },
        "2010": {
            "cash": 0,
            "stock": 0,
            "eps": 0
        },
        "2011": {
            "cash": 0.2,
            "stock": 0,
            "eps": 0
        },
        "2012": {
            "cash": 0,
            "stock": 0,
            "eps": 0
        },
        "2013": {
            "cash": 0,
            "stock": 0,
            "eps": 0
        },
        "2014": {
            "cash": 0.2,
            "stock": 0,
            "eps": 0
        },
        "2015": {
            "cash": 0,
            "stock": 0,
            "eps": 0
        },
        "2016": {
            "cash": 0.2,
            "stock": 0,
            "eps": 0
        },
        "2017": {
            "cash": 0.5,
            "stock": 0,
            "eps": 0.56
        },
        "2018": {
            "cash": 0.4,
            "stock": 0,
            "eps": 0.93
        },
        "2019": {
            "cash": 0.55,
            "stock": 0,
            "eps": 1.21
        },
        "2020": {
            "cash": 0.75,
            "stock": 0,
            "eps": 0.85
        },
        "2021": {
            "cash": 0.7,
            "stock": 0,
            "eps": 0.05
        },
        "2022": {
            "cash": 0.4,
            "stock": 0,
            "eps": 0.1
        },
        "2023": {
            "cash": 0.2,
            "stock": 0,
            "eps": 0.09
        },
        "2024": {
            "cash": 0.2,
            "stock": 0,
            "eps": 0
        }
    },
    "dividends": {
        "2011-01-01": {
            "cash": 0.12,
            "stock": 0
        },
        "2011-04-14": {
            "cash": 0.08,
            "stock": 0
        },
        "2014-09-03": {
            "cash": 0.2,
            "stock": 0
        },
        "2016-08-25": {
            "cash": 0.2,
            "stock": 0
        },
        "2017-08-25": {
            "cash": 0.5,
            "stock": 0
        },
        "2018-08-21": {
            "cash": 0.4,
            "stock": 0
        },
        "2019-08-22": {
            "cash": 0.55,
            "stock": 0
        },
        "2020-07-24": {
            "cash": 0.75,
            "stock": 0
        },
        "2021-07-16": {
            "cash": 0.7,
            "stock": 0
        },
        "2022-07-15": {
            "cash": 0.4,
            "stock": 0
        },
        "2023-07-14": {
            "cash": 0.2,
            "stock": 0
        },
        "2024-02-29": {
            "cash": 0.2,
            "stock": 0
        }
    },
    "prices": {
        "200101": "無",
        "200102": "無",
        "200103": "無",
        "200104": "無",
        "200105": "無",
        "200106": "無",
        "200107": "無",
        "200108": "無",
        "200109": "無",
        "200110": "無",
        "200111": "無",
        "200112": "無",
        "200201": "無",
        "200202": "無",
        "200203": "無",
        "200204": "無",
        "200205": "無",
        "200206": "無",
        "200207": "無",
        "200208": "無",
        "200209": "無",
        "200210": "無",
        "200211": "無",
        "200212": "無",
        "200301": "無",
        "200302": "無",
        "200303": "無",
        "200304": "無",
        "200305": "無",
        "200306": "無",
        "200307": "無",
        "200308": "無",
        "200309": "無",
        "200310": "無",
        "200311": "無",
        "200312": "無",
        "200401": "無",
        "200402": "無",
        "200403": "無",
        "200404": "無",
        "200405": "無",
        "200406": "無",
        "200407": "無",
        "200408": "無",
        "200409": "無",
        "200410": "無",
        "200411": "無",
        "200412": "無",
        "200501": "無",
        "200502": "無",
        "200503": "無",
        "200504": "無",
        "200505": "無",
        "200506": "無",
        "200507": "無",
        "200508": "無",
        "200509": "無",
        "200510": "無",
        "200511": "無",
        "200512": "無",
        "200601": "無",
        "200602": "無",
        "200603": "無",
        "200604": "無",
        "200605": "無",
        "200606": "無",
        "200607": "無",
        "200608": "無",
        "200609": "無",
        "200610": "無",
        "200611": "無",
        "200612": "無",
        "200701": "無",
        "200702": "無",
        "200703": "無",
        "200704": "無",
        "200705": "無",
        "200706": "無",
        "200707": "無",
        "200708": "無",
        "200709": "無",
        "200710": "無",
        "200711": "無",
        "200712": "無",
        "200801": "無",
        "200802": "無",
        "200803": "無",
        "200804": "無",
        "200805": "無",
        "200806": "無",
        "200807": "無",
        "200808": "無",
        "200809": "無",
        "200810": "無",
        "200811": "無",
        "200812": "無",
        "200901": "無",
        "200902": "無",
        "200903": "無",
        "200904": "無",
        "200905": "無",
        "200906": "無",
        "200907": "無",
        "200908": "無",
        "200909": "無",
        "200910": "無",
        "200911": "無",
        "200912": "無",
        "201001": "無",
        "201002": "無",
        "201003": "無",
        "201004": "無",
        "201005": "無",
        "201006": "無",
        "201007": "無",
        "201008": "無",
        "201009": "無",
        "201010": "無",
        "201011": "12.70",
        "201012": "12.61",
        "201101": "14.22",
        "201102": "14.20",
        "201103": "13.86",
        "201104": "13.44",
        "201105": "11.98",
        "201106": "10.21",
        "201107": "9.40",
        "201108": "9.09",
        "201109": "8.14",
        "201110": "7.64",
        "201111": "7.46",
        "201112": "6.29",
        "201201": "6.78",
        "201202": "8.12",
        "201203": "9.85",
        "201204": "9.64",
        "201205": "9.81",
        "201206": "9.34",
        "201207": "8.27",
        "201208": "7.07",
        "201209": "7.29",
        "201210": "7.19",
        "201211": "6.92",
        "201212": "6.39",
        "201301": "6.86",
        "201302": "6.74",
        "201303": "6.90",
        "201304": "6.52",
        "201305": "6.86",
        "201306": "8.01",
        "201307": "7.44",
        "201308": "7.31",
        "201309": "7.27",
        "201310": "7.31",
        "201311": "7.26",
        "201312": "8.10",
        "201401": "9.81",
        "201402": "10.02",
        "201403": "10.35",
        "201404": "10.03",
        "201405": "9.97",
        "201406": "9.73",
        "201407": "9.09",
        "201408": "8.54",
        "201409": "8.86",
        "201410": "7.94",
        "201411": "7.26",
        "201412": "7.56",
        "201501": "8.12",
        "201502": "8.23",
        "201503": "7.99",
        "201504": "7.04",
        "201505": "6.79",
        "201506": "6.73",
        "201507": "6.08",
        "201508": "4.95",
        "201509": "7.02",
        "201510": "7.86",
        "201511": "8.19",
        "201512": "8.67",
        "201601": "8.47",
        "201602": "8.92",
        "201603": "8.88",
        "201604": "8.95",
        "201605": "8.76",
        "201606": "8.23",
        "201607": "9.07",
        "201608": "9.02",
        "201609": "8.60",
        "201610": "9.03",
        "201611": "8.65",
        "201612": "8.26",
        "201701": "10.77",
        "201702": "15.01",
        "201703": "19.43",
        "201704": "24.86",
        "201705": "22.80",
        "201706": "25.77",
        "201707": "25.27",
        "201708": "22.07",
        "201709": "25.39",
        "201710": "24.55",
        "201711": "22.02",
        "201712": "21.48",
        "201801": "25.99",
        "201802": "24.86",
        "201803": "26.13",
        "201804": "26.15",
        "201805": "24.11",
        "201806": "24.48",
        "201807": "22.59",
        "201808": "20.40",
        "201809": "18.89",
        "201810": "14.89",
        "201811": "17.00",
        "201812": "18.18",
        "201901": "16.47",
        "201902": "17.34",
        "201903": "18.70",
        "201904": "21.54",
        "201905": "18.22",
        "201906": "17.87",
        "201907": "20.14",
        "201908": "19.45",
        "201909": "21.01",
        "201910": "22.27",
        "201911": "25.04",
        "201912": "26.16",
        "202001": "26.88",
        "202002": "25.02",
        "202003": "18.58",
        "202004": "17.69",
        "202005": "19.70",
        "202006": "21.77",
        "202007": "25.03",
        "202008": "26.65",
        "202009": "33.27",
        "202010": "34.74",
        "202011": "34.32",
        "202012": "32.45",
        "202101": "33.00",
        "202102": "31.75",
        "202103": "30.90",
        "202104": "31.20",
        "202105": "27.70",
        "202106": "28.59",
        "202107": "27.12",
        "202108": "24.18",
        "202109": "25.48",
        "202110": "27.39",
        "202111": "26.68",
        "202112": "26.94",
        "202201": "28.48",
        "202202": "29.46",
        "202203": "26.70",
        "202204": "24.35",
        "202205": "24.36",
        "202206": "24.62",
        "202207": "22.79",
        "202208": "23.70",
        "202209": "24.04",
        "202210": "21.22",
        "202211": "22.03",
        "202212": "24.15",
        "202301": "23.02",
        "202302": "25.09",
        "202303": "29.14",
        "202304": "31.73",
        "202305": "32.06",
        "202306": "33.72",
        "202307": "33.01",
        "202308": "29.65",
        "202309": "30.42",
        "202310": "31.47",
        "202311": "29.59",
        "202312": "31.49"
    },
    "quarters": {
        "20011": {
            "year_quarter": 20011,
            "year": 2001,
            "quarter": 1,
            "eps": null,
            "eps_growth_year": null,
            "eps_4q": null,
            "eps_4q_growth_year": null,
            "roe": null,
            "roe_4q": 0,
            "gross_profit": null,
            "gross_margin": null,
            "gross_margin_4q_avg": 0,
            "net_income": null,
            "net_income_4q": null,
            "revenue": null,
            "revenue_4q": null,
            "common_shares": null,
            "book_valuer_per_share": null,
            "book_valuer_per_share_4q_avg": 0,
            "equity": null,
            "current_ratio": null,
            "debt_ratio": null,
            "inventory_turnover_ratio": null,
            "account_receivable_turnover_ratio": null,
            "reinvestment_rate": null,
            "research_to_sale_ratio": null,
            "price_fair": 0,
            "eps_avg_yearly": 0,
            "eps_latest_yearly": 0,
            "eps_growth_yearly": 0
        },
        "20012": {
            "year_quarter": 20012,
            "year": 2001,
            "quarter": 2,
            "eps": null,
            "eps_growth_year": null,
            "eps_4q": null,
            "eps_4q_growth_year": null,
            "roe": null,
            "roe_4q": 0,
            "gross_profit": null,
            "gross_margin": null,
            "gross_margin_4q_avg": 0,
            "net_income": null,
            "net_income_4q": null,
            "revenue": null,
            "revenue_4q": null,
            "common_shares": null,
            "book_valuer_per_share": null,
            "book_valuer_per_share_4q_avg": 0,
            "equity": null,
            "current_ratio": null,
            "debt_ratio": null,
            "inventory_turnover_ratio": null,
            "account_receivable_turnover_ratio": null,
            "reinvestment_rate": null,
            "research_to_sale_ratio": null,
            "price_fair": 0,
            "eps_avg_yearly": 0,
            "eps_latest_yearly": 0,
            "eps_growth_yearly": 0
        },
        "20013": {
            "year_quarter": 20013,
            "year": 2001,
            "quarter": 3,
            "eps": null,
            "eps_growth_year": null,
            "eps_4q": null,
            "eps_4q_growth_year": null,
            "roe": null,
            "roe_4q": 0,
            "gross_profit": null,
            "gross_margin": null,
            "gross_margin_4q_avg": 0,
            "net_income": null,
            "net_income_4q": null,
            "revenue": null,
            "revenue_4q": null,
            "common_shares": null,
            "book_valuer_per_share": null,
            "book_valuer_per_share_4q_avg": 0,
            "equity": null,
            "current_ratio": null,
            "debt_ratio": null,
            "inventory_turnover_ratio": null,
            "account_receivable_turnover_ratio": null,
            "reinvestment_rate": null,
            "research_to_sale_ratio": null,
            "price_fair": 0,
            "eps_avg_yearly": 0,
            "eps_latest_yearly": 0,
            "eps_growth_yearly": 0
        },
        "20014": {
            "year_quarter": 20014,
            "year": 2001,
            "quarter": 4,
            "eps": null,
            "eps_growth_year": null,
            "eps_4q": null,
            "eps_4q_growth_year": null,
            "roe": null,
            "roe_4q": 0,
            "gross_profit": null,
            "gross_margin": null,
            "gross_margin_4q_avg": 0,
            "net_income": null,
            "net_income_4q": null,
            "revenue": null,
            "revenue_4q": null,
            "common_shares": null,
            "book_valuer_per_share": null,
            "book_valuer_per_share_4q_avg": 0,
            "equity": null,
            "current_ratio": null,
            "debt_ratio": null,
            "inventory_turnover_ratio": null,
            "account_receivable_turnover_ratio": null,
            "reinvestment_rate": null,
            "research_to_sale_ratio": null,
            "price_fair": 0,
            "eps_avg_yearly": 0,
            "eps_latest_yearly": 0,
            "eps_growth_yearly": 0
        },
        "20021": {
            "year_quarter": 20021,
            "year": 2002,
            "quarter": 1,
            "eps": null,
            "eps_growth_year": null,
            "eps_4q": null,
            "eps_4q_growth_year": null,
            "roe": null,
            "roe_4q": 0,
            "gross_profit": null,
            "gross_margin": null,
            "gross_margin_4q_avg": 0,
            "net_income": null,
            "net_income_4q": null,
            "revenue": null,
            "revenue_4q": null,
            "common_shares": null,
            "book_valuer_per_share": null,
            "book_valuer_per_share_4q_avg": 0,
            "equity": null,
            "current_ratio": null,
            "debt_ratio": null,
            "inventory_turnover_ratio": null,
            "account_receivable_turnover_ratio": null,
            "reinvestment_rate": null,
            "research_to_sale_ratio": null,
            "price_fair": 0,
            "eps_avg_yearly": 0,
            "eps_latest_yearly": 0,
            "eps_growth_yearly": 0
        },
        "20022": {
            "year_quarter": 20022,
            "year": 2002,
            "quarter": 2,
            "eps": null,
            "eps_growth_year": null,
            "eps_4q": null,
            "eps_4q_growth_year": null,
            "roe": null,
            "roe_4q": 0,
            "gross_profit": null,
            "gross_margin": null,
            "gross_margin_4q_avg": 0,
            "net_income": null,
            "net_income_4q": null,
            "revenue": null,
            "revenue_4q": null,
            "common_shares": null,
            "book_valuer_per_share": null,
            "book_valuer_per_share_4q_avg": 0,
            "equity": null,
            "current_ratio": null,
            "debt_ratio": null,
            "inventory_turnover_ratio": null,
            "account_receivable_turnover_ratio": null,
            "reinvestment_rate": null,
            "research_to_sale_ratio": null,
            "price_fair": 0,
            "eps_avg_yearly": 0,
            "eps_latest_yearly": 0,
            "eps_growth_yearly": 0
        },
        "20023": {
            "year_quarter": 20023,
            "year": 2002,
            "quarter": 3,
            "eps": null,
            "eps_growth_year": null,
            "eps_4q": null,
            "eps_4q_growth_year": null,
            "roe": null,
            "roe_4q": 0,
            "gross_profit": null,
            "gross_margin": null,
            "gross_margin_4q_avg": 0,
            "net_income": null,
            "net_income_4q": null,
            "revenue": null,
            "revenue_4q": null,
            "common_shares": null,
            "book_valuer_per_share": null,
            "book_valuer_per_share_4q_avg": 0,
            "equity": null,
            "current_ratio": null,
            "debt_ratio": null,
            "inventory_turnover_ratio": null,
            "account_receivable_turnover_ratio": null,
            "reinvestment_rate": null,
            "research_to_sale_ratio": null,
            "price_fair": 0,
            "eps_avg_yearly": 0,
            "eps_latest_yearly": 0,
            "eps_growth_yearly": 0
        },
        "20024": {
            "year_quarter": 20024,
            "year": 2002,
            "quarter": 4,
            "eps": null,
            "eps_growth_year": null,
            "eps_4q": null,
            "eps_4q_growth_year": null,
            "roe": null,
            "roe_4q": 0,
            "gross_profit": null,
            "gross_margin": null,
            "gross_margin_4q_avg": 0,
            "net_income": null,
            "net_income_4q": null,
            "revenue": null,
            "revenue_4q": null,
            "common_shares": null,
            "book_valuer_per_share": null,
            "book_valuer_per_share_4q_avg": 0,
            "equity": null,
            "current_ratio": null,
            "debt_ratio": null,
            "inventory_turnover_ratio": null,
            "account_receivable_turnover_ratio": null,
            "reinvestment_rate": null,
            "research_to_sale_ratio": null,
            "price_fair": 0,
            "eps_avg_yearly": 0,
            "eps_latest_yearly": 0,
            "eps_growth_yearly": 0
        },
        "20031": {
            "year_quarter": 20031,
            "year": 2003,
            "quarter": 1,
            "eps": null,
            "eps_growth_year": null,
            "eps_4q": null,
            "eps_4q_growth_year": null,
            "roe": null,
            "roe_4q": 0,
            "gross_profit": null,
            "gross_margin": null,
            "gross_margin_4q_avg": 0,
            "net_income": null,
            "net_income_4q": null,
            "revenue": null,
            "revenue_4q": null,
            "common_shares": null,
            "book_valuer_per_share": null,
            "book_valuer_per_share_4q_avg": 0,
            "equity": null,
            "current_ratio": null,
            "debt_ratio": null,
            "inventory_turnover_ratio": null,
            "account_receivable_turnover_ratio": null,
            "reinvestment_rate": null,
            "research_to_sale_ratio": null,
            "price_fair": 0,
            "eps_avg_yearly": 0,
            "eps_latest_yearly": 0,
            "eps_growth_yearly": 0
        },
        "20032": {
            "year_quarter": 20032,
            "year": 2003,
            "quarter": 2,
            "eps": null,
            "eps_growth_year": null,
            "eps_4q": null,
            "eps_4q_growth_year": null,
            "roe": null,
            "roe_4q": 0,
            "gross_profit": null,
            "gross_margin": null,
            "gross_margin_4q_avg": 0,
            "net_income": null,
            "net_income_4q": null,
            "revenue": null,
            "revenue_4q": null,
            "common_shares": null,
            "book_valuer_per_share": null,
            "book_valuer_per_share_4q_avg": 0,
            "equity": null,
            "current_ratio": null,
            "debt_ratio": null,
            "inventory_turnover_ratio": null,
            "account_receivable_turnover_ratio": null,
            "reinvestment_rate": null,
            "research_to_sale_ratio": null,
            "price_fair": 0,
            "eps_avg_yearly": 0,
            "eps_latest_yearly": 0,
            "eps_growth_yearly": 0
        },
        "20033": {
            "year_quarter": 20033,
            "year": 2003,
            "quarter": 3,
            "eps": null,
            "eps_growth_year": null,
            "eps_4q": null,
            "eps_4q_growth_year": null,
            "roe": null,
            "roe_4q": 0,
            "gross_profit": null,
            "gross_margin": null,
            "gross_margin_4q_avg": 0,
            "net_income": null,
            "net_income_4q": null,
            "revenue": null,
            "revenue_4q": null,
            "common_shares": null,
            "book_valuer_per_share": null,
            "book_valuer_per_share_4q_avg": 0,
            "equity": null,
            "current_ratio": null,
            "debt_ratio": null,
            "inventory_turnover_ratio": null,
            "account_receivable_turnover_ratio": null,
            "reinvestment_rate": null,
            "research_to_sale_ratio": null,
            "price_fair": 0,
            "eps_avg_yearly": 0,
            "eps_latest_yearly": 0,
            "eps_growth_yearly": 0
        },
        "20034": {
            "year_quarter": 20034,
            "year": 2003,
            "quarter": 4,
            "eps": null,
            "eps_growth_year": null,
            "eps_4q": null,
            "eps_4q_growth_year": null,
            "roe": null,
            "roe_4q": 0,
            "gross_profit": null,
            "gross_margin": null,
            "gross_margin_4q_avg": 0,
            "net_income": null,
            "net_income_4q": null,
            "revenue": null,
            "revenue_4q": null,
            "common_shares": null,
            "book_valuer_per_share": null,
            "book_valuer_per_share_4q_avg": 0,
            "equity": null,
            "current_ratio": null,
            "debt_ratio": null,
            "inventory_turnover_ratio": null,
            "account_receivable_turnover_ratio": null,
            "reinvestment_rate": null,
            "research_to_sale_ratio": null,
            "price_fair": 0,
            "eps_avg_yearly": 0,
            "eps_latest_yearly": 0,
            "eps_growth_yearly": 0
        },
        "20041": {
            "year_quarter": 20041,
            "year": 2004,
            "quarter": 1,
            "eps": null,
            "eps_growth_year": null,
            "eps_4q": null,
            "eps_4q_growth_year": null,
            "roe": null,
            "roe_4q": 0,
            "gross_profit": null,
            "gross_margin": null,
            "gross_margin_4q_avg": 0,
            "net_income": null,
            "net_income_4q": null,
            "revenue": null,
            "revenue_4q": null,
            "common_shares": null,
            "book_valuer_per_share": null,
            "book_valuer_per_share_4q_avg": 0,
            "equity": null,
            "current_ratio": null,
            "debt_ratio": null,
            "inventory_turnover_ratio": null,
            "account_receivable_turnover_ratio": null,
            "reinvestment_rate": null,
            "research_to_sale_ratio": null,
            "price_fair": 0,
            "eps_avg_yearly": 0,
            "eps_latest_yearly": 0,
            "eps_growth_yearly": 0
        },
        "20042": {
            "year_quarter": 20042,
            "year": 2004,
            "quarter": 2,
            "eps": null,
            "eps_growth_year": null,
            "eps_4q": null,
            "eps_4q_growth_year": null,
            "roe": null,
            "roe_4q": 0,
            "gross_profit": null,
            "gross_margin": null,
            "gross_margin_4q_avg": 0,
            "net_income": null,
            "net_income_4q": null,
            "revenue": null,
            "revenue_4q": null,
            "common_shares": null,
            "book_valuer_per_share": null,
            "book_valuer_per_share_4q_avg": 0,
            "equity": null,
            "current_ratio": null,
            "debt_ratio": null,
            "inventory_turnover_ratio": null,
            "account_receivable_turnover_ratio": null,
            "reinvestment_rate": null,
            "research_to_sale_ratio": null,
            "price_fair": 0,
            "eps_avg_yearly": 0,
            "eps_latest_yearly": 0,
            "eps_growth_yearly": 0
        },
        "20043": {
            "year_quarter": 20043,
            "year": 2004,
            "quarter": 3,
            "eps": null,
            "eps_growth_year": null,
            "eps_4q": null,
            "eps_4q_growth_year": null,
            "roe": null,
            "roe_4q": 0,
            "gross_profit": null,
            "gross_margin": null,
            "gross_margin_4q_avg": 0,
            "net_income": null,
            "net_income_4q": null,
            "revenue": null,
            "revenue_4q": null,
            "common_shares": null,
            "book_valuer_per_share": null,
            "book_valuer_per_share_4q_avg": 0,
            "equity": null,
            "current_ratio": null,
            "debt_ratio": null,
            "inventory_turnover_ratio": null,
            "account_receivable_turnover_ratio": null,
            "reinvestment_rate": null,
            "research_to_sale_ratio": null,
            "price_fair": 0,
            "eps_avg_yearly": 0,
            "eps_latest_yearly": 0,
            "eps_growth_yearly": 0
        },
        "20044": {
            "year_quarter": 20044,
            "year": 2004,
            "quarter": 4,
            "eps": null,
            "eps_growth_year": null,
            "eps_4q": null,
            "eps_4q_growth_year": null,
            "roe": null,
            "roe_4q": 0,
            "gross_profit": null,
            "gross_margin": null,
            "gross_margin_4q_avg": 0,
            "net_income": null,
            "net_income_4q": null,
            "revenue": null,
            "revenue_4q": null,
            "common_shares": null,
            "book_valuer_per_share": null,
            "book_valuer_per_share_4q_avg": 0,
            "equity": null,
            "current_ratio": null,
            "debt_ratio": null,
            "inventory_turnover_ratio": null,
            "account_receivable_turnover_ratio": null,
            "reinvestment_rate": null,
            "research_to_sale_ratio": null,
            "price_fair": 0,
            "eps_avg_yearly": 0,
            "eps_latest_yearly": 0,
            "eps_growth_yearly": 0
        },
        "20051": {
            "year_quarter": 20051,
            "year": 2005,
            "quarter": 1,
            "eps": null,
            "eps_growth_year": null,
            "eps_4q": null,
            "eps_4q_growth_year": null,
            "roe": null,
            "roe_4q": 0,
            "gross_profit": null,
            "gross_margin": null,
            "gross_margin_4q_avg": 0,
            "net_income": null,
            "net_income_4q": null,
            "revenue": null,
            "revenue_4q": null,
            "common_shares": null,
            "book_valuer_per_share": null,
            "book_valuer_per_share_4q_avg": 0,
            "equity": null,
            "current_ratio": null,
            "debt_ratio": null,
            "inventory_turnover_ratio": null,
            "account_receivable_turnover_ratio": null,
            "reinvestment_rate": null,
            "research_to_sale_ratio": null,
            "price_fair": 0,
            "eps_avg_yearly": 0,
            "eps_latest_yearly": 0,
            "eps_growth_yearly": 0
        },
        "20052": {
            "year_quarter": 20052,
            "year": 2005,
            "quarter": 2,
            "eps": null,
            "eps_growth_year": null,
            "eps_4q": null,
            "eps_4q_growth_year": null,
            "roe": null,
            "roe_4q": 0,
            "gross_profit": null,
            "gross_margin": null,
            "gross_margin_4q_avg": 0,
            "net_income": null,
            "net_income_4q": null,
            "revenue": null,
            "revenue_4q": null,
            "common_shares": null,
            "book_valuer_per_share": null,
            "book_valuer_per_share_4q_avg": 0,
            "equity": null,
            "current_ratio": null,
            "debt_ratio": null,
            "inventory_turnover_ratio": null,
            "account_receivable_turnover_ratio": null,
            "reinvestment_rate": null,
            "research_to_sale_ratio": null,
            "price_fair": 0,
            "eps_avg_yearly": 0,
            "eps_latest_yearly": 0,
            "eps_growth_yearly": 0
        },
        "20053": {
            "year_quarter": 20053,
            "year": 2005,
            "quarter": 3,
            "eps": null,
            "eps_growth_year": null,
            "eps_4q": null,
            "eps_4q_growth_year": null,
            "roe": null,
            "roe_4q": 0,
            "gross_profit": null,
            "gross_margin": null,
            "gross_margin_4q_avg": 0,
            "net_income": null,
            "net_income_4q": null,
            "revenue": null,
            "revenue_4q": null,
            "common_shares": null,
            "book_valuer_per_share": null,
            "book_valuer_per_share_4q_avg": 0,
            "equity": null,
            "current_ratio": null,
            "debt_ratio": null,
            "inventory_turnover_ratio": null,
            "account_receivable_turnover_ratio": null,
            "reinvestment_rate": null,
            "research_to_sale_ratio": null,
            "price_fair": 0,
            "eps_avg_yearly": 0,
            "eps_latest_yearly": 0,
            "eps_growth_yearly": 0
        },
        "20054": {
            "year_quarter": 20054,
            "year": 2005,
            "quarter": 4,
            "eps": null,
            "eps_growth_year": null,
            "eps_4q": null,
            "eps_4q_growth_year": null,
            "roe": null,
            "roe_4q": 0,
            "gross_profit": null,
            "gross_margin": null,
            "gross_margin_4q_avg": 0,
            "net_income": null,
            "net_income_4q": null,
            "revenue": null,
            "revenue_4q": null,
            "common_shares": null,
            "book_valuer_per_share": null,
            "book_valuer_per_share_4q_avg": 0,
            "equity": null,
            "current_ratio": null,
            "debt_ratio": null,
            "inventory_turnover_ratio": null,
            "account_receivable_turnover_ratio": null,
            "reinvestment_rate": null,
            "research_to_sale_ratio": null,
            "price_fair": 0,
            "eps_avg_yearly": 0,
            "eps_latest_yearly": 0,
            "eps_growth_yearly": 0
        },
        "20061": {
            "year_quarter": 20061,
            "year": 2006,
            "quarter": 1,
            "eps": null,
            "eps_growth_year": null,
            "eps_4q": null,
            "eps_4q_growth_year": null,
            "roe": null,
            "roe_4q": 0,
            "gross_profit": null,
            "gross_margin": null,
            "gross_margin_4q_avg": 0,
            "net_income": null,
            "net_income_4q": null,
            "revenue": null,
            "revenue_4q": null,
            "common_shares": null,
            "book_valuer_per_share": null,
            "book_valuer_per_share_4q_avg": 0,
            "equity": null,
            "current_ratio": null,
            "debt_ratio": null,
            "inventory_turnover_ratio": null,
            "account_receivable_turnover_ratio": null,
            "reinvestment_rate": null,
            "research_to_sale_ratio": null,
            "price_fair": 0,
            "eps_avg_yearly": 0,
            "eps_latest_yearly": 0,
            "eps_growth_yearly": 0
        },
        "20062": {
            "year_quarter": 20062,
            "year": 2006,
            "quarter": 2,
            "eps": null,
            "eps_growth_year": null,
            "eps_4q": null,
            "eps_4q_growth_year": null,
            "roe": null,
            "roe_4q": 0,
            "gross_profit": null,
            "gross_margin": null,
            "gross_margin_4q_avg": 0,
            "net_income": null,
            "net_income_4q": null,
            "revenue": null,
            "revenue_4q": null,
            "common_shares": null,
            "book_valuer_per_share": null,
            "book_valuer_per_share_4q_avg": 0,
            "equity": null,
            "current_ratio": null,
            "debt_ratio": null,
            "inventory_turnover_ratio": null,
            "account_receivable_turnover_ratio": null,
            "reinvestment_rate": null,
            "research_to_sale_ratio": null,
            "price_fair": 0,
            "eps_avg_yearly": 0,
            "eps_latest_yearly": 0,
            "eps_growth_yearly": 0
        },
        "20063": {
            "year_quarter": 20063,
            "year": 2006,
            "quarter": 3,
            "eps": null,
            "eps_growth_year": null,
            "eps_4q": null,
            "eps_4q_growth_year": null,
            "roe": null,
            "roe_4q": 0,
            "gross_profit": null,
            "gross_margin": null,
            "gross_margin_4q_avg": 0,
            "net_income": null,
            "net_income_4q": null,
            "revenue": null,
            "revenue_4q": null,
            "common_shares": null,
            "book_valuer_per_share": null,
            "book_valuer_per_share_4q_avg": 0,
            "equity": null,
            "current_ratio": null,
            "debt_ratio": null,
            "inventory_turnover_ratio": null,
            "account_receivable_turnover_ratio": null,
            "reinvestment_rate": null,
            "research_to_sale_ratio": null,
            "price_fair": 0,
            "eps_avg_yearly": 0,
            "eps_latest_yearly": 0,
            "eps_growth_yearly": 0
        },
        "20064": {
            "year_quarter": 20064,
            "year": 2006,
            "quarter": 4,
            "eps": null,
            "eps_growth_year": null,
            "eps_4q": null,
            "eps_4q_growth_year": null,
            "roe": null,
            "roe_4q": 0,
            "gross_profit": null,
            "gross_margin": null,
            "gross_margin_4q_avg": 0,
            "net_income": null,
            "net_income_4q": null,
            "revenue": null,
            "revenue_4q": null,
            "common_shares": null,
            "book_valuer_per_share": null,
            "book_valuer_per_share_4q_avg": 0,
            "equity": null,
            "current_ratio": null,
            "debt_ratio": null,
            "inventory_turnover_ratio": null,
            "account_receivable_turnover_ratio": null,
            "reinvestment_rate": null,
            "research_to_sale_ratio": null,
            "price_fair": 0,
            "eps_avg_yearly": 0,
            "eps_latest_yearly": 0,
            "eps_growth_yearly": 0
        },
        "20071": {
            "year_quarter": 20071,
            "year": 2007,
            "quarter": 1,
            "eps": null,
            "eps_growth_year": null,
            "eps_4q": null,
            "eps_4q_growth_year": null,
            "roe": null,
            "roe_4q": 0,
            "gross_profit": null,
            "gross_margin": null,
            "gross_margin_4q_avg": 0,
            "net_income": null,
            "net_income_4q": null,
            "revenue": null,
            "revenue_4q": null,
            "common_shares": null,
            "book_valuer_per_share": null,
            "book_valuer_per_share_4q_avg": 0,
            "equity": null,
            "current_ratio": null,
            "debt_ratio": null,
            "inventory_turnover_ratio": null,
            "account_receivable_turnover_ratio": null,
            "reinvestment_rate": null,
            "research_to_sale_ratio": null,
            "price_fair": 0,
            "eps_avg_yearly": 0,
            "eps_latest_yearly": 0,
            "eps_growth_yearly": 0
        },
        "20072": {
            "year_quarter": 20072,
            "year": 2007,
            "quarter": 2,
            "eps": null,
            "eps_growth_year": null,
            "eps_4q": null,
            "eps_4q_growth_year": null,
            "roe": null,
            "roe_4q": 0,
            "gross_profit": null,
            "gross_margin": null,
            "gross_margin_4q_avg": 0,
            "net_income": null,
            "net_income_4q": null,
            "revenue": null,
            "revenue_4q": null,
            "common_shares": null,
            "book_valuer_per_share": null,
            "book_valuer_per_share_4q_avg": 0,
            "equity": null,
            "current_ratio": null,
            "debt_ratio": null,
            "inventory_turnover_ratio": null,
            "account_receivable_turnover_ratio": null,
            "reinvestment_rate": null,
            "research_to_sale_ratio": null,
            "price_fair": 0,
            "eps_avg_yearly": 0,
            "eps_latest_yearly": 0,
            "eps_growth_yearly": 0
        },
        "20073": {
            "year_quarter": 20073,
            "year": 2007,
            "quarter": 3,
            "eps": null,
            "eps_growth_year": null,
            "eps_4q": null,
            "eps_4q_growth_year": null,
            "roe": null,
            "roe_4q": 0,
            "gross_profit": null,
            "gross_margin": null,
            "gross_margin_4q_avg": 0,
            "net_income": null,
            "net_income_4q": null,
            "revenue": null,
            "revenue_4q": null,
            "common_shares": null,
            "book_valuer_per_share": null,
            "book_valuer_per_share_4q_avg": 0,
            "equity": null,
            "current_ratio": null,
            "debt_ratio": null,
            "inventory_turnover_ratio": null,
            "account_receivable_turnover_ratio": null,
            "reinvestment_rate": null,
            "research_to_sale_ratio": null,
            "price_fair": 0,
            "eps_avg_yearly": 0,
            "eps_latest_yearly": 0,
            "eps_growth_yearly": 0
        },
        "20074": {
            "year_quarter": 20074,
            "year": 2007,
            "quarter": 4,
            "eps": null,
            "eps_growth_year": null,
            "eps_4q": null,
            "eps_4q_growth_year": null,
            "roe": null,
            "roe_4q": 0,
            "gross_profit": null,
            "gross_margin": null,
            "gross_margin_4q_avg": 0,
            "net_income": null,
            "net_income_4q": null,
            "revenue": null,
            "revenue_4q": null,
            "common_shares": null,
            "book_valuer_per_share": null,
            "book_valuer_per_share_4q_avg": 0,
            "equity": null,
            "current_ratio": null,
            "debt_ratio": null,
            "inventory_turnover_ratio": null,
            "account_receivable_turnover_ratio": null,
            "reinvestment_rate": null,
            "research_to_sale_ratio": null,
            "price_fair": 0,
            "eps_avg_yearly": 0,
            "eps_latest_yearly": 0,
            "eps_growth_yearly": 0
        },
        "20081": {
            "year_quarter": 20081,
            "year": 2008,
            "quarter": 1,
            "eps": null,
            "eps_growth_year": null,
            "eps_4q": null,
            "eps_4q_growth_year": null,
            "roe": null,
            "roe_4q": 0,
            "gross_profit": null,
            "gross_margin": null,
            "gross_margin_4q_avg": 0,
            "net_income": null,
            "net_income_4q": null,
            "revenue": null,
            "revenue_4q": null,
            "common_shares": null,
            "book_valuer_per_share": null,
            "book_valuer_per_share_4q_avg": 0,
            "equity": null,
            "current_ratio": null,
            "debt_ratio": null,
            "inventory_turnover_ratio": null,
            "account_receivable_turnover_ratio": null,
            "reinvestment_rate": null,
            "research_to_sale_ratio": null,
            "price_fair": 0,
            "eps_avg_yearly": 0,
            "eps_latest_yearly": 0,
            "eps_growth_yearly": 0
        },
        "20082": {
            "year_quarter": 20082,
            "year": 2008,
            "quarter": 2,
            "eps": null,
            "eps_growth_year": null,
            "eps_4q": null,
            "eps_4q_growth_year": null,
            "roe": null,
            "roe_4q": 0,
            "gross_profit": null,
            "gross_margin": null,
            "gross_margin_4q_avg": 0,
            "net_income": null,
            "net_income_4q": null,
            "revenue": null,
            "revenue_4q": null,
            "common_shares": null,
            "book_valuer_per_share": null,
            "book_valuer_per_share_4q_avg": 0,
            "equity": null,
            "current_ratio": null,
            "debt_ratio": null,
            "inventory_turnover_ratio": null,
            "account_receivable_turnover_ratio": null,
            "reinvestment_rate": null,
            "research_to_sale_ratio": null,
            "price_fair": 0,
            "eps_avg_yearly": 0,
            "eps_latest_yearly": 0,
            "eps_growth_yearly": 0
        },
        "20083": {
            "year_quarter": 20083,
            "year": 2008,
            "quarter": 3,
            "eps": null,
            "eps_growth_year": null,
            "eps_4q": null,
            "eps_4q_growth_year": null,
            "roe": null,
            "roe_4q": 0,
            "gross_profit": null,
            "gross_margin": null,
            "gross_margin_4q_avg": 0,
            "net_income": null,
            "net_income_4q": null,
            "revenue": null,
            "revenue_4q": null,
            "common_shares": null,
            "book_valuer_per_share": null,
            "book_valuer_per_share_4q_avg": 0,
            "equity": null,
            "current_ratio": null,
            "debt_ratio": null,
            "inventory_turnover_ratio": null,
            "account_receivable_turnover_ratio": null,
            "reinvestment_rate": null,
            "research_to_sale_ratio": null,
            "price_fair": 0,
            "eps_avg_yearly": 0,
            "eps_latest_yearly": 0,
            "eps_growth_yearly": 0
        },
        "20084": {
            "year_quarter": 20084,
            "year": 2008,
            "quarter": 4,
            "eps": null,
            "eps_growth_year": null,
            "eps_4q": null,
            "eps_4q_growth_year": null,
            "roe": null,
            "roe_4q": 0,
            "gross_profit": null,
            "gross_margin": null,
            "gross_margin_4q_avg": 0,
            "net_income": null,
            "net_income_4q": null,
            "revenue": null,
            "revenue_4q": null,
            "common_shares": 988000,
            "book_valuer_per_share": null,
            "book_valuer_per_share_4q_avg": 0,
            "equity": 1010731,
            "current_ratio": null,
            "debt_ratio": null,
            "inventory_turnover_ratio": null,
            "account_receivable_turnover_ratio": null,
            "reinvestment_rate": null,
            "research_to_sale_ratio": null,
            "price_fair": 0,
            "eps_avg_yearly": 0,
            "eps_latest_yearly": 0,
            "eps_growth_yearly": 0
        },
        "20091": {
            "year_quarter": 20091,
            "year": 2009,
            "quarter": 1,
            "eps": null,
            "eps_growth_year": null,
            "eps_4q": null,
            "eps_4q_growth_year": null,
            "roe": null,
            "roe_4q": 0,
            "gross_profit": null,
            "gross_margin": null,
            "gross_margin_4q_avg": 0,
            "net_income": null,
            "net_income_4q": null,
            "revenue": null,
            "revenue_4q": null,
            "common_shares": null,
            "book_valuer_per_share": null,
            "book_valuer_per_share_4q_avg": 0,
            "equity": null,
            "current_ratio": null,
            "debt_ratio": null,
            "inventory_turnover_ratio": null,
            "account_receivable_turnover_ratio": null,
            "reinvestment_rate": null,
            "research_to_sale_ratio": null,
            "price_fair": 0,
            "eps_avg_yearly": 0,
            "eps_latest_yearly": 0,
            "eps_growth_yearly": 0
        },
        "20092": {
            "year_quarter": 20092,
            "year": 2009,
            "quarter": 2,
            "eps": null,
            "eps_growth_year": null,
            "eps_4q": null,
            "eps_4q_growth_year": null,
            "roe": null,
            "roe_4q": 0,
            "gross_profit": null,
            "gross_margin": null,
            "gross_margin_4q_avg": 0,
            "net_income": null,
            "net_income_4q": null,
            "revenue": null,
            "revenue_4q": null,
            "common_shares": null,
            "book_valuer_per_share": null,
            "book_valuer_per_share_4q_avg": 0,
            "equity": null,
            "current_ratio": null,
            "debt_ratio": null,
            "inventory_turnover_ratio": null,
            "account_receivable_turnover_ratio": null,
            "reinvestment_rate": null,
            "research_to_sale_ratio": null,
            "price_fair": 0,
            "eps_avg_yearly": 0,
            "eps_latest_yearly": 0,
            "eps_growth_yearly": 0
        },
        "20093": {
            "year_quarter": 20093,
            "year": 2009,
            "quarter": 3,
            "eps": null,
            "eps_growth_year": null,
            "eps_4q": null,
            "eps_4q_growth_year": null,
            "roe": null,
            "roe_4q": 0,
            "gross_profit": null,
            "gross_margin": null,
            "gross_margin_4q_avg": 0,
            "net_income": null,
            "net_income_4q": null,
            "revenue": null,
            "revenue_4q": null,
            "common_shares": null,
            "book_valuer_per_share": null,
            "book_valuer_per_share_4q_avg": 0,
            "equity": null,
            "current_ratio": null,
            "debt_ratio": null,
            "inventory_turnover_ratio": null,
            "account_receivable_turnover_ratio": null,
            "reinvestment_rate": null,
            "research_to_sale_ratio": null,
            "price_fair": 0,
            "eps_avg_yearly": 0,
            "eps_latest_yearly": 0,
            "eps_growth_yearly": 0
        },
        "20094": {
            "year_quarter": 20094,
            "year": 2009,
            "quarter": 4,
            "eps": null,
            "eps_growth_year": null,
            "eps_4q": null,
            "eps_4q_growth_year": null,
            "roe": null,
            "roe_4q": 0,
            "gross_profit": null,
            "gross_margin": null,
            "gross_margin_4q_avg": 0,
            "net_income": null,
            "net_income_4q": null,
            "revenue": null,
            "revenue_4q": null,
            "common_shares": 1088000,
            "book_valuer_per_share": 10.18,
            "book_valuer_per_share_4q_avg": 2.55,
            "equity": 1107204,
            "current_ratio": 316.22,
            "debt_ratio": 22.19,
            "inventory_turnover_ratio": null,
            "account_receivable_turnover_ratio": null,
            "reinvestment_rate": null,
            "research_to_sale_ratio": null,
            "price_fair": 0,
            "eps_avg_yearly": 0,
            "eps_latest_yearly": 0,
            "eps_growth_yearly": 0
        },
        "20101": {
            "year_quarter": 20101,
            "year": 2010,
            "quarter": 1,
            "eps": null,
            "eps_growth_year": null,
            "eps_4q": null,
            "eps_4q_growth_year": null,
            "roe": null,
            "roe_4q": 0,
            "gross_profit": null,
            "gross_margin": null,
            "gross_margin_4q_avg": 0,
            "net_income": null,
            "net_income_4q": null,
            "revenue": null,
            "revenue_4q": null,
            "common_shares": null,
            "book_valuer_per_share": null,
            "book_valuer_per_share_4q_avg": 2.55,
            "equity": null,
            "current_ratio": null,
            "debt_ratio": null,
            "inventory_turnover_ratio": null,
            "account_receivable_turnover_ratio": null,
            "reinvestment_rate": null,
            "research_to_sale_ratio": null,
            "price_fair": 0,
            "eps_avg_yearly": 0,
            "eps_latest_yearly": 0,
            "eps_growth_yearly": 0
        },
        "20102": {
            "year_quarter": 20102,
            "year": 2010,
            "quarter": 2,
            "eps": null,
            "eps_growth_year": null,
            "eps_4q": null,
            "eps_4q_growth_year": null,
            "roe": null,
            "roe_4q": 0,
            "gross_profit": null,
            "gross_margin": null,
            "gross_margin_4q_avg": 0,
            "net_income": null,
            "net_income_4q": null,
            "revenue": null,
            "revenue_4q": null,
            "common_shares": 0,
            "book_valuer_per_share": null,
            "book_valuer_per_share_4q_avg": 2.55,
            "equity": 0,
            "current_ratio": null,
            "debt_ratio": null,
            "inventory_turnover_ratio": null,
            "account_receivable_turnover_ratio": null,
            "reinvestment_rate": null,
            "research_to_sale_ratio": null,
            "price_fair": 0,
            "eps_avg_yearly": 0,
            "eps_latest_yearly": 0,
            "eps_growth_yearly": 0
        },
        "20103": {
            "year_quarter": 20103,
            "year": 2010,
            "quarter": 3,
            "eps": null,
            "eps_growth_year": null,
            "eps_4q": null,
            "eps_4q_growth_year": null,
            "roe": null,
            "roe_4q": 0,
            "gross_profit": null,
            "gross_margin": null,
            "gross_margin_4q_avg": 0,
            "net_income": null,
            "net_income_4q": null,
            "revenue": null,
            "revenue_4q": null,
            "common_shares": null,
            "book_valuer_per_share": null,
            "book_valuer_per_share_4q_avg": 2.55,
            "equity": null,
            "current_ratio": null,
            "debt_ratio": null,
            "inventory_turnover_ratio": null,
            "account_receivable_turnover_ratio": null,
            "reinvestment_rate": null,
            "research_to_sale_ratio": null,
            "price_fair": 0,
            "eps_avg_yearly": 0,
            "eps_latest_yearly": 0,
            "eps_growth_yearly": 0
        },
        "20104": {
            "year_quarter": 20104,
            "year": 2010,
            "quarter": 4,
            "eps": null,
            "eps_growth_year": null,
            "eps_4q": null,
            "eps_4q_growth_year": null,
            "roe": null,
            "roe_4q": 0,
            "gross_profit": null,
            "gross_margin": null,
            "gross_margin_4q_avg": 0,
            "net_income": null,
            "net_income_4q": null,
            "revenue": null,
            "revenue_4q": null,
            "common_shares": 1288000,
            "book_valuer_per_share": 10.56,
            "book_valuer_per_share_4q_avg": 2.64,
            "equity": 1359799,
            "current_ratio": 314.51,
            "debt_ratio": 22.64,
            "inventory_turnover_ratio": null,
            "account_receivable_turnover_ratio": null,
            "reinvestment_rate": null,
            "research_to_sale_ratio": null,
            "price_fair": 0,
            "eps_avg_yearly": 0,
            "eps_latest_yearly": 0,
            "eps_growth_yearly": 0
        },
        "20111": {
            "year_quarter": 20111,
            "year": 2011,
            "quarter": 1,
            "eps": null,
            "eps_growth_year": null,
            "eps_4q": null,
            "eps_4q_growth_year": null,
            "roe": null,
            "roe_4q": 0,
            "gross_profit": null,
            "gross_margin": null,
            "gross_margin_4q_avg": 0,
            "net_income": null,
            "net_income_4q": null,
            "revenue": null,
            "revenue_4q": null,
            "common_shares": null,
            "book_valuer_per_share": null,
            "book_valuer_per_share_4q_avg": 2.64,
            "equity": null,
            "current_ratio": null,
            "debt_ratio": null,
            "inventory_turnover_ratio": null,
            "account_receivable_turnover_ratio": null,
            "reinvestment_rate": null,
            "research_to_sale_ratio": null,
            "price_fair": 0,
            "eps_avg_yearly": 0,
            "eps_latest_yearly": 0,
            "eps_growth_yearly": 0
        },
        "20112": {
            "year_quarter": 20112,
            "year": 2011,
            "quarter": 2,
            "eps": null,
            "eps_growth_year": null,
            "eps_4q": null,
            "eps_4q_growth_year": null,
            "roe": null,
            "roe_4q": 0,
            "gross_profit": null,
            "gross_margin": null,
            "gross_margin_4q_avg": 0,
            "net_income": null,
            "net_income_4q": null,
            "revenue": null,
            "revenue_4q": null,
            "common_shares": 1288940,
            "book_valuer_per_share": 10.78,
            "book_valuer_per_share_4q_avg": 5.34,
            "equity": 1389073,
            "current_ratio": 257.99,
            "debt_ratio": 28.41,
            "inventory_turnover_ratio": null,
            "account_receivable_turnover_ratio": null,
            "reinvestment_rate": null,
            "research_to_sale_ratio": null,
            "price_fair": 0,
            "eps_avg_yearly": 0,
            "eps_latest_yearly": 0,
            "eps_growth_yearly": 0
        },
        "20113": {
            "year_quarter": 20113,
            "year": 2011,
            "quarter": 3,
            "eps": null,
            "eps_growth_year": null,
            "eps_4q": null,
            "eps_4q_growth_year": null,
            "roe": null,
            "roe_4q": 0,
            "gross_profit": null,
            "gross_margin": null,
            "gross_margin_4q_avg": 0,
            "net_income": null,
            "net_income_4q": null,
            "revenue": null,
            "revenue_4q": null,
            "common_shares": null,
            "book_valuer_per_share": null,
            "book_valuer_per_share_4q_avg": 5.34,
            "equity": null,
            "current_ratio": null,
            "debt_ratio": null,
            "inventory_turnover_ratio": null,
            "account_receivable_turnover_ratio": null,
            "reinvestment_rate": null,
            "research_to_sale_ratio": null,
            "price_fair": 0,
            "eps_avg_yearly": 0,
            "eps_latest_yearly": 0,
            "eps_growth_yearly": 0
        },
        "20114": {
            "year_quarter": 20114,
            "year": 2011,
            "quarter": 4,
            "eps": null,
            "eps_growth_year": null,
            "eps_4q": null,
            "eps_4q_growth_year": null,
            "roe": null,
            "roe_4q": 0,
            "gross_profit": null,
            "gross_margin": null,
            "gross_margin_4q_avg": 0,
            "net_income": null,
            "net_income_4q": null,
            "revenue": null,
            "revenue_4q": null,
            "common_shares": 1289090,
            "book_valuer_per_share": 10.9,
            "book_valuer_per_share_4q_avg": 5.42,
            "equity": 1405158,
            "current_ratio": 256.36,
            "debt_ratio": 31.74,
            "inventory_turnover_ratio": null,
            "account_receivable_turnover_ratio": null,
            "reinvestment_rate": null,
            "research_to_sale_ratio": null,
            "price_fair": 0,
            "eps_avg_yearly": 0,
            "eps_latest_yearly": 0,
            "eps_growth_yearly": 0
        },
        "20121": {
            "year_quarter": 20121,
            "year": 2012,
            "quarter": 1,
            "eps": null,
            "eps_growth_year": null,
            "eps_4q": null,
            "eps_4q_growth_year": null,
            "roe": null,
            "roe_4q": 0,
            "gross_profit": null,
            "gross_margin": null,
            "gross_margin_4q_avg": 0,
            "net_income": null,
            "net_income_4q": null,
            "revenue": null,
            "revenue_4q": null,
            "common_shares": null,
            "book_valuer_per_share": null,
            "book_valuer_per_share_4q_avg": 5.42,
            "equity": null,
            "current_ratio": null,
            "debt_ratio": null,
            "inventory_turnover_ratio": null,
            "account_receivable_turnover_ratio": null,
            "reinvestment_rate": null,
            "research_to_sale_ratio": null,
            "price_fair": 0,
            "eps_avg_yearly": 0,
            "eps_latest_yearly": 0,
            "eps_growth_yearly": 0
        },
        "20122": {
            "year_quarter": 20122,
            "year": 2012,
            "quarter": 2,
            "eps": null,
            "eps_growth_year": null,
            "eps_4q": null,
            "eps_4q_growth_year": null,
            "roe": null,
            "roe_4q": 0,
            "gross_profit": null,
            "gross_margin": null,
            "gross_margin_4q_avg": 0,
            "net_income": null,
            "net_income_4q": null,
            "revenue": null,
            "revenue_4q": null,
            "common_shares": 1289090,
            "book_valuer_per_share": 10.77,
            "book_valuer_per_share_4q_avg": 5.42,
            "equity": 1388160,
            "current_ratio": 259.95,
            "debt_ratio": 33.96,
            "inventory_turnover_ratio": null,
            "account_receivable_turnover_ratio": null,
            "reinvestment_rate": null,
            "research_to_sale_ratio": null,
            "price_fair": 0,
            "eps_avg_yearly": 0,
            "eps_latest_yearly": 0,
            "eps_growth_yearly": 0
        },
        "20123": {
            "year_quarter": 20123,
            "year": 2012,
            "quarter": 3,
            "eps": null,
            "eps_growth_year": null,
            "eps_4q": null,
            "eps_4q_growth_year": null,
            "roe": null,
            "roe_4q": 0,
            "gross_profit": null,
            "gross_margin": null,
            "gross_margin_4q_avg": 0,
            "net_income": null,
            "net_income_4q": null,
            "revenue": null,
            "revenue_4q": null,
            "common_shares": null,
            "book_valuer_per_share": null,
            "book_valuer_per_share_4q_avg": 5.42,
            "equity": null,
            "current_ratio": null,
            "debt_ratio": null,
            "inventory_turnover_ratio": null,
            "account_receivable_turnover_ratio": null,
            "reinvestment_rate": null,
            "research_to_sale_ratio": null,
            "price_fair": 0,
            "eps_avg_yearly": 0,
            "eps_latest_yearly": 0,
            "eps_growth_yearly": 0
        },
        "20124": {
            "year_quarter": 20124,
            "year": 2012,
            "quarter": 4,
            "eps": null,
            "eps_growth_year": null,
            "eps_4q": null,
            "eps_4q_growth_year": null,
            "roe": null,
            "roe_4q": 0,
            "gross_profit": null,
            "gross_margin": null,
            "gross_margin_4q_avg": 0,
            "net_income": null,
            "net_income_4q": null,
            "revenue": null,
            "revenue_4q": null,
            "common_shares": 1289090,
            "book_valuer_per_share": 10.52,
            "book_valuer_per_share_4q_avg": 5.32,
            "equity": 1355867,
            "current_ratio": 278.96,
            "debt_ratio": 37.07,
            "inventory_turnover_ratio": null,
            "account_receivable_turnover_ratio": null,
            "reinvestment_rate": null,
            "research_to_sale_ratio": null,
            "price_fair": 0,
            "eps_avg_yearly": 0,
            "eps_latest_yearly": 0,
            "eps_growth_yearly": 0
        },
        "20131": {
            "year_quarter": 20131,
            "year": 2013,
            "quarter": 1,
            "eps": null,
            "eps_growth_year": null,
            "eps_4q": null,
            "eps_4q_growth_year": null,
            "roe": null,
            "roe_4q": 0,
            "gross_profit": null,
            "gross_margin": null,
            "gross_margin_4q_avg": 0,
            "net_income": null,
            "net_income_4q": null,
            "revenue": null,
            "revenue_4q": null,
            "common_shares": null,
            "book_valuer_per_share": null,
            "book_valuer_per_share_4q_avg": 5.32,
            "equity": null,
            "current_ratio": null,
            "debt_ratio": null,
            "inventory_turnover_ratio": null,
            "account_receivable_turnover_ratio": null,
            "reinvestment_rate": null,
            "research_to_sale_ratio": null,
            "price_fair": 0,
            "eps_avg_yearly": 0,
            "eps_latest_yearly": 0,
            "eps_growth_yearly": 0
        },
        "20132": {
            "year_quarter": 20132,
            "year": 2013,
            "quarter": 2,
            "eps": null,
            "eps_growth_year": null,
            "eps_4q": null,
            "eps_4q_growth_year": null,
            "roe": null,
            "roe_4q": 0,
            "gross_profit": null,
            "gross_margin": null,
            "gross_margin_4q_avg": 0,
            "net_income": null,
            "net_income_4q": null,
            "revenue": null,
            "revenue_4q": null,
            "common_shares": 1289090,
            "book_valuer_per_share": 10.88,
            "book_valuer_per_share_4q_avg": 5.35,
            "equity": 1403074,
            "current_ratio": 243.24,
            "debt_ratio": 37.6,
            "inventory_turnover_ratio": null,
            "account_receivable_turnover_ratio": null,
            "reinvestment_rate": null,
            "research_to_sale_ratio": null,
            "price_fair": 0,
            "eps_avg_yearly": 0,
            "eps_latest_yearly": 0,
            "eps_growth_yearly": 0
        },
        "20133": {
            "year_quarter": 20133,
            "year": 2013,
            "quarter": 3,
            "eps": null,
            "eps_growth_year": null,
            "eps_4q": null,
            "eps_4q_growth_year": null,
            "roe": null,
            "roe_4q": 0,
            "gross_profit": null,
            "gross_margin": null,
            "gross_margin_4q_avg": 0,
            "net_income": null,
            "net_income_4q": null,
            "revenue": null,
            "revenue_4q": null,
            "common_shares": null,
            "book_valuer_per_share": null,
            "book_valuer_per_share_4q_avg": 5.35,
            "equity": null,
            "current_ratio": null,
            "debt_ratio": null,
            "inventory_turnover_ratio": null,
            "account_receivable_turnover_ratio": null,
            "reinvestment_rate": null,
            "research_to_sale_ratio": null,
            "price_fair": 0,
            "eps_avg_yearly": 0,
            "eps_latest_yearly": 0,
            "eps_growth_yearly": 0
        },
        "20134": {
            "year_quarter": 20134,
            "year": 2013,
            "quarter": 4,
            "eps": null,
            "eps_growth_year": null,
            "eps_4q": null,
            "eps_4q_growth_year": null,
            "roe": null,
            "roe_4q": 0,
            "gross_profit": null,
            "gross_margin": null,
            "gross_margin_4q_avg": 0,
            "net_income": null,
            "net_income_4q": null,
            "revenue": null,
            "revenue_4q": null,
            "common_shares": 1289090,
            "book_valuer_per_share": 11.05,
            "book_valuer_per_share_4q_avg": 5.48,
            "equity": 1424114,
            "current_ratio": 176.72,
            "debt_ratio": 43.65,
            "inventory_turnover_ratio": null,
            "account_receivable_turnover_ratio": null,
            "reinvestment_rate": null,
            "research_to_sale_ratio": null,
            "price_fair": 0,
            "eps_avg_yearly": 0,
            "eps_latest_yearly": 0,
            "eps_growth_yearly": 0
        },
        "20141": {
            "year_quarter": 20141,
            "year": 2014,
            "quarter": 1,
            "eps": null,
            "eps_growth_year": null,
            "eps_4q": null,
            "eps_4q_growth_year": null,
            "roe": null,
            "roe_4q": 0,
            "gross_profit": null,
            "gross_margin": null,
            "gross_margin_4q_avg": 0,
            "net_income": null,
            "net_income_4q": null,
            "revenue": null,
            "revenue_4q": null,
            "common_shares": null,
            "book_valuer_per_share": null,
            "book_valuer_per_share_4q_avg": 5.48,
            "equity": null,
            "current_ratio": null,
            "debt_ratio": null,
            "inventory_turnover_ratio": null,
            "account_receivable_turnover_ratio": null,
            "reinvestment_rate": null,
            "research_to_sale_ratio": null,
            "price_fair": 0,
            "eps_avg_yearly": 0,
            "eps_latest_yearly": 0,
            "eps_growth_yearly": 0
        },
        "20142": {
            "year_quarter": 20142,
            "year": 2014,
            "quarter": 2,
            "eps": null,
            "eps_growth_year": null,
            "eps_4q": null,
            "eps_4q_growth_year": null,
            "roe": null,
            "roe_4q": 0,
            "gross_profit": null,
            "gross_margin": null,
            "gross_margin_4q_avg": 0,
            "net_income": null,
            "net_income_4q": null,
            "revenue": null,
            "revenue_4q": null,
            "common_shares": 1289090,
            "book_valuer_per_share": 10.72,
            "book_valuer_per_share_4q_avg": 5.44,
            "equity": 1382301,
            "current_ratio": 157.7,
            "debt_ratio": 46.21,
            "inventory_turnover_ratio": null,
            "account_receivable_turnover_ratio": null,
            "reinvestment_rate": null,
            "research_to_sale_ratio": null,
            "price_fair": 0,
            "eps_avg_yearly": 0,
            "eps_latest_yearly": 0,
            "eps_growth_yearly": 0
        },
        "20143": {
            "year_quarter": 20143,
            "year": 2014,
            "quarter": 3,
            "eps": null,
            "eps_growth_year": null,
            "eps_4q": null,
            "eps_4q_growth_year": null,
            "roe": null,
            "roe_4q": 0,
            "gross_profit": null,
            "gross_margin": null,
            "gross_margin_4q_avg": 0,
            "net_income": null,
            "net_income_4q": null,
            "revenue": null,
            "revenue_4q": null,
            "common_shares": null,
            "book_valuer_per_share": null,
            "book_valuer_per_share_4q_avg": 5.44,
            "equity": null,
            "current_ratio": null,
            "debt_ratio": null,
            "inventory_turnover_ratio": null,
            "account_receivable_turnover_ratio": null,
            "reinvestment_rate": null,
            "research_to_sale_ratio": null,
            "price_fair": 0,
            "eps_avg_yearly": 0,
            "eps_latest_yearly": 0,
            "eps_growth_yearly": 0
        },
        "20144": {
            "year_quarter": 20144,
            "year": 2014,
            "quarter": 4,
            "eps": null,
            "eps_growth_year": null,
            "eps_4q": null,
            "eps_4q_growth_year": null,
            "roe": null,
            "roe_4q": 0,
            "gross_profit": null,
            "gross_margin": null,
            "gross_margin_4q_avg": 0,
            "net_income": null,
            "net_income_4q": null,
            "revenue": null,
            "revenue_4q": null,
            "common_shares": 1289090,
            "book_valuer_per_share": 11.11,
            "book_valuer_per_share_4q_avg": 5.46,
            "equity": 1432506,
            "current_ratio": 142.88,
            "debt_ratio": 49.82,
            "inventory_turnover_ratio": null,
            "account_receivable_turnover_ratio": null,
            "reinvestment_rate": null,
            "research_to_sale_ratio": null,
            "price_fair": 0,
            "eps_avg_yearly": 0,
            "eps_latest_yearly": 0,
            "eps_growth_yearly": 0
        },
        "20151": {
            "year_quarter": 20151,
            "year": 2015,
            "quarter": 1,
            "eps": null,
            "eps_growth_year": null,
            "eps_4q": null,
            "eps_4q_growth_year": null,
            "roe": null,
            "roe_4q": 0,
            "gross_profit": null,
            "gross_margin": null,
            "gross_margin_4q_avg": 0,
            "net_income": null,
            "net_income_4q": null,
            "revenue": null,
            "revenue_4q": null,
            "common_shares": null,
            "book_valuer_per_share": null,
            "book_valuer_per_share_4q_avg": 5.46,
            "equity": null,
            "current_ratio": null,
            "debt_ratio": null,
            "inventory_turnover_ratio": null,
            "account_receivable_turnover_ratio": null,
            "reinvestment_rate": null,
            "research_to_sale_ratio": null,
            "price_fair": 0,
            "eps_avg_yearly": 0,
            "eps_latest_yearly": 0,
            "eps_growth_yearly": 0
        },
        "20152": {
            "year_quarter": 20152,
            "year": 2015,
            "quarter": 2,
            "eps": null,
            "eps_growth_year": null,
            "eps_4q": null,
            "eps_4q_growth_year": null,
            "roe": null,
            "roe_4q": 0,
            "gross_profit": null,
            "gross_margin": null,
            "gross_margin_4q_avg": 0,
            "net_income": null,
            "net_income_4q": null,
            "revenue": null,
            "revenue_4q": null,
            "common_shares": 1289090,
            "book_valuer_per_share": 11.03,
            "book_valuer_per_share_4q_avg": 5.54,
            "equity": 1421227,
            "current_ratio": 137.84,
            "debt_ratio": 51.79,
            "inventory_turnover_ratio": null,
            "account_receivable_turnover_ratio": null,
            "reinvestment_rate": null,
            "research_to_sale_ratio": null,
            "price_fair": 0,
            "eps_avg_yearly": 0,
            "eps_latest_yearly": 0,
            "eps_growth_yearly": 0
        },
        "20153": {
            "year_quarter": 20153,
            "year": 2015,
            "quarter": 3,
            "eps": null,
            "eps_growth_year": null,
            "eps_4q": null,
            "eps_4q_growth_year": null,
            "roe": null,
            "roe_4q": 0,
            "gross_profit": null,
            "gross_margin": null,
            "gross_margin_4q_avg": 0,
            "net_income": null,
            "net_income_4q": null,
            "revenue": null,
            "revenue_4q": null,
            "common_shares": null,
            "book_valuer_per_share": null,
            "book_valuer_per_share_4q_avg": 5.54,
            "equity": null,
            "current_ratio": null,
            "debt_ratio": null,
            "inventory_turnover_ratio": null,
            "account_receivable_turnover_ratio": null,
            "reinvestment_rate": null,
            "research_to_sale_ratio": null,
            "price_fair": 0,
            "eps_avg_yearly": 0,
            "eps_latest_yearly": 0,
            "eps_growth_yearly": 0
        },
        "20154": {
            "year_quarter": 20154,
            "year": 2015,
            "quarter": 4,
            "eps": null,
            "eps_growth_year": null,
            "eps_4q": null,
            "eps_4q_growth_year": null,
            "roe": null,
            "roe_4q": 0,
            "gross_profit": null,
            "gross_margin": null,
            "gross_margin_4q_avg": 0,
            "net_income": null,
            "net_income_4q": null,
            "revenue": null,
            "revenue_4q": null,
            "common_shares": 1521130,
            "book_valuer_per_share": 11.56,
            "book_valuer_per_share_4q_avg": 5.65,
            "equity": 1758078,
            "current_ratio": 192.37,
            "debt_ratio": 39.4,
            "inventory_turnover_ratio": null,
            "account_receivable_turnover_ratio": null,
            "reinvestment_rate": null,
            "research_to_sale_ratio": null,
            "price_fair": 0,
            "eps_avg_yearly": 0,
            "eps_latest_yearly": 0,
            "eps_growth_yearly": 0
        },
        "20161": {
            "year_quarter": 20161,
            "year": 2016,
            "quarter": 1,
            "eps": null,
            "eps_growth_year": null,
            "eps_4q": null,
            "eps_4q_growth_year": null,
            "roe": null,
            "roe_4q": 0,
            "gross_profit": null,
            "gross_margin": null,
            "gross_margin_4q_avg": 0,
            "net_income": null,
            "net_income_4q": null,
            "revenue": null,
            "revenue_4q": null,
            "common_shares": null,
            "book_valuer_per_share": null,
            "book_valuer_per_share_4q_avg": 5.65,
            "equity": null,
            "current_ratio": null,
            "debt_ratio": null,
            "inventory_turnover_ratio": null,
            "account_receivable_turnover_ratio": null,
            "reinvestment_rate": null,
            "research_to_sale_ratio": null,
            "price_fair": 0,
            "eps_avg_yearly": 0,
            "eps_latest_yearly": 0,
            "eps_growth_yearly": 0
        },
        "20162": {
            "year_quarter": 20162,
            "year": 2016,
            "quarter": 2,
            "eps": null,
            "eps_growth_year": null,
            "eps_4q": null,
            "eps_4q_growth_year": null,
            "roe": null,
            "roe_4q": 0,
            "gross_profit": null,
            "gross_margin": null,
            "gross_margin_4q_avg": 0,
            "net_income": null,
            "net_income_4q": null,
            "revenue": null,
            "revenue_4q": null,
            "common_shares": 1521130,
            "book_valuer_per_share": 11.62,
            "book_valuer_per_share_4q_avg": 5.8,
            "equity": 1767578,
            "current_ratio": 193.9,
            "debt_ratio": 39.76,
            "inventory_turnover_ratio": null,
            "account_receivable_turnover_ratio": null,
            "reinvestment_rate": null,
            "research_to_sale_ratio": null,
            "price_fair": 0,
            "eps_avg_yearly": 0,
            "eps_latest_yearly": 0,
            "eps_growth_yearly": 0
        },
        "20163": {
            "year_quarter": 20163,
            "year": 2016,
            "quarter": 3,
            "eps": null,
            "eps_growth_year": null,
            "eps_4q": null,
            "eps_4q_growth_year": null,
            "roe": null,
            "roe_4q": 0,
            "gross_profit": null,
            "gross_margin": null,
            "gross_margin_4q_avg": 0,
            "net_income": null,
            "net_income_4q": null,
            "revenue": null,
            "revenue_4q": null,
            "common_shares": null,
            "book_valuer_per_share": null,
            "book_valuer_per_share_4q_avg": 5.8,
            "equity": null,
            "current_ratio": null,
            "debt_ratio": null,
            "inventory_turnover_ratio": null,
            "account_receivable_turnover_ratio": null,
            "reinvestment_rate": null,
            "research_to_sale_ratio": null,
            "price_fair": 0,
            "eps_avg_yearly": 0,
            "eps_latest_yearly": 0,
            "eps_growth_yearly": 0
        },
        "20164": {
            "year_quarter": 20164,
            "year": 2016,
            "quarter": 4,
            "eps": null,
            "eps_growth_year": null,
            "eps_4q": null,
            "eps_4q_growth_year": null,
            "roe": null,
            "roe_4q": 0,
            "gross_profit": null,
            "gross_margin": null,
            "gross_margin_4q_avg": 0,
            "net_income": null,
            "net_income_4q": null,
            "revenue": null,
            "revenue_4q": null,
            "common_shares": null,
            "book_valuer_per_share": null,
            "book_valuer_per_share_4q_avg": 2.91,
            "equity": null,
            "current_ratio": null,
            "debt_ratio": null,
            "inventory_turnover_ratio": null,
            "account_receivable_turnover_ratio": null,
            "reinvestment_rate": null,
            "research_to_sale_ratio": null,
            "price_fair": 0,
            "eps_avg_yearly": 0,
            "eps_latest_yearly": 0,
            "eps_growth_yearly": 0
        },
        "20171": {
            "year_quarter": 20171,
            "year": 2017,
            "quarter": 1,
            "eps": null,
            "eps_growth_year": null,
            "eps_4q": null,
            "eps_4q_growth_year": null,
            "roe": null,
            "roe_4q": 0,
            "gross_profit": null,
            "gross_margin": null,
            "gross_margin_4q_avg": 0,
            "net_income": null,
            "net_income_4q": null,
            "revenue": null,
            "revenue_4q": null,
            "common_shares": null,
            "book_valuer_per_share": null,
            "book_valuer_per_share_4q_avg": 2.91,
            "equity": null,
            "current_ratio": null,
            "debt_ratio": null,
            "inventory_turnover_ratio": null,
            "account_receivable_turnover_ratio": null,
            "reinvestment_rate": null,
            "research_to_sale_ratio": null,
            "price_fair": 0,
            "eps_avg_yearly": 0,
            "eps_latest_yearly": 0,
            "eps_growth_yearly": 0
        },
        "20172": {
            "year_quarter": 20172,
            "year": 2017,
            "quarter": 2,
            "eps": null,
            "eps_growth_year": null,
            "eps_4q": null,
            "eps_4q_growth_year": null,
            "roe": null,
            "roe_4q": 0,
            "gross_profit": null,
            "gross_margin": null,
            "gross_margin_4q_avg": 0,
            "net_income": null,
            "net_income_4q": null,
            "revenue": null,
            "revenue_4q": null,
            "common_shares": 1521130,
            "book_valuer_per_share": 11.01,
            "book_valuer_per_share_4q_avg": 2.75,
            "equity": 1648509,
            "current_ratio": 155.44,
            "debt_ratio": 48.05,
            "inventory_turnover_ratio": null,
            "account_receivable_turnover_ratio": null,
            "reinvestment_rate": null,
            "research_to_sale_ratio": null,
            "price_fair": 0,
            "eps_avg_yearly": 0,
            "eps_latest_yearly": 0,
            "eps_growth_yearly": 0
        },
        "20173": {
            "year_quarter": 20173,
            "year": 2017,
            "quarter": 3,
            "eps": 0.14,
            "eps_growth_year": null,
            "eps_4q": null,
            "eps_4q_growth_year": null,
            "roe": 1.24,
            "roe_4q": 1.24,
            "gross_profit": 119073,
            "gross_margin": 19.14,
            "gross_margin_4q_avg": 4.79,
            "net_income": 20614,
            "net_income_4q": null,
            "revenue": 621996,
            "revenue_4q": null,
            "common_shares": 1521130,
            "book_valuer_per_share": 11.18,
            "book_valuer_per_share_4q_avg": 5.55,
            "equity": 1674023,
            "current_ratio": 140.41,
            "debt_ratio": 50.73,
            "inventory_turnover_ratio": 0.78,
            "account_receivable_turnover_ratio": 1.01,
            "reinvestment_rate": null,
            "research_to_sale_ratio": 3.65,
            "price_fair": 0,
            "eps_avg_yearly": 0,
            "eps_latest_yearly": 0,
            "eps_growth_yearly": 0
        },
        "20174": {
            "year_quarter": 20174,
            "year": 2017,
            "quarter": 4,
            "eps": 0.42,
            "eps_growth_year": null,
            "eps_4q": null,
            "eps_4q_growth_year": null,
            "roe": 3.7,
            "roe_4q": 4.94,
            "gross_profit": 145072,
            "gross_margin": 18.57,
            "gross_margin_4q_avg": 9.43,
            "net_income": 63183,
            "net_income_4q": null,
            "revenue": 781108,
            "revenue_4q": null,
            "common_shares": 1521130,
            "book_valuer_per_share": 11.6,
            "book_valuer_per_share_4q_avg": 8.45,
            "equity": 1736728,
            "current_ratio": 139.61,
            "debt_ratio": 53.36,
            "inventory_turnover_ratio": 0.88,
            "account_receivable_turnover_ratio": 1.16,
            "reinvestment_rate": null,
            "research_to_sale_ratio": 4.04,
            "price_fair": 58.8,
            "eps_avg_yearly": 1.68,
            "eps_latest_yearly": 1.68,
            "eps_growth_yearly": 800
        },
        "20181": {
            "year_quarter": 20181,
            "year": 2018,
            "quarter": 1,
            "eps": 0.27,
            "eps_growth_year": null,
            "eps_4q": null,
            "eps_4q_growth_year": null,
            "roe": 2.32,
            "roe_4q": 7.26,
            "gross_profit": 178587,
            "gross_margin": 21.67,
            "gross_margin_4q_avg": 14.85,
            "net_income": 40898,
            "net_income_4q": null,
            "revenue": 824146,
            "revenue_4q": null,
            "common_shares": 1521130,
            "book_valuer_per_share": 11.92,
            "book_valuer_per_share_4q_avg": 11.43,
            "equity": 1783836,
            "current_ratio": 138.62,
            "debt_ratio": 54.51,
            "inventory_turnover_ratio": 0.82,
            "account_receivable_turnover_ratio": 1.04,
            "reinvestment_rate": null,
            "research_to_sale_ratio": 3.36,
            "price_fair": 48.3,
            "eps_avg_yearly": 1.38,
            "eps_latest_yearly": 1.08,
            "eps_growth_yearly": 328.57
        },
        "20182": {
            "year_quarter": 20182,
            "year": 2018,
            "quarter": 2,
            "eps": 0.2,
            "eps_growth_year": null,
            "eps_4q": 0.91,
            "eps_4q_growth_year": null,
            "roe": 1.58,
            "roe_4q": 8.84,
            "gross_profit": 153925,
            "gross_margin": 18.45,
            "gross_margin_4q_avg": 19.46,
            "net_income": 31401,
            "net_income_4q": null,
            "revenue": 834179,
            "revenue_4q": null,
            "common_shares": 1711280,
            "book_valuer_per_share": 12.79,
            "book_valuer_per_share_4q_avg": 11.87,
            "equity": 2187948,
            "current_ratio": 158.12,
            "debt_ratio": 47.72,
            "inventory_turnover_ratio": 0.73,
            "account_receivable_turnover_ratio": 1.02,
            "reinvestment_rate": null,
            "research_to_sale_ratio": 4.38,
            "price_fair": 41.53,
            "eps_avg_yearly": 1.19,
            "eps_latest_yearly": 0.8,
            "eps_growth_yearly": 184.48
        },
        "20183": {
            "year_quarter": 20183,
            "year": 2018,
            "quarter": 3,
            "eps": 0.29,
            "eps_growth_year": 107.14,
            "eps_4q": 1.07,
            "eps_4q_growth_year": null,
            "roe": 2.13,
            "roe_4q": 9.73,
            "gross_profit": 174286,
            "gross_margin": 20.15,
            "gross_margin_4q_avg": 19.71,
            "net_income": 46902,
            "net_income_4q": null,
            "revenue": 864895,
            "revenue_4q": null,
            "common_shares": 1711280,
            "book_valuer_per_share": 12.95,
            "book_valuer_per_share_4q_avg": 12.32,
            "equity": 2216958,
            "current_ratio": 168.07,
            "debt_ratio": 44.9,
            "inventory_turnover_ratio": 0.65,
            "account_receivable_turnover_ratio": 1.09,
            "reinvestment_rate": null,
            "research_to_sale_ratio": 3.72,
            "price_fair": 41.3,
            "eps_avg_yearly": 1.18,
            "eps_latest_yearly": 1.16,
            "eps_growth_yearly": 183.36
        },
        "20184": {
            "year_quarter": 20184,
            "year": 2018,
            "quarter": 4,
            "eps": 0.17,
            "eps_growth_year": -59.56,
            "eps_4q": 0.87,
            "eps_4q_growth_year": null,
            "roe": 1.31,
            "roe_4q": 7.34,
            "gross_profit": 168214,
            "gross_margin": 19.46,
            "gross_margin_4q_avg": 19.93,
            "net_income": 29212,
            "net_income_4q": null,
            "revenue": 864617,
            "revenue_4q": null,
            "common_shares": 1711280,
            "book_valuer_per_share": 13.15,
            "book_valuer_per_share_4q_avg": 12.7,
            "equity": 2249862,
            "current_ratio": 162.27,
            "debt_ratio": 47.06,
            "inventory_turnover_ratio": 0.62,
            "account_receivable_turnover_ratio": 1.18,
            "reinvestment_rate": null,
            "research_to_sale_ratio": 3.56,
            "price_fair": 37.8,
            "eps_avg_yearly": 1.08,
            "eps_latest_yearly": 0.68,
            "eps_growth_yearly": 113.58
        },
        "20191": {
            "year_quarter": 20191,
            "year": 2019,
            "quarter": 1,
            "eps": 0.27,
            "eps_growth_year": 0,
            "eps_4q": 0.89,
            "eps_4q_growth_year": null,
            "roe": 2,
            "roe_4q": 7.02,
            "gross_profit": 195257,
            "gross_margin": 19.42,
            "gross_margin_4q_avg": 19.37,
            "net_income": 45639,
            "net_income_4q": null,
            "revenue": 1005333,
            "revenue_4q": null,
            "common_shares": 1711280,
            "book_valuer_per_share": 13.49,
            "book_valuer_per_share_4q_avg": 13.1,
            "equity": 2308076,
            "current_ratio": 165.26,
            "debt_ratio": 47.53,
            "inventory_turnover_ratio": 0.69,
            "account_receivable_turnover_ratio": 1.34,
            "reinvestment_rate": null,
            "research_to_sale_ratio": 3.25,
            "price_fair": 37.8,
            "eps_avg_yearly": 1.08,
            "eps_latest_yearly": 1.08,
            "eps_growth_yearly": 133.87
        },
        "20192": {
            "year_quarter": 20192,
            "year": 2019,
            "quarter": 2,
            "eps": 0.3,
            "eps_growth_year": 50,
            "eps_4q": 1.01,
            "eps_4q_growth_year": 10.56,
            "roe": 2.23,
            "roe_4q": 7.670000000000001,
            "gross_profit": 192887,
            "gross_margin": 17.93,
            "gross_margin_4q_avg": 19.24,
            "net_income": 50823,
            "net_income_4q": null,
            "revenue": 1075879,
            "revenue_4q": null,
            "common_shares": 1711280,
            "book_valuer_per_share": 13.2,
            "book_valuer_per_share_4q_avg": 13.2,
            "equity": 2259606,
            "current_ratio": 158.66,
            "debt_ratio": 48.5,
            "inventory_turnover_ratio": 0.75,
            "account_receivable_turnover_ratio": 1.31,
            "reinvestment_rate": null,
            "research_to_sale_ratio": 3.57,
            "price_fair": 38.4,
            "eps_avg_yearly": 1.1,
            "eps_latest_yearly": 1.2,
            "eps_growth_yearly": 121.09
        },
        "20193": {
            "year_quarter": 20193,
            "year": 2019,
            "quarter": 3,
            "eps": 0.37,
            "eps_growth_year": 27.59,
            "eps_4q": 1.11,
            "eps_4q_growth_year": 3.85,
            "roe": 2.79,
            "roe_4q": 8.33,
            "gross_profit": 229206,
            "gross_margin": 21.35,
            "gross_margin_4q_avg": 19.54,
            "net_income": 63740,
            "net_income_4q": null,
            "revenue": 1073475,
            "revenue_4q": null,
            "common_shares": 1711280,
            "book_valuer_per_share": 13.46,
            "book_valuer_per_share_4q_avg": 13.33,
            "equity": 2303429,
            "current_ratio": 151.35,
            "debt_ratio": 49.71,
            "inventory_turnover_ratio": 0.73,
            "account_receivable_turnover_ratio": 1.31,
            "reinvestment_rate": null,
            "research_to_sale_ratio": 3.39,
            "price_fair": 40.08,
            "eps_avg_yearly": 1.15,
            "eps_latest_yearly": 1.48,
            "eps_growth_yearly": 117.62
        },
        "20194": {
            "year_quarter": 20194,
            "year": 2019,
            "quarter": 4,
            "eps": 0.27,
            "eps_growth_year": 57.69,
            "eps_4q": 1.21,
            "eps_4q_growth_year": 38.98,
            "roe": 1.99,
            "roe_4q": 9.01,
            "gross_profit": 223834,
            "gross_margin": 19.51,
            "gross_margin_4q_avg": 19.55,
            "net_income": 46065,
            "net_income_4q": null,
            "revenue": 1147088,
            "revenue_4q": null,
            "common_shares": 1711280,
            "book_valuer_per_share": 13.64,
            "book_valuer_per_share_4q_avg": 13.45,
            "equity": 2333641,
            "current_ratio": 177.04,
            "debt_ratio": 52.52,
            "inventory_turnover_ratio": 0.8,
            "account_receivable_turnover_ratio": 1.4,
            "reinvestment_rate": null,
            "research_to_sale_ratio": 3.42,
            "price_fair": 39.82,
            "eps_avg_yearly": 1.14,
            "eps_latest_yearly": 1.08,
            "eps_growth_yearly": 92.54
        },
        "20201": {
            "year_quarter": 20201,
            "year": 2020,
            "quarter": 1,
            "eps": 0.32,
            "eps_growth_year": 18.52,
            "eps_4q": 1.26,
            "eps_4q_growth_year": 40.85,
            "roe": 2.34,
            "roe_4q": 9.35,
            "gross_profit": 206246,
            "gross_margin": 22.05,
            "gross_margin_4q_avg": 20.21,
            "net_income": 55092,
            "net_income_4q": null,
            "revenue": 935225,
            "revenue_4q": null,
            "common_shares": 1711280,
            "book_valuer_per_share": 13.94,
            "book_valuer_per_share_4q_avg": 13.56,
            "equity": 2385250,
            "current_ratio": 196.54,
            "debt_ratio": 48.74,
            "inventory_turnover_ratio": 0.6,
            "account_receivable_turnover_ratio": 1.28,
            "reinvestment_rate": null,
            "research_to_sale_ratio": 3.52,
            "price_fair": 40.32,
            "eps_avg_yearly": 1.15,
            "eps_latest_yearly": 1.28,
            "eps_growth_yearly": 90.7
        },
        "20202": {
            "year_quarter": 20202,
            "year": 2020,
            "quarter": 2,
            "eps": 0.05,
            "eps_growth_year": -83.33,
            "eps_4q": 1.05,
            "eps_4q_growth_year": 4.43,
            "roe": 0.35,
            "roe_4q": 7.47,
            "gross_profit": 109024,
            "gross_margin": 19.6,
            "gross_margin_4q_avg": 20.63,
            "net_income": 7959,
            "net_income_4q": null,
            "revenue": 556242,
            "revenue_4q": null,
            "common_shares": 1711280,
            "book_valuer_per_share": 12.81,
            "book_valuer_per_share_4q_avg": 13.46,
            "equity": 2101954,
            "current_ratio": 178.34,
            "debt_ratio": 54.09,
            "inventory_turnover_ratio": 0.36,
            "account_receivable_turnover_ratio": 0.89,
            "reinvestment_rate": null,
            "research_to_sale_ratio": 6.16,
            "price_fair": 37.29,
            "eps_avg_yearly": 1.07,
            "eps_latest_yearly": 0.2,
            "eps_growth_yearly": 51.77
        },
        "20203": {
            "year_quarter": 20203,
            "year": 2020,
            "quarter": 3,
            "eps": 0.33,
            "eps_growth_year": -10.81,
            "eps_4q": 0.94,
            "eps_4q_growth_year": -14.96,
            "roe": 2.4,
            "roe_4q": 7.08,
            "gross_profit": 248620,
            "gross_margin": 21.53,
            "gross_margin_4q_avg": 20.67,
            "net_income": 54032,
            "net_income_4q": null,
            "revenue": 1154819,
            "revenue_4q": null,
            "common_shares": 1711280,
            "book_valuer_per_share": 13.87,
            "book_valuer_per_share_4q_avg": 13.57,
            "equity": 2404138,
            "current_ratio": 169.05,
            "debt_ratio": 51.57,
            "inventory_turnover_ratio": 0.8,
            "account_receivable_turnover_ratio": 1.56,
            "reinvestment_rate": null,
            "research_to_sale_ratio": 3.15,
            "price_fair": 38.03,
            "eps_avg_yearly": 1.09,
            "eps_latest_yearly": 1.32,
            "eps_growth_yearly": 234.12
        },
        "20204": {
            "year_quarter": 20204,
            "year": 2020,
            "quarter": 4,
            "eps": 0.15,
            "eps_growth_year": -43.94,
            "eps_4q": 0.82,
            "eps_4q_growth_year": -32.18,
            "roe": 1.08,
            "roe_4q": 6.17,
            "gross_profit": 218791,
            "gross_margin": 19.35,
            "gross_margin_4q_avg": 20.63,
            "net_income": 26505,
            "net_income_4q": null,
            "revenue": 1130431,
            "revenue_4q": null,
            "common_shares": 1814281,
            "book_valuer_per_share": 14.23,
            "book_valuer_per_share_4q_avg": 13.71,
            "equity": 2499713,
            "current_ratio": 159.36,
            "debt_ratio": 52.95,
            "inventory_turnover_ratio": 0.84,
            "account_receivable_turnover_ratio": 1.3,
            "reinvestment_rate": null,
            "research_to_sale_ratio": 3.85,
            "price_fair": 36.72,
            "eps_avg_yearly": 1.05,
            "eps_latest_yearly": 0.6,
            "eps_growth_yearly": 199.33
        },
        "20211": {
            "year_quarter": 20211,
            "year": 2021,
            "quarter": 1,
            "eps": 0.2,
            "eps_growth_year": -37.5,
            "eps_4q": 0.7,
            "eps_4q_growth_year": -44.44,
            "roe": 1.37,
            "roe_4q": 5.199999999999999,
            "gross_profit": 217789,
            "gross_margin": 22.14,
            "gross_margin_4q_avg": 20.66,
            "net_income": 34556,
            "net_income_4q": null,
            "revenue": 983544,
            "revenue_4q": null,
            "common_shares": 1826841,
            "book_valuer_per_share": 14.42,
            "book_valuer_per_share_4q_avg": 13.83,
            "equity": 2532883,
            "current_ratio": 147.99,
            "debt_ratio": 54.5,
            "inventory_turnover_ratio": 0.66,
            "account_receivable_turnover_ratio": 1.19,
            "reinvestment_rate": null,
            "research_to_sale_ratio": 5.3,
            "price_fair": 36.1,
            "eps_avg_yearly": 1.03,
            "eps_latest_yearly": 0.8,
            "eps_growth_yearly": 194.62
        },
        "20212": {
            "year_quarter": 20212,
            "year": 2021,
            "quarter": 2,
            "eps": -0.1,
            "eps_growth_year": -300,
            "eps_4q": 0.56,
            "eps_4q_growth_year": -46.65,
            "roe": -0.66,
            "roe_4q": 4.1899999999999995,
            "gross_profit": 160085,
            "gross_margin": 18.92,
            "gross_margin_4q_avg": 20.49,
            "net_income": -16388,
            "net_income_4q": null,
            "revenue": 845988,
            "revenue_4q": null,
            "common_shares": 1826841,
            "book_valuer_per_share": 13.66,
            "book_valuer_per_share_4q_avg": 14.05,
            "equity": 2400525,
            "current_ratio": 153.22,
            "debt_ratio": 59.36,
            "inventory_turnover_ratio": 0.52,
            "account_receivable_turnover_ratio": 1.12,
            "reinvestment_rate": 71.25,
            "research_to_sale_ratio": 4.45,
            "price_fair": 36.1,
            "eps_avg_yearly": 1.03,
            "eps_latest_yearly": 0.8,
            "eps_growth_yearly": 194.62
        },
        "20213": {
            "year_quarter": 20213,
            "year": 2021,
            "quarter": 3,
            "eps": -0.04,
            "eps_growth_year": -112.12,
            "eps_4q": 0.22,
            "eps_4q_growth_year": -76.73,
            "roe": -0.26,
            "roe_4q": 1.5300000000000002,
            "gross_profit": 159093,
            "gross_margin": 17.41,
            "gross_margin_4q_avg": 19.46,
            "net_income": -6190,
            "net_income_4q": null,
            "revenue": 913681,
            "revenue_4q": null,
            "common_shares": 1826841,
            "book_valuer_per_share": 13.62,
            "book_valuer_per_share_4q_avg": 13.98,
            "equity": 2393391,
            "current_ratio": 143.53,
            "debt_ratio": 61.13,
            "inventory_turnover_ratio": 0.52,
            "account_receivable_turnover_ratio": 1.19,
            "reinvestment_rate": 127.15,
            "research_to_sale_ratio": 5.21,
            "price_fair": 36.1,
            "eps_avg_yearly": 1.03,
            "eps_latest_yearly": 0.8,
            "eps_growth_yearly": 194.62
        },
        "20214": {
            "year_quarter": 20214,
            "year": 2021,
            "quarter": 4,
            "eps": -0.01,
            "eps_growth_year": -105.91,
            "eps_4q": 0.06,
            "eps_4q_growth_year": -92.75,
            "roe": -0.07,
            "roe_4q": 0.3800000000000001,
            "gross_profit": 166935,
            "gross_margin": 19.17,
            "gross_margin_4q_avg": 19.41,
            "net_income": -1566,
            "net_income_4q": null,
            "revenue": 870847,
            "revenue_4q": null,
            "common_shares": 1826841,
            "book_valuer_per_share": 13.64,
            "book_valuer_per_share_4q_avg": 13.84,
            "equity": 2395912,
            "current_ratio": 160.05,
            "debt_ratio": 59.14,
            "inventory_turnover_ratio": 0.44,
            "account_receivable_turnover_ratio": 1.09,
            "reinvestment_rate": 181.37,
            "research_to_sale_ratio": 5.05,
            "price_fair": 34.35,
            "eps_avg_yearly": 0.98,
            "eps_latest_yearly": 0.8,
            "eps_growth_yearly": 148.05
        },
        "20221": {
            "year_quarter": 20221,
            "year": 2022,
            "quarter": 1,
            "eps": 0.06,
            "eps_growth_year": -70,
            "eps_4q": -0.08,
            "eps_4q_growth_year": -110.84,
            "roe": 0.45,
            "roe_4q": -0.54,
            "gross_profit": 135893,
            "gross_margin": 14.66,
            "gross_margin_4q_avg": 17.54,
            "net_income": 10802,
            "net_income_4q": null,
            "revenue": 927026,
            "revenue_4q": null,
            "common_shares": 1827333,
            "book_valuer_per_share": 13.49,
            "book_valuer_per_share_4q_avg": 13.6,
            "equity": 2370085,
            "current_ratio": 155.69,
            "debt_ratio": 59.34,
            "inventory_turnover_ratio": 0.47,
            "account_receivable_turnover_ratio": 1.17,
            "reinvestment_rate": 201.66,
            "research_to_sale_ratio": 4.56,
            "price_fair": 34.07,
            "eps_avg_yearly": 0.97,
            "eps_latest_yearly": 0.8,
            "eps_growth_yearly": 172.29
        },
        "20222": {
            "year_quarter": 20222,
            "year": 2022,
            "quarter": 2,
            "eps": 0.01,
            "eps_growth_year": null,
            "eps_4q": 0.02,
            "eps_4q_growth_year": -95.71,
            "roe": 0.05,
            "roe_4q": 0.16999999999999998,
            "gross_profit": 152450,
            "gross_margin": 14.91,
            "gross_margin_4q_avg": 16.54,
            "net_income": 1190,
            "net_income_4q": null,
            "revenue": 1022807,
            "revenue_4q": null,
            "common_shares": 1827333,
            "book_valuer_per_share": 13.51,
            "book_valuer_per_share_4q_avg": 13.57,
            "equity": 2374921,
            "current_ratio": 160.04,
            "debt_ratio": 58.44,
            "inventory_turnover_ratio": 0.54,
            "account_receivable_turnover_ratio": 1.19,
            "reinvestment_rate": 180.06,
            "research_to_sale_ratio": 4.71,
            "price_fair": 31.85,
            "eps_avg_yearly": 0.91,
            "eps_latest_yearly": 0.04,
            "eps_growth_yearly": 153.15
        },
        "20223": {
            "year_quarter": 20223,
            "year": 2022,
            "quarter": 3,
            "eps": 0.16,
            "eps_growth_year": null,
            "eps_4q": 0.22,
            "eps_4q_growth_year": 0.19,
            "roe": 1.17,
            "roe_4q": 1.5999999999999999,
            "gross_profit": 159535,
            "gross_margin": 17.17,
            "gross_margin_4q_avg": 16.48,
            "net_income": 28153,
            "net_income_4q": null,
            "revenue": 929198,
            "revenue_4q": null,
            "common_shares": 1827333,
            "book_valuer_per_share": 13.83,
            "book_valuer_per_share_4q_avg": 13.62,
            "equity": 2431552,
            "current_ratio": 146.34,
            "debt_ratio": 57.72,
            "inventory_turnover_ratio": 0.51,
            "account_receivable_turnover_ratio": 1.04,
            "reinvestment_rate": 206.62,
            "research_to_sale_ratio": 4.79,
            "price_fair": 30.33,
            "eps_avg_yearly": 0.87,
            "eps_latest_yearly": 0.64,
            "eps_growth_yearly": 638.15
        },
        "20224": {
            "year_quarter": 20224,
            "year": 2022,
            "quarter": 4,
            "eps": -0.13,
            "eps_growth_year": null,
            "eps_4q": 0.09,
            "eps_4q_growth_year": 58.41,
            "roe": -0.98,
            "roe_4q": 0.69,
            "gross_profit": 160281,
            "gross_margin": 16.94,
            "gross_margin_4q_avg": 15.92,
            "net_income": -23642,
            "net_income_4q": null,
            "revenue": 946425,
            "revenue_4q": null,
            "common_shares": 1827796,
            "book_valuer_per_share": 13.74,
            "book_valuer_per_share_4q_avg": 13.64,
            "equity": 2415708,
            "current_ratio": 184.09,
            "debt_ratio": 57.73,
            "inventory_turnover_ratio": 0.52,
            "account_receivable_turnover_ratio": 1.1,
            "reinvestment_rate": 237.48,
            "research_to_sale_ratio": 5.39,
            "price_fair": 30.93,
            "eps_avg_yearly": 0.88,
            "eps_latest_yearly": 0.64,
            "eps_growth_yearly": 711.21
        },
        "20231": {
            "year_quarter": 20231,
            "year": 2023,
            "quarter": 1,
            "eps": 0.02,
            "eps_growth_year": -66.67,
            "eps_4q": 0.05,
            "eps_4q_growth_year": null,
            "roe": 0.16,
            "roe_4q": 0.39999999999999997,
            "gross_profit": 157328,
            "gross_margin": 14.76,
            "gross_margin_4q_avg": 15.95,
            "net_income": 4127,
            "net_income_4q": null,
            "revenue": 1065904,
            "revenue_4q": null,
            "common_shares": 1884108,
            "book_valuer_per_share": 13.98,
            "book_valuer_per_share_4q_avg": 13.77,
            "equity": 2607244,
            "current_ratio": 178.97,
            "debt_ratio": 54.92,
            "inventory_turnover_ratio": 0.6,
            "account_receivable_turnover_ratio": 1.19,
            "reinvestment_rate": 281.52,
            "research_to_sale_ratio": 4.92,
            "price_fair": 30.24,
            "eps_avg_yearly": 0.86,
            "eps_latest_yearly": 0.64,
            "eps_growth_yearly": 758.81
        },
        "20232": {
            "year_quarter": 20232,
            "year": 2023,
            "quarter": 2,
            "eps": 0.04,
            "eps_growth_year": 300,
            "eps_4q": 0.08,
            "eps_4q_growth_year": 229.19,
            "roe": 0.25,
            "roe_4q": 0.6,
            "gross_profit": 116475,
            "gross_margin": 11.36,
            "gross_margin_4q_avg": 15.06,
            "net_income": 6789,
            "net_income_4q": null,
            "revenue": 1025110,
            "revenue_4q": null,
            "common_shares": 1935064,
            "book_valuer_per_share": 14.25,
            "book_valuer_per_share_4q_avg": 13.95,
            "equity": 2770074,
            "current_ratio": 180.31,
            "debt_ratio": 52.24,
            "inventory_turnover_ratio": 0.61,
            "account_receivable_turnover_ratio": 1.07,
            "reinvestment_rate": 313.96,
            "research_to_sale_ratio": 5.34,
            "price_fair": 26.6,
            "eps_avg_yearly": 0.76,
            "eps_latest_yearly": 0.16,
            "eps_growth_yearly": 794.36
        },
        "20233": {
            "year_quarter": 20233,
            "year": 2023,
            "quarter": 3,
            "eps": 0.03,
            "eps_growth_year": -81.25,
            "eps_4q": -0.04,
            "eps_4q_growth_year": -117.9,
            "roe": 0.17,
            "roe_4q": -0.3999999999999999,
            "gross_profit": 152642,
            "gross_margin": 13.65,
            "gross_margin_4q_avg": 14.18,
            "net_income": 4922,
            "net_income_4q": null,
            "revenue": 1117867,
            "revenue_4q": null,
            "common_shares": 2026748,
            "book_valuer_per_share": 14.58,
            "book_valuer_per_share_4q_avg": 14.14,
            "equity": 2894792,
            "current_ratio": 138.55,
            "debt_ratio": 52.32,
            "inventory_turnover_ratio": 0.6,
            "account_receivable_turnover_ratio": 1.12,
            "reinvestment_rate": 412.32,
            "research_to_sale_ratio": 5.64,
            "price_fair": 21.84,
            "eps_avg_yearly": 0.62,
            "eps_latest_yearly": 0.12,
            "eps_growth_yearly": 775.03
        }
    },
    "months": {
        "2010-11": {
            "month": "2010-11",
            "price": "12.70",
            "revenue": 126654
        },
        "2010-12": {
            "month": "2010-12",
            "price": "12.61",
            "revenue": 158729
        },
        "2011-01": {
            "month": "2011-01",
            "price": "14.22",
            "revenue": 76341
        },
        "2011-02": {
            "month": "2011-02",
            "price": "14.20",
            "revenue": 52619
        },
        "2011-03": {
            "month": "2011-03",
            "price": "13.86",
            "revenue": 97052
        },
        "2011-04": {
            "month": "2011-04",
            "price": "13.44",
            "revenue": 80989
        },
        "2011-05": {
            "month": "2011-05",
            "price": "11.98",
            "revenue": 74958
        },
        "2011-06": {
            "month": "2011-06",
            "price": "10.21",
            "revenue": 83951
        },
        "2011-07": {
            "month": "2011-07",
            "price": "9.40",
            "revenue": 68853
        },
        "2011-08": {
            "month": "2011-08",
            "price": "9.09",
            "revenue": 102918
        },
        "2011-09": {
            "month": "2011-09",
            "price": "8.14",
            "revenue": 88781
        },
        "2011-10": {
            "month": "2011-10",
            "price": "7.64",
            "revenue": 70183
        },
        "2011-11": {
            "month": "2011-11",
            "price": "7.46",
            "revenue": 101240
        },
        "2011-12": {
            "month": "2011-12",
            "price": "6.29",
            "revenue": 91643
        },
        "2012-01": {
            "month": "2012-01",
            "price": "6.78",
            "revenue": 71452
        },
        "2012-02": {
            "month": "2012-02",
            "price": "8.12",
            "revenue": 77587
        },
        "2012-03": {
            "month": "2012-03",
            "price": "9.85",
            "revenue": 92401
        },
        "2012-04": {
            "month": "2012-04",
            "price": "9.64",
            "revenue": 90083
        },
        "2012-05": {
            "month": "2012-05",
            "price": "9.81",
            "revenue": 97026
        },
        "2012-06": {
            "month": "2012-06",
            "price": "9.34",
            "revenue": 97020
        },
        "2012-07": {
            "month": "2012-07",
            "price": "8.27",
            "revenue": 127831
        },
        "2012-08": {
            "month": "2012-08",
            "price": "7.07",
            "revenue": 120297
        },
        "2012-09": {
            "month": "2012-09",
            "price": "7.29",
            "revenue": 85629
        },
        "2012-10": {
            "month": "2012-10",
            "price": "7.19",
            "revenue": 79507
        },
        "2012-11": {
            "month": "2012-11",
            "price": "6.92",
            "revenue": 95879
        },
        "2012-12": {
            "month": "2012-12",
            "price": "6.39",
            "revenue": 123262
        },
        "2013-01": {
            "month": "2013-01",
            "price": "6.86",
            "revenue": 161899
        },
        "2013-02": {
            "month": "2013-02",
            "price": "6.74",
            "revenue": 113628
        },
        "2013-03": {
            "month": "2013-03",
            "price": "6.90",
            "revenue": 118132
        },
        "2013-04": {
            "month": "2013-04",
            "price": "6.52",
            "revenue": 145859
        },
        "2013-05": {
            "month": "2013-05",
            "price": "6.86",
            "revenue": 179197
        },
        "2013-06": {
            "month": "2013-06",
            "price": "8.01",
            "revenue": 118264
        },
        "2013-07": {
            "month": "2013-07",
            "price": "7.44",
            "revenue": 88090
        },
        "2013-08": {
            "month": "2013-08",
            "price": "7.31",
            "revenue": 144377
        },
        "2013-09": {
            "month": "2013-09",
            "price": "7.27",
            "revenue": 133731
        },
        "2013-10": {
            "month": "2013-10",
            "price": "7.31",
            "revenue": 171615
        },
        "2013-11": {
            "month": "2013-11",
            "price": "7.26",
            "revenue": 166197
        },
        "2013-12": {
            "month": "2013-12",
            "price": "8.10",
            "revenue": 177194
        },
        "2014-01": {
            "month": "2014-01",
            "price": "9.81",
            "revenue": 168859
        },
        "2014-02": {
            "month": "2014-02",
            "price": "10.02",
            "revenue": 121013
        },
        "2014-03": {
            "month": "2014-03",
            "price": "10.35",
            "revenue": 168807
        },
        "2014-04": {
            "month": "2014-04",
            "price": "10.03",
            "revenue": 156566
        },
        "2014-05": {
            "month": "2014-05",
            "price": "9.97",
            "revenue": 138131
        },
        "2014-06": {
            "month": "2014-06",
            "price": "9.73",
            "revenue": 172059
        },
        "2014-07": {
            "month": "2014-07",
            "price": "9.09",
            "revenue": 182618
        },
        "2014-08": {
            "month": "2014-08",
            "price": "8.54",
            "revenue": 184174
        },
        "2014-09": {
            "month": "2014-09",
            "price": "8.86",
            "revenue": 206684
        },
        "2014-10": {
            "month": "2014-10",
            "price": "7.94",
            "revenue": 164517
        },
        "2014-11": {
            "month": "2014-11",
            "price": "7.26",
            "revenue": 192885
        },
        "2014-12": {
            "month": "2014-12",
            "price": "7.56",
            "revenue": 154881
        },
        "2015-01": {
            "month": "2015-01",
            "price": "8.12",
            "revenue": 179816
        },
        "2015-02": {
            "month": "2015-02",
            "price": "8.23",
            "revenue": 135862
        },
        "2015-03": {
            "month": "2015-03",
            "price": "7.99",
            "revenue": 206984
        },
        "2015-04": {
            "month": "2015-04",
            "price": "7.04",
            "revenue": 219876
        },
        "2015-05": {
            "month": "2015-05",
            "price": "6.79",
            "revenue": 224711
        },
        "2015-06": {
            "month": "2015-06",
            "price": "6.73",
            "revenue": 248390
        },
        "2015-07": {
            "month": "2015-07",
            "price": "6.08",
            "revenue": 184684
        },
        "2015-08": {
            "month": "2015-08",
            "price": "4.95",
            "revenue": 221404
        },
        "2015-09": {
            "month": "2015-09",
            "price": "7.02",
            "revenue": 258798
        },
        "2015-10": {
            "month": "2015-10",
            "price": "7.86",
            "revenue": 240489
        },
        "2015-11": {
            "month": "2015-11",
            "price": "8.19",
            "revenue": 210056
        },
        "2015-12": {
            "month": "2015-12",
            "price": "8.67",
            "revenue": 233738
        },
        "2016-01": {
            "month": "2016-01",
            "price": "8.47",
            "revenue": 211415
        },
        "2016-02": {
            "month": "2016-02",
            "price": "8.92",
            "revenue": 202065
        },
        "2016-03": {
            "month": "2016-03",
            "price": "8.88",
            "revenue": 237319
        },
        "2016-04": {
            "month": "2016-04",
            "price": "8.95",
            "revenue": 202930
        },
        "2016-05": {
            "month": "2016-05",
            "price": "8.76",
            "revenue": 209367
        },
        "2016-06": {
            "month": "2016-06",
            "price": "8.23",
            "revenue": 197394
        },
        "2016-07": {
            "month": "2016-07",
            "price": "9.07",
            "revenue": 189179
        },
        "2016-08": {
            "month": "2016-08",
            "price": "9.02",
            "revenue": 200515
        },
        "2016-09": {
            "month": "2016-09",
            "price": "8.60",
            "revenue": 200757
        },
        "2016-10": {
            "month": "2016-10",
            "price": "9.03",
            "revenue": 201754
        },
        "2016-11": {
            "month": "2016-11",
            "price": "8.65",
            "revenue": 222104
        },
        "2016-12": {
            "month": "2016-12",
            "price": "8.26",
            "revenue": 196524
        },
        "2017-01": {
            "month": "2017-01",
            "price": "10.77",
            "revenue": 186974
        },
        "2017-02": {
            "month": "2017-02",
            "price": "15.01",
            "revenue": 151368
        },
        "2017-03": {
            "month": "2017-03",
            "price": "19.43",
            "revenue": 225315
        },
        "2017-04": {
            "month": "2017-04",
            "price": "24.86",
            "revenue": 183518
        },
        "2017-05": {
            "month": "2017-05",
            "price": "22.80",
            "revenue": 262280
        },
        "2017-06": {
            "month": "2017-06",
            "price": "25.77",
            "revenue": 223228
        },
        "2017-07": {
            "month": "2017-07",
            "price": "25.27",
            "revenue": 144457
        },
        "2017-08": {
            "month": "2017-08",
            "price": "22.07",
            "revenue": 234015
        },
        "2017-09": {
            "month": "2017-09",
            "price": "25.39",
            "revenue": 243524
        },
        "2017-10": {
            "month": "2017-10",
            "price": "24.55",
            "revenue": 262691
        },
        "2017-11": {
            "month": "2017-11",
            "price": "22.02",
            "revenue": 262759
        },
        "2017-12": {
            "month": "2017-12",
            "price": "21.48",
            "revenue": 255658
        },
        "2018-01": {
            "month": "2018-01",
            "price": "25.99",
            "revenue": 227128
        },
        "2018-02": {
            "month": "2018-02",
            "price": "24.86",
            "revenue": 300432
        },
        "2018-03": {
            "month": "2018-03",
            "price": "26.13",
            "revenue": 296524
        },
        "2018-04": {
            "month": "2018-04",
            "price": "26.15",
            "revenue": 291370
        },
        "2018-05": {
            "month": "2018-05",
            "price": "24.11",
            "revenue": 283543
        },
        "2018-06": {
            "month": "2018-06",
            "price": "24.48",
            "revenue": 259328
        },
        "2018-07": {
            "month": "2018-07",
            "price": "22.59",
            "revenue": 260556
        },
        "2018-08": {
            "month": "2018-08",
            "price": "20.40",
            "revenue": 304670
        },
        "2018-09": {
            "month": "2018-09",
            "price": "18.89",
            "revenue": 299668
        },
        "2018-10": {
            "month": "2018-10",
            "price": "14.89",
            "revenue": 345984
        },
        "2018-11": {
            "month": "2018-11",
            "price": "17.00",
            "revenue": 279899
        },
        "2018-12": {
            "month": "2018-12",
            "price": "18.18",
            "revenue": 238734
        },
        "2019-01": {
            "month": "2019-01",
            "price": "16.47",
            "revenue": 309049
        },
        "2019-02": {
            "month": "2019-02",
            "price": "17.34",
            "revenue": 330476
        },
        "2019-03": {
            "month": "2019-03",
            "price": "18.70",
            "revenue": 365807
        },
        "2019-04": {
            "month": "2019-04",
            "price": "21.54",
            "revenue": 357673
        },
        "2019-05": {
            "month": "2019-05",
            "price": "18.22",
            "revenue": 342569
        },
        "2019-06": {
            "month": "2019-06",
            "price": "17.87",
            "revenue": 375638
        },
        "2019-07": {
            "month": "2019-07",
            "price": "20.14",
            "revenue": 307490
        },
        "2019-08": {
            "month": "2019-08",
            "price": "19.45",
            "revenue": 374466
        },
        "2019-09": {
            "month": "2019-09",
            "price": "21.01",
            "revenue": 391519
        },
        "2019-10": {
            "month": "2019-10",
            "price": "22.27",
            "revenue": 434050
        },
        "2019-11": {
            "month": "2019-11",
            "price": "25.04",
            "revenue": 347585
        },
        "2019-12": {
            "month": "2019-12",
            "price": "26.16",
            "revenue": 365452
        },
        "2020-01": {
            "month": "2020-01",
            "price": "26.88",
            "revenue": 321461
        },
        "2020-02": {
            "month": "2020-02",
            "price": "25.02",
            "revenue": 306818
        },
        "2020-03": {
            "month": "2020-03",
            "price": "18.58",
            "revenue": 306946
        },
        "2020-04": {
            "month": "2020-04",
            "price": "17.69",
            "revenue": 72214
        },
        "2020-05": {
            "month": "2020-05",
            "price": "19.70",
            "revenue": 123270
        },
        "2020-06": {
            "month": "2020-06",
            "price": "21.77",
            "revenue": 360759
        },
        "2020-07": {
            "month": "2020-07",
            "price": "25.03",
            "revenue": 365020
        },
        "2020-08": {
            "month": "2020-08",
            "price": "26.65",
            "revenue": 408005
        },
        "2020-09": {
            "month": "2020-09",
            "price": "33.27",
            "revenue": 381794
        },
        "2020-10": {
            "month": "2020-10",
            "price": "34.74",
            "revenue": 399491
        },
        "2020-11": {
            "month": "2020-11",
            "price": "34.32",
            "revenue": 399324
        },
        "2020-12": {
            "month": "2020-12",
            "price": "32.45",
            "revenue": 331616
        },
        "2021-01": {
            "month": "2021-01",
            "price": "33.00",
            "revenue": 323363
        },
        "2021-02": {
            "month": "2021-02",
            "price": "31.75",
            "revenue": 290499
        },
        "2021-03": {
            "month": "2021-03",
            "price": "30.90",
            "revenue": 369682
        },
        "2021-04": {
            "month": "2021-04",
            "price": "31.20",
            "revenue": 287847
        },
        "2021-05": {
            "month": "2021-05",
            "price": "27.70",
            "revenue": 288306
        },
        "2021-06": {
            "month": "2021-06",
            "price": "28.59",
            "revenue": 269836
        },
        "2021-07": {
            "month": "2021-07",
            "price": "27.12",
            "revenue": 272439
        },
        "2021-08": {
            "month": "2021-08",
            "price": "24.18",
            "revenue": 307179
        },
        "2021-09": {
            "month": "2021-09",
            "price": "25.48",
            "revenue": 334062
        },
        "2021-10": {
            "month": "2021-10",
            "price": "27.39",
            "revenue": 290882
        },
        "2021-11": {
            "month": "2021-11",
            "price": "26.68",
            "revenue": 316433
        },
        "2021-12": {
            "month": "2021-12",
            "price": "26.94",
            "revenue": 263532
        },
        "2022-01": {
            "month": "2022-01",
            "price": "28.48",
            "revenue": 377905
        },
        "2022-02": {
            "month": "2022-02",
            "price": "29.46",
            "revenue": 252784
        },
        "2022-03": {
            "month": "2022-03",
            "price": "26.70",
            "revenue": 296338
        },
        "2022-04": {
            "month": "2022-04",
            "price": "24.35",
            "revenue": 310487
        },
        "2022-05": {
            "month": "2022-05",
            "price": "24.36",
            "revenue": 317482
        },
        "2022-06": {
            "month": "2022-06",
            "price": "24.62",
            "revenue": 394838
        },
        "2022-07": {
            "month": "2022-07",
            "price": "22.79",
            "revenue": 250458
        },
        "2022-08": {
            "month": "2022-08",
            "price": "23.70",
            "revenue": 335853
        },
        "2022-09": {
            "month": "2022-09",
            "price": "24.04",
            "revenue": 342887
        },
        "2022-10": {
            "month": "2022-10",
            "price": "21.22",
            "revenue": 362028
        },
        "2022-11": {
            "month": "2022-11",
            "price": "22.03",
            "revenue": 363597
        },
        "2022-12": {
            "month": "2022-12",
            "price": "24.15",
            "revenue": 220800
        },
        "2023-01": {
            "month": "2023-01",
            "price": "23.02",
            "revenue": 347908
        },
        "2023-02": {
            "month": "2023-02",
            "price": "25.09",
            "revenue": 302748
        },
        "2023-03": {
            "month": "2023-03",
            "price": "29.14",
            "revenue": 415248
        },
        "2023-04": {
            "month": "2023-04",
            "price": "31.73",
            "revenue": 309538
        },
        "2023-05": {
            "month": "2023-05",
            "price": "32.06",
            "revenue": 370297
        },
        "2023-06": {
            "month": "2023-06",
            "price": "33.72",
            "revenue": 345275
        },
        "2023-07": {
            "month": "2023-07",
            "price": "33.01",
            "revenue": 323475
        },
        "2023-08": {
            "month": "2023-08",
            "price": "29.65",
            "revenue": 383401
        },
        "2023-09": {
            "month": "2023-09",
            "price": "30.42",
            "revenue": 410991
        },
        "2023-10": {
            "month": "2023-10",
            "price": "31.47",
            "revenue": 388175
        },
        "2023-11": {
            "month": "2023-11",
            "price": "29.59",
            "revenue": 380128
        },
        "2023-12": {
            "month": "2023-12",
            "price": "31.49",
            "revenue": 348170
        }
    }
}
