{
    "summary": {
        "stock_name": "華上",
        "stock_id": "6289",
        "category": "光電",
        "main_business": "電子零組件製造業<br>電子材料批發業<br>電子材料零售業",
        "website_url": "http://www.aocepi.com",
        "ceo": "呂芳城(代理)",
        "pe_ratio": -5,
        "report_year_from": 2001,
        "report_year_to": 2022,
        "age": 22,
        "eps_negative_percentage": 62,
        "eps_growth_avg": {
            "last_all": -39.69,
            "last_2y": null,
            "last_4y": -100,
            "last_8y": -100,
            "last_12y": -100,
            "last_16y": -72.63,
            "last_20y": null,
            "at_2006_last_3y": 16.74,
            "at_2007_last_3y": -29.38,
            "at_2008_last_3y": -56.38,
            "at_2009_last_3y": -54.38,
            "at_2010_last_3y": -92.25,
            "at_2011_last_3y": -100,
            "at_2012_last_3y": -100,
            "at_2013_last_3y": -100,
            "at_2014_last_3y": -100,
            "at_2015_last_3y": null,
            "at_2016_last_3y": null,
            "at_2017_last_3y": null,
            "at_2018_last_3y": null,
            "at_2019_last_3y": -100,
            "at_2020_last_3y": -100,
            "at_2021_last_3y": -100,
            "at_2022_last_3y": -100,
            "at_2023_last_3y": -100,
            "at_2006_last_all": 16.74,
            "at_2007_last_all": -3.51,
            "at_2008_last_all": -19.59,
            "at_2009_last_all": -19.59,
            "at_2010_last_all": -19.59,
            "at_2011_last_all": -31.08,
            "at_2012_last_all": -31.08,
            "at_2013_last_all": -31.08,
            "at_2014_last_all": -31.08,
            "at_2015_last_all": -31.08,
            "at_2016_last_all": -31.08,
            "at_2017_last_all": -31.08,
            "at_2018_last_all": -31.08,
            "at_2019_last_all": -39.69,
            "at_2020_last_all": -39.69,
            "at_2021_last_all": -39.69,
            "at_2022_last_all": -39.69,
            "at_2023_last_all": -39.69
        },
        "latest_eps": -0.29,
        "latest_price": 1.35,
        "latest_roe": 230.57,
        "latest_gross_margin": -318.42,
        "latest_equity": -27844,
        "latest_revenue": 7119,
        "latest_gross_profit": -22668,
        "latest_net_income": -28347,
        "latest_debt_ratio": 111.46,
        "latest_current_ratio": 82.06,
        "latest_account_receivable_turnover_ratio": 0.14,
        "latest_inventory_turnover_ratio": 0.5,
        "latest_reinvestment_rate": null,
        "latest_research_to_sale_ratio": null
    },
    "eps_dividends": {
        "2001": {
            "cash": 0,
            "stock": 0,
            "eps": 0
        },
        "2002": {
            "cash": 0,
            "stock": 0,
            "eps": 1.24
        },
        "2003": {
            "cash": 1,
            "stock": 0,
            "eps": 2.88
        },
        "2004": {
            "cash": 2,
            "stock": 1,
            "eps": 3.11
        },
        "2005": {
            "cash": 1,
            "stock": 0,
            "eps": 1.17
        },
        "2006": {
            "cash": 0,
            "stock": 0,
            "eps": 1.42
        },
        "2007": {
            "cash": 1,
            "stock": 0,
            "eps": 0.22
        },
        "2008": {
            "cash": 0,
            "stock": 0,
            "eps": -5.19
        },
        "2009": {
            "cash": 0,
            "stock": 0,
            "eps": -10.94
        },
        "2010": {
            "cash": 0,
            "stock": 0,
            "eps": 0.02
        },
        "2011": {
            "cash": 0,
            "stock": 0,
            "eps": -2.09
        },
        "2012": {
            "cash": 0,
            "stock": 0,
            "eps": -1.99
        },
        "2013": {
            "cash": 0,
            "stock": 0,
            "eps": -2.19
        },
        "2014": {
            "cash": 0,
            "stock": 0,
            "eps": -1.55
        },
        "2015": {
            "cash": 0,
            "stock": 0,
            "eps": -0.99
        },
        "2016": {
            "cash": 0,
            "stock": 0,
            "eps": -0.59
        },
        "2017": {
            "cash": 0,
            "stock": 0,
            "eps": -0.49
        },
        "2018": {
            "cash": 0,
            "stock": 0,
            "eps": 0.27
        },
        "2019": {
            "cash": 0,
            "stock": 0,
            "eps": -0.78
        },
        "2020": {
            "cash": 0,
            "stock": 0,
            "eps": -0.8
        },
        "2021": {
            "cash": 0,
            "stock": 0,
            "eps": -0.01
        },
        "2022": {
            "cash": 0,
            "stock": 0,
            "eps": -0.29
        }
    },
    "dividends": {
        "2003-02-13": {
            "cash": 0.5,
            "stock": 0
        },
        "2004-04-06": {
            "cash": 1.9,
            "stock": 0.5
        },
        "2005-03-25": {
            "cash": 1.48,
            "stock": 0.49
        },
        "2006-02-20": {
            "cash": 0.42,
            "stock": 0.42
        },
        "2007-03-22": {
            "cash": 0.68,
            "stock": 0.29
        }
    },
    "prices": {
        "200101": "無",
        "200102": "無",
        "200103": "無",
        "200104": "無",
        "200105": "無",
        "200106": "無",
        "200107": "無",
        "200108": "無",
        "200109": "無",
        "200110": "無",
        "200111": "無",
        "200112": "無",
        "200201": "無",
        "200202": "無",
        "200203": "無",
        "200204": "無",
        "200205": "無",
        "200206": "無",
        "200207": "無",
        "200208": "無",
        "200209": "無",
        "200210": "無",
        "200211": "無",
        "200212": "無",
        "200301": "無",
        "200302": "無",
        "200303": "無",
        "200304": "無",
        "200305": "無",
        "200306": "無",
        "200307": "無",
        "200308": "37.80",
        "200309": "32.23",
        "200310": "30.19",
        "200311": "30.70",
        "200312": "35.24",
        "200401": "38.77",
        "200402": "44.74",
        "200403": "39.85",
        "200404": "38.50",
        "200405": "31.66",
        "200406": "31.27",
        "200407": "24.55",
        "200408": "21.34",
        "200409": "24.24",
        "200410": "24.35",
        "200411": "23.18",
        "200412": "23.38",
        "200501": "22.02",
        "200502": "22.81",
        "200503": "26.86",
        "200504": "27.20",
        "200505": "23.94",
        "200506": "24.85",
        "200507": "22.70",
        "200508": "19.71",
        "200509": "19.30",
        "200510": "20.10",
        "200511": "21.57",
        "200512": "24.52",
        "200601": "27.22",
        "200602": "25.69",
        "200603": "31.43",
        "200604": "43.09",
        "200605": "47.22",
        "200606": "40.56",
        "200607": "38.16",
        "200608": "37.72",
        "200609": "34.41",
        "200610": "33.06",
        "200611": "32.96",
        "200612": "36.57",
        "200701": "40.87",
        "200702": "46.40",
        "200703": "45.54",
        "200704": "46.10",
        "200705": "42.14",
        "200706": "45.48",
        "200707": "54.22",
        "200708": "50.92",
        "200709": "48.64",
        "200710": "46.81",
        "200711": "32.80",
        "200712": "30.00",
        "200801": "27.58",
        "200802": "23.91",
        "200803": "23.65",
        "200804": "24.69",
        "200805": "25.94",
        "200806": "20.26",
        "200807": "12.88",
        "200808": "13.15",
        "200809": "9.47",
        "200810": "6.62",
        "200811": "3.53",
        "200812": "3.97",
        "200901": "3.95",
        "200902": "5.89",
        "200903": "8.49",
        "200904": "10.06",
        "200905": "10.32",
        "200906": "10.07",
        "200907": "11.58",
        "200908": "12.12",
        "200909": "12.80",
        "200910": "12.80",
        "200911": "11.78",
        "200912": "12.28",
        "201001": "11.72",
        "201002": "9.44",
        "201003": "10.11",
        "201004": "9.31",
        "201005": "7.06",
        "201006": "7.47",
        "201007": "7.40",
        "201008": "8.09",
        "201009": "8.25",
        "201010": "7.84",
        "201011": "7.27",
        "201012": "7.79",
        "201101": "9.83",
        "201102": "9.48",
        "201103": "9.88",
        "201104": "12.17",
        "201105": "10.59",
        "201106": "10.30",
        "201107": "9.26",
        "201108": "6.27",
        "201109": "4.81",
        "201110": "5.51",
        "201111": "4.89",
        "201112": "4.17",
        "201201": "4.60",
        "201202": "7.10",
        "201203": "7.37",
        "201204": "6.36",
        "201205": "6.01",
        "201206": "5.52",
        "201207": "4.78",
        "201208": "4.42",
        "201209": "4.43",
        "201210": "3.96",
        "201211": "3.56",
        "201212": "4.01",
        "201301": "4.59",
        "201302": "4.65",
        "201303": "4.47",
        "201304": "4.21",
        "201305": "4.42",
        "201306": "4.34",
        "201307": "4.15",
        "201308": "3.42",
        "201309": "3.30",
        "201310": "3.62",
        "201311": "3.27",
        "201312": "3.61",
        "201401": "5.13",
        "201402": "5.13",
        "201403": "5.07",
        "201404": "3.42",
        "201405": "2.84",
        "201406": "3.35",
        "201407": "3.09",
        "201408": "2.80",
        "201409": "2.79",
        "201410": "2.28",
        "201411": "1.82",
        "201412": "2.09",
        "201501": "2.10",
        "201502": "2.02",
        "201503": "2.01",
        "201504": "1.88",
        "201505": "1.78",
        "201506": "1.67",
        "201507": "1.31",
        "201508": "0.97",
        "201509": "1.02",
        "201510": "1.16",
        "201511": "1.25",
        "201512": "1.13",
        "201601": "1.13",
        "201602": "1.06",
        "201603": "1.16",
        "201604": "1.13",
        "201605": "1.05",
        "201606": "1.07",
        "201607": "1.28",
        "201608": "1.25",
        "201609": "1.25",
        "201610": "1.30",
        "201611": "1.55",
        "201612": "1.93",
        "201701": "1.87",
        "201702": "2.16",
        "201703": "3.09",
        "201704": "2.99",
        "201705": "2.85",
        "201706": "2.41",
        "201707": "2.10",
        "201708": "2.11",
        "201709": "2.86",
        "201710": "2.84",
        "201711": "2.53",
        "201712": "2.15",
        "201801": "2.16",
        "201802": "2.13",
        "201803": "2.11",
        "201804": "1.95",
        "201805": "1.79",
        "201806": "1.76",
        "201807": "1.62",
        "201808": "1.80",
        "201809": "1.59",
        "201810": "1.35",
        "201811": "1.25",
        "201812": "1.16",
        "201901": "1.20",
        "201902": "1.29",
        "201903": "1.06",
        "201904": "0.82",
        "201905": "0.67",
        "201906": "0.63",
        "201907": "0.57",
        "201908": "0.58",
        "201909": "0.54",
        "201910": "0.58",
        "201911": "0.74",
        "201912": "0.91",
        "202001": "0.84",
        "202002": "0.86",
        "202003": "1.70",
        "202004": "1.86",
        "202005": "1.78",
        "202006": "1.81",
        "202007": "2.04",
        "202008": "2.13",
        "202009": "4.37",
        "202010": "4.17",
        "202011": "3.64",
        "202012": "3.39",
        "202101": "3.58",
        "202102": "3.05",
        "202103": "3.00",
        "202104": "3.38",
        "202105": "3.10",
        "202106": "2.97",
        "202107": "3.23",
        "202108": "2.98",
        "202109": "2.78",
        "202110": "2.70",
        "202111": "2.59",
        "202112": "2.50",
        "202201": "3.33",
        "202202": "3.14",
        "202203": "3.24",
        "202204": "2.99",
        "202205": "2.63",
        "202206": "2.76",
        "202207": "2.50",
        "202208": "1.94",
        "202209": "1.40",
        "202210": "無",
        "202211": "無",
        "202212": "無",
        "202301": "無",
        "202302": "無",
        "202303": "無",
        "202304": "無",
        "202305": "無"
    },
    "quarters": {
        "20011": {
            "year_quarter": 20011,
            "year": 2001,
            "quarter": 1,
            "eps": null,
            "eps_growth_year": null,
            "eps_4q": null,
            "eps_4q_growth_year": null,
            "roe": null,
            "roe_4q": 0,
            "gross_profit": null,
            "gross_margin": null,
            "gross_margin_4q_avg": 0,
            "net_income": null,
            "revenue": null,
            "common_shares": null,
            "book_valuer_per_share": null,
            "book_valuer_per_share_4q_avg": 0,
            "equity": null,
            "current_ratio": null,
            "debt_ratio": null,
            "inventory_turnover_ratio": null,
            "account_receivable_turnover_ratio": null,
            "reinvestment_rate": null,
            "research_to_sale_ratio": null,
            "price_fair": 0,
            "eps_avg_yearly": 0,
            "eps_latest_yearly": 0,
            "eps_growth_yearly": 0
        },
        "20012": {
            "year_quarter": 20012,
            "year": 2001,
            "quarter": 2,
            "eps": null,
            "eps_growth_year": null,
            "eps_4q": null,
            "eps_4q_growth_year": null,
            "roe": null,
            "roe_4q": 0,
            "gross_profit": null,
            "gross_margin": null,
            "gross_margin_4q_avg": 0,
            "net_income": null,
            "revenue": null,
            "common_shares": null,
            "book_valuer_per_share": null,
            "book_valuer_per_share_4q_avg": 0,
            "equity": null,
            "current_ratio": null,
            "debt_ratio": null,
            "inventory_turnover_ratio": null,
            "account_receivable_turnover_ratio": null,
            "reinvestment_rate": null,
            "research_to_sale_ratio": null,
            "price_fair": 0,
            "eps_avg_yearly": 0,
            "eps_latest_yearly": 0,
            "eps_growth_yearly": 0
        },
        "20013": {
            "year_quarter": 20013,
            "year": 2001,
            "quarter": 3,
            "eps": null,
            "eps_growth_year": null,
            "eps_4q": null,
            "eps_4q_growth_year": null,
            "roe": null,
            "roe_4q": 0,
            "gross_profit": null,
            "gross_margin": null,
            "gross_margin_4q_avg": 0,
            "net_income": null,
            "revenue": null,
            "common_shares": null,
            "book_valuer_per_share": null,
            "book_valuer_per_share_4q_avg": 0,
            "equity": null,
            "current_ratio": null,
            "debt_ratio": null,
            "inventory_turnover_ratio": null,
            "account_receivable_turnover_ratio": null,
            "reinvestment_rate": null,
            "research_to_sale_ratio": null,
            "price_fair": 0,
            "eps_avg_yearly": 0,
            "eps_latest_yearly": 0,
            "eps_growth_yearly": 0
        },
        "20014": {
            "year_quarter": 20014,
            "year": 2001,
            "quarter": 4,
            "eps": null,
            "eps_growth_year": null,
            "eps_4q": null,
            "eps_4q_growth_year": null,
            "roe": null,
            "roe_4q": 0,
            "gross_profit": null,
            "gross_margin": null,
            "gross_margin_4q_avg": 0,
            "net_income": null,
            "revenue": null,
            "common_shares": 1312500,
            "book_valuer_per_share": 10.86,
            "book_valuer_per_share_4q_avg": 2.72,
            "equity": 1425177,
            "current_ratio": 392.53,
            "debt_ratio": 19.07,
            "inventory_turnover_ratio": null,
            "account_receivable_turnover_ratio": null,
            "reinvestment_rate": null,
            "research_to_sale_ratio": null,
            "price_fair": 0,
            "eps_avg_yearly": 0,
            "eps_latest_yearly": 0,
            "eps_growth_yearly": 0
        },
        "20021": {
            "year_quarter": 20021,
            "year": 2002,
            "quarter": 1,
            "eps": null,
            "eps_growth_year": null,
            "eps_4q": null,
            "eps_4q_growth_year": null,
            "roe": null,
            "roe_4q": 0,
            "gross_profit": null,
            "gross_margin": null,
            "gross_margin_4q_avg": 0,
            "net_income": null,
            "revenue": null,
            "common_shares": null,
            "book_valuer_per_share": null,
            "book_valuer_per_share_4q_avg": 2.72,
            "equity": null,
            "current_ratio": null,
            "debt_ratio": null,
            "inventory_turnover_ratio": null,
            "account_receivable_turnover_ratio": null,
            "reinvestment_rate": null,
            "research_to_sale_ratio": null,
            "price_fair": 0,
            "eps_avg_yearly": 0,
            "eps_latest_yearly": 0,
            "eps_growth_yearly": 0
        },
        "20022": {
            "year_quarter": 20022,
            "year": 2002,
            "quarter": 2,
            "eps": null,
            "eps_growth_year": null,
            "eps_4q": null,
            "eps_4q_growth_year": null,
            "roe": null,
            "roe_4q": 0,
            "gross_profit": null,
            "gross_margin": null,
            "gross_margin_4q_avg": 0,
            "net_income": null,
            "revenue": null,
            "common_shares": null,
            "book_valuer_per_share": null,
            "book_valuer_per_share_4q_avg": 2.72,
            "equity": null,
            "current_ratio": null,
            "debt_ratio": null,
            "inventory_turnover_ratio": null,
            "account_receivable_turnover_ratio": null,
            "reinvestment_rate": null,
            "research_to_sale_ratio": null,
            "price_fair": 0,
            "eps_avg_yearly": 0,
            "eps_latest_yearly": 0,
            "eps_growth_yearly": 0
        },
        "20023": {
            "year_quarter": 20023,
            "year": 2002,
            "quarter": 3,
            "eps": 0.71,
            "eps_growth_year": null,
            "eps_4q": null,
            "eps_4q_growth_year": null,
            "roe": 6.17,
            "roe_4q": 6.17,
            "gross_profit": 104822,
            "gross_margin": 27.74,
            "gross_margin_4q_avg": 6.94,
            "net_income": 93335,
            "revenue": 377859,
            "common_shares": 1312500,
            "book_valuer_per_share": 11.53,
            "book_valuer_per_share_4q_avg": 5.6,
            "equity": 1513201,
            "current_ratio": 182.79,
            "debt_ratio": 27.45,
            "inventory_turnover_ratio": 1.06,
            "account_receivable_turnover_ratio": null,
            "reinvestment_rate": null,
            "research_to_sale_ratio": null,
            "price_fair": 0,
            "eps_avg_yearly": 0,
            "eps_latest_yearly": 0,
            "eps_growth_yearly": 0
        },
        "20024": {
            "year_quarter": 20024,
            "year": 2002,
            "quarter": 4,
            "eps": 0.53,
            "eps_growth_year": null,
            "eps_4q": null,
            "eps_4q_growth_year": null,
            "roe": 4.43,
            "roe_4q": 10.6,
            "gross_profit": 75091,
            "gross_margin": 18.67,
            "gross_margin_4q_avg": 11.6,
            "net_income": 69181,
            "revenue": 402293,
            "common_shares": 1325000,
            "book_valuer_per_share": 12.13,
            "book_valuer_per_share_4q_avg": 5.92,
            "equity": 1607044,
            "current_ratio": 208.03,
            "debt_ratio": 27.88,
            "inventory_turnover_ratio": 1.27,
            "account_receivable_turnover_ratio": null,
            "reinvestment_rate": null,
            "research_to_sale_ratio": null,
            "price_fair": 6.36,
            "eps_avg_yearly": 2.12,
            "eps_latest_yearly": 2.12,
            "eps_growth_yearly": -101.41
        },
        "20031": {
            "year_quarter": 20031,
            "year": 2003,
            "quarter": 1,
            "eps": 0.75,
            "eps_growth_year": null,
            "eps_4q": null,
            "eps_4q_growth_year": null,
            "roe": 6.12,
            "roe_4q": 16.72,
            "gross_profit": 139623,
            "gross_margin": 27.37,
            "gross_margin_4q_avg": 18.45,
            "net_income": 99218,
            "revenue": 510202,
            "common_shares": 1325000,
            "book_valuer_per_share": 12.34,
            "book_valuer_per_share_4q_avg": 9,
            "equity": 1635366,
            "current_ratio": 184.56,
            "debt_ratio": 31.77,
            "inventory_turnover_ratio": 1.51,
            "account_receivable_turnover_ratio": null,
            "reinvestment_rate": null,
            "research_to_sale_ratio": null,
            "price_fair": 89.6,
            "eps_avg_yearly": 2.56,
            "eps_latest_yearly": 3,
            "eps_growth_yearly": 32.31
        },
        "20032": {
            "year_quarter": 20032,
            "year": 2003,
            "quarter": 2,
            "eps": 0.67,
            "eps_growth_year": null,
            "eps_4q": 2.66,
            "eps_4q_growth_year": null,
            "roe": 5.25,
            "roe_4q": 21.97,
            "gross_profit": 124433,
            "gross_margin": 25.9,
            "gross_margin_4q_avg": 24.92,
            "net_income": 88239,
            "revenue": 480410,
            "common_shares": 1325000,
            "book_valuer_per_share": 13.01,
            "book_valuer_per_share_4q_avg": 12.25,
            "equity": 1724486,
            "current_ratio": 199.67,
            "debt_ratio": 29.43,
            "inventory_turnover_ratio": 1.54,
            "account_receivable_turnover_ratio": null,
            "reinvestment_rate": null,
            "research_to_sale_ratio": null,
            "price_fair": 45.03,
            "eps_avg_yearly": 2.6,
            "eps_latest_yearly": 2.68,
            "eps_growth_yearly": 7.32
        },
        "20033": {
            "year_quarter": 20033,
            "year": 2003,
            "quarter": 3,
            "eps": 0.45,
            "eps_growth_year": -36.62,
            "eps_4q": 2.38,
            "eps_4q_growth_year": null,
            "roe": 3.41,
            "roe_4q": 19.21,
            "gross_profit": 93987,
            "gross_margin": 20.02,
            "gross_margin_4q_avg": 22.99,
            "net_income": 59852,
            "revenue": 469410,
            "common_shares": 1325000,
            "book_valuer_per_share": 13.46,
            "book_valuer_per_share_4q_avg": 12.74,
            "equity": 1783769,
            "current_ratio": 214.29,
            "debt_ratio": 28.59,
            "inventory_turnover_ratio": 1.71,
            "account_receivable_turnover_ratio": null,
            "reinvestment_rate": null,
            "research_to_sale_ratio": null,
            "price_fair": 7.2,
            "eps_avg_yearly": 2.4,
            "eps_latest_yearly": 1.8,
            "eps_growth_yearly": -27.35
        },
        "20034": {
            "year_quarter": 20034,
            "year": 2003,
            "quarter": 4,
            "eps": 1.01,
            "eps_growth_year": 90.57,
            "eps_4q": 2.87,
            "eps_4q_growth_year": null,
            "roe": 7.26,
            "roe_4q": 22.04,
            "gross_profit": 165053,
            "gross_margin": 29.97,
            "gross_margin_4q_avg": 25.82,
            "net_income": 134486,
            "revenue": 550704,
            "common_shares": 1325000,
            "book_valuer_per_share": 14.49,
            "book_valuer_per_share_4q_avg": 13.33,
            "equity": 1919758,
            "current_ratio": 220.24,
            "debt_ratio": 28.82,
            "inventory_turnover_ratio": 1.58,
            "account_receivable_turnover_ratio": null,
            "reinvestment_rate": null,
            "research_to_sale_ratio": null,
            "price_fair": 95.48,
            "eps_avg_yearly": 2.73,
            "eps_latest_yearly": 4.04,
            "eps_growth_yearly": 77.68
        },
        "20041": {
            "year_quarter": 20041,
            "year": 2004,
            "quarter": 1,
            "eps": 0.76,
            "eps_growth_year": 1.33,
            "eps_4q": 2.91,
            "eps_4q_growth_year": null,
            "roe": 5.08,
            "roe_4q": 21,
            "gross_profit": 160950,
            "gross_margin": 28.13,
            "gross_margin_4q_avg": 26.01,
            "net_income": 100076,
            "revenue": 572206,
            "common_shares": 1325000,
            "book_valuer_per_share": 15.24,
            "book_valuer_per_share_4q_avg": 14.05,
            "equity": 2019893,
            "current_ratio": 225.82,
            "debt_ratio": 28.94,
            "inventory_turnover_ratio": 1.39,
            "account_receivable_turnover_ratio": null,
            "reinvestment_rate": null,
            "research_to_sale_ratio": null,
            "price_fair": 97.3,
            "eps_avg_yearly": 2.78,
            "eps_latest_yearly": 3.04,
            "eps_growth_yearly": 48.23
        },
        "20042": {
            "year_quarter": 20042,
            "year": 2004,
            "quarter": 2,
            "eps": 0.85,
            "eps_growth_year": 26.87,
            "eps_4q": 2.9,
            "eps_4q_growth_year": 9.12,
            "roe": 6.21,
            "roe_4q": 21.959999999999997,
            "gross_profit": 183513,
            "gross_margin": 27.83,
            "gross_margin_4q_avg": 26.49,
            "net_income": 122089,
            "revenue": 659418,
            "common_shares": 1374050,
            "book_valuer_per_share": 13.93,
            "book_valuer_per_share_4q_avg": 14.28,
            "equity": 1913722,
            "current_ratio": 212.8,
            "debt_ratio": 53.94,
            "inventory_turnover_ratio": 1.26,
            "account_receivable_turnover_ratio": null,
            "reinvestment_rate": null,
            "research_to_sale_ratio": null,
            "price_fair": 100.4,
            "eps_avg_yearly": 2.87,
            "eps_latest_yearly": 3.4,
            "eps_growth_yearly": 48.11
        },
        "20043": {
            "year_quarter": 20043,
            "year": 2004,
            "quarter": 3,
            "eps": 0.98,
            "eps_growth_year": 117.78,
            "eps_4q": 3.46,
            "eps_4q_growth_year": 45.44,
            "roe": 7.1,
            "roe_4q": 25.65,
            "gross_profit": 199835,
            "gross_margin": 26.79,
            "gross_margin_4q_avg": 28.18,
            "net_income": 140887,
            "revenue": 745927,
            "common_shares": 1457753,
            "book_valuer_per_share": 14.09,
            "book_valuer_per_share_4q_avg": 14.44,
            "equity": 2054645,
            "current_ratio": 264.58,
            "debt_ratio": 47.76,
            "inventory_turnover_ratio": 1.21,
            "account_receivable_turnover_ratio": null,
            "reinvestment_rate": null,
            "research_to_sale_ratio": null,
            "price_fair": 105,
            "eps_avg_yearly": 3,
            "eps_latest_yearly": 3.92,
            "eps_growth_yearly": 49.74
        },
        "20044": {
            "year_quarter": 20044,
            "year": 2004,
            "quarter": 4,
            "eps": 0.52,
            "eps_growth_year": -48.51,
            "eps_4q": 3.02,
            "eps_4q_growth_year": 5.34,
            "roe": 3.61,
            "roe_4q": 22,
            "gross_profit": 147311,
            "gross_margin": 20.56,
            "gross_margin_4q_avg": 25.83,
            "net_income": 75500,
            "revenue": 716519,
            "common_shares": 1457753,
            "book_valuer_per_share": 14.61,
            "book_valuer_per_share_4q_avg": 14.47,
            "equity": 2130145,
            "current_ratio": 260.5,
            "debt_ratio": 46.07,
            "inventory_turnover_ratio": 1.15,
            "account_receivable_turnover_ratio": null,
            "reinvestment_rate": null,
            "research_to_sale_ratio": null,
            "price_fair": 96.65,
            "eps_avg_yearly": 2.9,
            "eps_latest_yearly": 2.08,
            "eps_growth_yearly": 23.35
        },
        "20051": {
            "year_quarter": 20051,
            "year": 2005,
            "quarter": 1,
            "eps": 0.01,
            "eps_growth_year": -98.68,
            "eps_4q": 1.84,
            "eps_4q_growth_year": -36.76,
            "roe": 0.09,
            "roe_4q": 17.009999999999998,
            "gross_profit": 58284,
            "gross_margin": 11.35,
            "gross_margin_4q_avg": 21.63,
            "net_income": 1852,
            "revenue": 513549,
            "common_shares": 1465163,
            "book_valuer_per_share": 14.61,
            "book_valuer_per_share_4q_avg": 14.31,
            "equity": 2140664,
            "current_ratio": 337.45,
            "debt_ratio": 42.58,
            "inventory_turnover_ratio": 0.86,
            "account_receivable_turnover_ratio": null,
            "reinvestment_rate": null,
            "research_to_sale_ratio": null,
            "price_fair": 7.84,
            "eps_avg_yearly": 2.61,
            "eps_latest_yearly": 0.04,
            "eps_growth_yearly": -18.21
        },
        "20052": {
            "year_quarter": 20052,
            "year": 2005,
            "quarter": 2,
            "eps": 0.18,
            "eps_growth_year": -78.82,
            "eps_4q": 1.59,
            "eps_4q_growth_year": -45.06,
            "roe": 1.37,
            "roe_4q": 12.17,
            "gross_profit": 85528,
            "gross_margin": 13.04,
            "gross_margin_4q_avg": 17.94,
            "net_income": 27798,
            "revenue": 655714,
            "common_shares": 1473033,
            "book_valuer_per_share": 13.11,
            "book_valuer_per_share_4q_avg": 14.11,
            "equity": 1931693,
            "current_ratio": 225.45,
            "debt_ratio": 48.76,
            "inventory_turnover_ratio": 1.1,
            "account_receivable_turnover_ratio": null,
            "reinvestment_rate": null,
            "research_to_sale_ratio": null,
            "price_fair": 85.4,
            "eps_avg_yearly": 2.44,
            "eps_latest_yearly": 0.72,
            "eps_growth_yearly": 601.62
        },
        "20053": {
            "year_quarter": 20053,
            "year": 2005,
            "quarter": 3,
            "eps": 0.59,
            "eps_growth_year": -39.8,
            "eps_4q": 1.26,
            "eps_4q_growth_year": -63.58,
            "roe": 4.66,
            "roe_4q": 9.73,
            "gross_profit": 156690,
            "gross_margin": 20.79,
            "gross_margin_4q_avg": 16.44,
            "net_income": 92531,
            "revenue": 753653,
            "common_shares": 1568750,
            "book_valuer_per_share": 12.98,
            "book_valuer_per_share_4q_avg": 13.83,
            "equity": 2036134,
            "current_ratio": 301.41,
            "debt_ratio": 44.28,
            "inventory_turnover_ratio": 1.21,
            "account_receivable_turnover_ratio": null,
            "reinvestment_rate": null,
            "research_to_sale_ratio": null,
            "price_fair": 85.17,
            "eps_avg_yearly": 2.43,
            "eps_latest_yearly": 2.36,
            "eps_growth_yearly": 627.42
        },
        "20054": {
            "year_quarter": 20054,
            "year": 2005,
            "quarter": 4,
            "eps": 0.39,
            "eps_growth_year": -25,
            "eps_4q": 1.16,
            "eps_4q_growth_year": -61.43,
            "roe": 2.97,
            "roe_4q": 9.09,
            "gross_profit": 109260,
            "gross_margin": 15.37,
            "gross_margin_4q_avg": 15.14,
            "net_income": 61486,
            "revenue": 710811,
            "common_shares": 1570450,
            "book_valuer_per_share": 13.37,
            "book_valuer_per_share_4q_avg": 13.52,
            "equity": 2099303,
            "current_ratio": 323.04,
            "debt_ratio": 44.04,
            "inventory_turnover_ratio": 1.25,
            "account_receivable_turnover_ratio": null,
            "reinvestment_rate": null,
            "research_to_sale_ratio": null,
            "price_fair": 82.82,
            "eps_avg_yearly": 2.37,
            "eps_latest_yearly": 1.56,
            "eps_growth_yearly": 568.72
        },
        "20061": {
            "year_quarter": 20061,
            "year": 2006,
            "quarter": 1,
            "eps": 0.5,
            "eps_growth_year": 4900,
            "eps_4q": 1.65,
            "eps_4q_growth_year": -10.46,
            "roe": 3.7,
            "roe_4q": 12.7,
            "gross_profit": 144996,
            "gross_margin": 19.93,
            "gross_margin_4q_avg": 17.28,
            "net_income": 79372,
            "revenue": 727557,
            "common_shares": 1577190,
            "book_valuer_per_share": 13.87,
            "book_valuer_per_share_4q_avg": 13.33,
            "equity": 2187140,
            "current_ratio": 356.81,
            "debt_ratio": 42.46,
            "inventory_turnover_ratio": 1.19,
            "account_receivable_turnover_ratio": null,
            "reinvestment_rate": null,
            "research_to_sale_ratio": null,
            "price_fair": 81.9,
            "eps_avg_yearly": 2.34,
            "eps_latest_yearly": 2,
            "eps_growth_yearly": 536.16
        },
        "20062": {
            "year_quarter": 20062,
            "year": 2006,
            "quarter": 2,
            "eps": 0.62,
            "eps_growth_year": 244.44,
            "eps_4q": 1.97,
            "eps_4q_growth_year": 23.94,
            "roe": 4.01,
            "roe_4q": 15.34,
            "gross_profit": 181322,
            "gross_margin": 20.19,
            "gross_margin_4q_avg": 19.07,
            "net_income": 106821,
            "revenue": 897875,
            "common_shares": 1870361,
            "book_valuer_per_share": 16.82,
            "book_valuer_per_share_4q_avg": 14.26,
            "equity": 3146073,
            "current_ratio": 223.23,
            "debt_ratio": 23.23,
            "inventory_turnover_ratio": 1.35,
            "account_receivable_turnover_ratio": null,
            "reinvestment_rate": 135.28,
            "research_to_sale_ratio": null,
            "price_fair": 82.23,
            "eps_avg_yearly": 2.35,
            "eps_latest_yearly": 2.48,
            "eps_growth_yearly": 506.81
        },
        "20063": {
            "year_quarter": 20063,
            "year": 2006,
            "quarter": 3,
            "eps": 0.38,
            "eps_growth_year": -35.59,
            "eps_4q": 1.76,
            "eps_4q_growth_year": 39.68,
            "roe": 2.09,
            "roe_4q": 12.770000000000001,
            "gross_profit": 130534,
            "gross_margin": 15.26,
            "gross_margin_4q_avg": 17.69,
            "net_income": 68174,
            "revenue": 855359,
            "common_shares": 2032323,
            "book_valuer_per_share": 16.68,
            "book_valuer_per_share_4q_avg": 15.19,
            "equity": 3389811,
            "current_ratio": 238.8,
            "debt_ratio": 21.14,
            "inventory_turnover_ratio": 1.17,
            "account_receivable_turnover_ratio": null,
            "reinvestment_rate": 55.83,
            "research_to_sale_ratio": null,
            "price_fair": 80.41,
            "eps_avg_yearly": 2.3,
            "eps_latest_yearly": 1.52,
            "eps_growth_yearly": 465.46
        },
        "20064": {
            "year_quarter": 20064,
            "year": 2006,
            "quarter": 4,
            "eps": -0.08,
            "eps_growth_year": -120.51,
            "eps_4q": 1.28,
            "eps_4q_growth_year": 9.72,
            "roe": -0.43,
            "roe_4q": 9.370000000000001,
            "gross_profit": 60604,
            "gross_margin": 8.27,
            "gross_margin_4q_avg": 15.91,
            "net_income": -15456,
            "revenue": 732714,
            "common_shares": 2037059,
            "book_valuer_per_share": 18,
            "book_valuer_per_share_4q_avg": 16.34,
            "equity": 3744659,
            "current_ratio": 433.18,
            "debt_ratio": 42.28,
            "inventory_turnover_ratio": 0.95,
            "account_receivable_turnover_ratio": null,
            "reinvestment_rate": 84.36,
            "research_to_sale_ratio": null,
            "price_fair": 80.83,
            "eps_avg_yearly": 2.31,
            "eps_latest_yearly": 1.52,
            "eps_growth_yearly": 503.25
        },
        "20071": {
            "year_quarter": 20071,
            "year": 2007,
            "quarter": 1,
            "eps": 0.27,
            "eps_growth_year": -46,
            "eps_4q": 1.06,
            "eps_4q_growth_year": -35.76,
            "roe": 1.45,
            "roe_4q": 7.119999999999999,
            "gross_profit": 101104,
            "gross_margin": 11.43,
            "gross_margin_4q_avg": 13.79,
            "net_income": 54742,
            "revenue": 884905,
            "common_shares": 2062803,
            "book_valuer_per_share": 18.39,
            "book_valuer_per_share_4q_avg": 17.47,
            "equity": 3792888,
            "current_ratio": 473.44,
            "debt_ratio": 40.04,
            "inventory_turnover_ratio": 1.01,
            "account_receivable_turnover_ratio": null,
            "reinvestment_rate": 75.81,
            "research_to_sale_ratio": null,
            "price_fair": 79.1,
            "eps_avg_yearly": 2.26,
            "eps_latest_yearly": 1.52,
            "eps_growth_yearly": 527.34
        },
        "20072": {
            "year_quarter": 20072,
            "year": 2007,
            "quarter": 2,
            "eps": 0.06,
            "eps_growth_year": -90.32,
            "eps_4q": 0.55,
            "eps_4q_growth_year": -72.02,
            "roe": 0.35,
            "roe_4q": 3.46,
            "gross_profit": 110795,
            "gross_margin": 12.36,
            "gross_margin_4q_avg": 11.83,
            "net_income": 13092,
            "revenue": 896426,
            "common_shares": 2088010,
            "book_valuer_per_share": 17.91,
            "book_valuer_per_share_4q_avg": 17.75,
            "equity": 3738777,
            "current_ratio": 367.57,
            "debt_ratio": 42.23,
            "inventory_turnover_ratio": 0.92,
            "account_receivable_turnover_ratio": null,
            "reinvestment_rate": 104.06,
            "research_to_sale_ratio": null,
            "price_fair": 73,
            "eps_avg_yearly": 2.09,
            "eps_latest_yearly": 0.24,
            "eps_growth_yearly": 508.16
        },
        "20073": {
            "year_quarter": 20073,
            "year": 2007,
            "quarter": 3,
            "eps": 0.22,
            "eps_growth_year": -42.11,
            "eps_4q": 0.46,
            "eps_4q_growth_year": -73.7,
            "roe": 1.26,
            "roe_4q": 2.6299999999999994,
            "gross_profit": 62591,
            "gross_margin": 8.06,
            "gross_margin_4q_avg": 10.03,
            "net_income": 47422,
            "revenue": 776811,
            "common_shares": 2172168,
            "book_valuer_per_share": 17.53,
            "book_valuer_per_share_4q_avg": 17.96,
            "equity": 3808604,
            "current_ratio": 293.16,
            "debt_ratio": 42.65,
            "inventory_turnover_ratio": 0.85,
            "account_receivable_turnover_ratio": null,
            "reinvestment_rate": 75.02,
            "research_to_sale_ratio": null,
            "price_fair": 70.7,
            "eps_avg_yearly": 2.02,
            "eps_latest_yearly": 0.88,
            "eps_growth_yearly": 593.74
        },
        "20074": {
            "year_quarter": 20074,
            "year": 2007,
            "quarter": 4,
            "eps": -0.33,
            "eps_growth_year": null,
            "eps_4q": 0.2,
            "eps_4q_growth_year": -84.39,
            "roe": -1.86,
            "roe_4q": 1.1999999999999997,
            "gross_profit": 23860,
            "gross_margin": 4.21,
            "gross_margin_4q_avg": 9.02,
            "net_income": -71919,
            "revenue": 566934,
            "common_shares": 2180270,
            "book_valuer_per_share": 17.2,
            "book_valuer_per_share_4q_avg": 17.76,
            "equity": 3911913,
            "current_ratio": 305.87,
            "debt_ratio": 43.81,
            "inventory_turnover_ratio": 0.58,
            "account_receivable_turnover_ratio": null,
            "reinvestment_rate": 181.31,
            "research_to_sale_ratio": null,
            "price_fair": 65.26,
            "eps_avg_yearly": 1.86,
            "eps_latest_yearly": 0.88,
            "eps_growth_yearly": 601.12
        },
        "20081": {
            "year_quarter": 20081,
            "year": 2008,
            "quarter": 1,
            "eps": -0.58,
            "eps_growth_year": -314.81,
            "eps_4q": -0.64,
            "eps_4q_growth_year": -160.36,
            "roe": -3.28,
            "roe_4q": -3.53,
            "gross_profit": 15499,
            "gross_margin": 2.1,
            "gross_margin_4q_avg": 6.68,
            "net_income": -123187,
            "revenue": 736624,
            "common_shares": 2187520,
            "book_valuer_per_share": 15.71,
            "book_valuer_per_share_4q_avg": 17.09,
            "equity": 3598876,
            "current_ratio": 278.18,
            "debt_ratio": 46.53,
            "inventory_turnover_ratio": 0.65,
            "account_receivable_turnover_ratio": null,
            "reinvestment_rate": 230.93,
            "research_to_sale_ratio": null,
            "price_fair": 61.83,
            "eps_avg_yearly": 1.77,
            "eps_latest_yearly": 0.88,
            "eps_growth_yearly": 659.46
        },
        "20082": {
            "year_quarter": 20082,
            "year": 2008,
            "quarter": 2,
            "eps": -1,
            "eps_growth_year": -1766.67,
            "eps_4q": -1.65,
            "eps_4q_growth_year": -399.23,
            "roe": -6.16,
            "roe_4q": -10.04,
            "gross_profit": -20694,
            "gross_margin": -2.96,
            "gross_margin_4q_avg": 2.85,
            "net_income": -215076,
            "revenue": 699250,
            "common_shares": 2189740,
            "book_valuer_per_share": 14.72,
            "book_valuer_per_share_4q_avg": 16.29,
            "equity": 3383952,
            "current_ratio": 320.62,
            "debt_ratio": 46.49,
            "inventory_turnover_ratio": 0.65,
            "account_receivable_turnover_ratio": null,
            "reinvestment_rate": 316.62,
            "research_to_sale_ratio": null,
            "price_fair": 56.64,
            "eps_avg_yearly": 1.62,
            "eps_latest_yearly": 0.88,
            "eps_growth_yearly": 715.11
        },
        "20083": {
            "year_quarter": 20083,
            "year": 2008,
            "quarter": 3,
            "eps": -1.53,
            "eps_growth_year": -795.45,
            "eps_4q": -3.41,
            "eps_4q_growth_year": -836.45,
            "roe": -10.56,
            "roe_4q": -21.86,
            "gross_profit": -329416,
            "gross_margin": -70.05,
            "gross_margin_4q_avg": -16.68,
            "net_income": -338434,
            "revenue": 470280,
            "common_shares": 2189740,
            "book_valuer_per_share": 13.1,
            "book_valuer_per_share_4q_avg": 15.18,
            "equity": 3026522,
            "current_ratio": 243.59,
            "debt_ratio": 47.73,
            "inventory_turnover_ratio": 0.83,
            "account_receivable_turnover_ratio": null,
            "reinvestment_rate": null,
            "research_to_sale_ratio": null,
            "price_fair": 48.58,
            "eps_avg_yearly": 1.39,
            "eps_latest_yearly": 0.88,
            "eps_growth_yearly": 780.5
        },
        "20084": {
            "year_quarter": 20084,
            "year": 2008,
            "quarter": 4,
            "eps": -2.08,
            "eps_growth_year": null,
            "eps_4q": -5.23,
            "eps_4q_growth_year": -2721.39,
            "roe": -15.7,
            "roe_4q": -35.7,
            "gross_profit": -183909,
            "gross_margin": -43.12,
            "gross_margin_4q_avg": -28.51,
            "net_income": -444232,
            "revenue": 426492,
            "common_shares": 2201873,
            "book_valuer_per_share": 11.26,
            "book_valuer_per_share_4q_avg": 13.7,
            "equity": 2633919,
            "current_ratio": 98.08,
            "debt_ratio": 46.42,
            "inventory_turnover_ratio": 0.78,
            "account_receivable_turnover_ratio": 1.54,
            "reinvestment_rate": null,
            "research_to_sale_ratio": null,
            "price_fair": 45.89,
            "eps_avg_yearly": 1.31,
            "eps_latest_yearly": 0.88,
            "eps_growth_yearly": 888.08
        },
        "20091": {
            "year_quarter": 20091,
            "year": 2009,
            "quarter": 1,
            "eps": -0.9,
            "eps_growth_year": null,
            "eps_4q": -5.36,
            "eps_4q_growth_year": null,
            "roe": -7.62,
            "roe_4q": -40.040000000000006,
            "gross_profit": -245081,
            "gross_margin": -91.01,
            "gross_margin_4q_avg": -51.79,
            "net_income": -193393,
            "revenue": 269286,
            "common_shares": 2201872,
            "book_valuer_per_share": 10.4,
            "book_valuer_per_share_4q_avg": 12.37,
            "equity": 2440433,
            "current_ratio": 95.23,
            "debt_ratio": 44.91,
            "inventory_turnover_ratio": 0.82,
            "account_receivable_turnover_ratio": 0.56,
            "reinvestment_rate": null,
            "research_to_sale_ratio": null,
            "price_fair": 51.45,
            "eps_avg_yearly": 1.47,
            "eps_latest_yearly": 0.88,
            "eps_growth_yearly": 1048.13
        },
        "20092": {
            "year_quarter": 20092,
            "year": 2009,
            "quarter": 2,
            "eps": -2.36,
            "eps_growth_year": null,
            "eps_4q": -6.66,
            "eps_4q_growth_year": null,
            "roe": -23.41,
            "roe_4q": -57.290000000000006,
            "gross_profit": -143945,
            "gross_margin": -41.45,
            "gross_margin_4q_avg": -61.41,
            "net_income": -509622,
            "revenue": 347269,
            "common_shares": 2201873,
            "book_valuer_per_share": 8.13,
            "book_valuer_per_share_4q_avg": 10.72,
            "equity": 1913753,
            "current_ratio": 84.39,
            "debt_ratio": 51.82,
            "inventory_turnover_ratio": 0.88,
            "account_receivable_turnover_ratio": 0.86,
            "reinvestment_rate": null,
            "research_to_sale_ratio": null,
            "price_fair": 55.2,
            "eps_avg_yearly": 1.58,
            "eps_latest_yearly": 0.88,
            "eps_growth_yearly": 226.44
        },
        "20093": {
            "year_quarter": 20093,
            "year": 2009,
            "quarter": 3,
            "eps": -0.72,
            "eps_growth_year": null,
            "eps_4q": -5.81,
            "eps_4q_growth_year": null,
            "roe": -8.37,
            "roe_4q": -55.099999999999994,
            "gross_profit": -62441,
            "gross_margin": -16.64,
            "gross_margin_4q_avg": -48.06,
            "net_income": -153922,
            "revenue": 375176,
            "common_shares": 2201873,
            "book_valuer_per_share": 7.47,
            "book_valuer_per_share_4q_avg": 9.32,
            "equity": 1764708,
            "current_ratio": 84.43,
            "debt_ratio": 54.12,
            "inventory_turnover_ratio": 0.73,
            "account_receivable_turnover_ratio": 0.88,
            "reinvestment_rate": null,
            "research_to_sale_ratio": null,
            "price_fair": 50.63,
            "eps_avg_yearly": 1.45,
            "eps_latest_yearly": 0.88,
            "eps_growth_yearly": 112.32
        },
        "20094": {
            "year_quarter": 20094,
            "year": 2009,
            "quarter": 4,
            "eps": -6.96,
            "eps_growth_year": null,
            "eps_4q": -6.67,
            "eps_4q_growth_year": null,
            "roe": -68,
            "roe_4q": -107.4,
            "gross_profit": -172385,
            "gross_margin": -43.63,
            "gross_margin_4q_avg": -48.18,
            "net_income": -1557654,
            "revenue": 395105,
            "common_shares": 3681239,
            "book_valuer_per_share": 7.52,
            "book_valuer_per_share_4q_avg": 8.38,
            "equity": 2816288,
            "current_ratio": 262.29,
            "debt_ratio": 18.72,
            "inventory_turnover_ratio": 0.92,
            "account_receivable_turnover_ratio": 1.64,
            "reinvestment_rate": null,
            "research_to_sale_ratio": null,
            "price_fair": 49.84,
            "eps_avg_yearly": 1.42,
            "eps_latest_yearly": 0.88,
            "eps_growth_yearly": 161.91
        },
        "20101": {
            "year_quarter": 20101,
            "year": 2010,
            "quarter": 1,
            "eps": -0.4,
            "eps_growth_year": null,
            "eps_4q": -6.54,
            "eps_4q_growth_year": null,
            "roe": -5.24,
            "roe_4q": -105.02,
            "gross_profit": -95938,
            "gross_margin": -22.8,
            "gross_margin_4q_avg": -31.13,
            "net_income": -143919,
            "revenue": 420736,
            "common_shares": 3681239,
            "book_valuer_per_share": 7.12,
            "book_valuer_per_share_4q_avg": 7.56,
            "equity": 2672369,
            "current_ratio": 281.97,
            "debt_ratio": 17.51,
            "inventory_turnover_ratio": 0.97,
            "account_receivable_turnover_ratio": 0.88,
            "reinvestment_rate": null,
            "research_to_sale_ratio": 5.53,
            "price_fair": 44.8,
            "eps_avg_yearly": 1.28,
            "eps_latest_yearly": 0.88,
            "eps_growth_yearly": 174.18
        },
        "20102": {
            "year_quarter": 20102,
            "year": 2010,
            "quarter": 2,
            "eps": -0.21,
            "eps_growth_year": null,
            "eps_4q": -5.37,
            "eps_4q_growth_year": null,
            "roe": -3.04,
            "roe_4q": -84.65,
            "gross_profit": -1524,
            "gross_margin": -0.36,
            "gross_margin_4q_avg": -20.86,
            "net_income": -79771,
            "revenue": 429198,
            "common_shares": 3681239,
            "book_valuer_per_share": 6.9,
            "book_valuer_per_share_4q_avg": 7.25,
            "equity": 2577081,
            "current_ratio": 268.63,
            "debt_ratio": 16.79,
            "inventory_turnover_ratio": 0.91,
            "account_receivable_turnover_ratio": 0.86,
            "reinvestment_rate": null,
            "research_to_sale_ratio": 7.64,
            "price_fair": 30.8,
            "eps_avg_yearly": 0.88,
            "eps_latest_yearly": 0.88,
            "eps_growth_yearly": 200.24
        },
        "20103": {
            "year_quarter": 20103,
            "year": 2010,
            "quarter": 3,
            "eps": -0.35,
            "eps_growth_year": null,
            "eps_4q": -5.3,
            "eps_4q_growth_year": null,
            "roe": -5.19,
            "roe_4q": -81.47,
            "gross_profit": -55591,
            "gross_margin": -12.37,
            "gross_margin_4q_avg": -19.79,
            "net_income": -130282,
            "revenue": 449443,
            "common_shares": 3681239,
            "book_valuer_per_share": 6.55,
            "book_valuer_per_share_4q_avg": 7.02,
            "equity": 2446800,
            "current_ratio": 215.02,
            "debt_ratio": 21.03,
            "inventory_turnover_ratio": 1.15,
            "account_receivable_turnover_ratio": 0.86,
            "reinvestment_rate": null,
            "research_to_sale_ratio": 7.2,
            "price_fair": 19.6,
            "eps_avg_yearly": 0.56,
            "eps_latest_yearly": 0.88,
            "eps_growth_yearly": 377.78
        },
        "20104": {
            "year_quarter": 20104,
            "year": 2010,
            "quarter": 4,
            "eps": 0.98,
            "eps_growth_year": null,
            "eps_4q": 0.01,
            "eps_4q_growth_year": null,
            "roe": 15.69,
            "roe_4q": 2.2199999999999998,
            "gross_profit": -33309,
            "gross_margin": -8.37,
            "gross_margin_4q_avg": -10.98,
            "net_income": 410326,
            "revenue": 397963,
            "common_shares": 3681239,
            "book_valuer_per_share": 7.52,
            "book_valuer_per_share_4q_avg": 7.02,
            "equity": 2785086,
            "current_ratio": 319.6,
            "debt_ratio": 24.3,
            "inventory_turnover_ratio": 1.07,
            "account_receivable_turnover_ratio": 0.84,
            "reinvestment_rate": null,
            "research_to_sale_ratio": 8.13,
            "price_fair": 19.6,
            "eps_avg_yearly": 0.56,
            "eps_latest_yearly": 0.88,
            "eps_growth_yearly": 377.78
        },
        "20111": {
            "year_quarter": 20111,
            "year": 2011,
            "quarter": 1,
            "eps": -0.05,
            "eps_growth_year": null,
            "eps_4q": 0.49,
            "eps_4q_growth_year": null,
            "roe": -0.61,
            "roe_4q": 6.8500000000000005,
            "gross_profit": -26928,
            "gross_margin": -7.46,
            "gross_margin_4q_avg": -7.14,
            "net_income": -17026,
            "revenue": 361082,
            "common_shares": 2708647,
            "book_valuer_per_share": 9.99,
            "book_valuer_per_share_4q_avg": 7.74,
            "equity": 2771464,
            "current_ratio": 289.24,
            "debt_ratio": 24.24,
            "inventory_turnover_ratio": 0.97,
            "account_receivable_turnover_ratio": 0.83,
            "reinvestment_rate": null,
            "research_to_sale_ratio": 8.79,
            "price_fair": 19.6,
            "eps_avg_yearly": 0.56,
            "eps_latest_yearly": 0.88,
            "eps_growth_yearly": 377.78
        },
        "20112": {
            "year_quarter": 20112,
            "year": 2011,
            "quarter": 2,
            "eps": -0.66,
            "eps_growth_year": null,
            "eps_4q": 0.12,
            "eps_4q_growth_year": null,
            "roe": -6.57,
            "roe_4q": 3.3199999999999976,
            "gross_profit": -53845,
            "gross_margin": -12.43,
            "gross_margin_4q_avg": -10.16,
            "net_income": -176034,
            "revenue": 433116,
            "common_shares": 2708647,
            "book_valuer_per_share": 9.33,
            "book_valuer_per_share_4q_avg": 8.35,
            "equity": 2588513,
            "current_ratio": 239.63,
            "debt_ratio": 26.71,
            "inventory_turnover_ratio": 1.17,
            "account_receivable_turnover_ratio": 0.95,
            "reinvestment_rate": null,
            "research_to_sale_ratio": 7.74,
            "price_fair": 30.8,
            "eps_avg_yearly": 0.88,
            "eps_latest_yearly": 0.88,
            "eps_growth_yearly": 1066.67
        },
        "20113": {
            "year_quarter": 20113,
            "year": 2011,
            "quarter": 3,
            "eps": -0.75,
            "eps_growth_year": null,
            "eps_4q": -0.16,
            "eps_4q_growth_year": null,
            "roe": -7.94,
            "roe_4q": 0.5699999999999985,
            "gross_profit": -69030,
            "gross_margin": -20.18,
            "gross_margin_4q_avg": -12.11,
            "net_income": -200479,
            "revenue": 342055,
            "common_shares": 2692604,
            "book_valuer_per_share": 8.83,
            "book_valuer_per_share_4q_avg": 8.92,
            "equity": 2461504,
            "current_ratio": 211.65,
            "debt_ratio": 32.1,
            "inventory_turnover_ratio": 0.94,
            "account_receivable_turnover_ratio": 0.77,
            "reinvestment_rate": null,
            "research_to_sale_ratio": 9.39,
            "price_fair": 0,
            "eps_avg_yearly": 0,
            "eps_latest_yearly": 0,
            "eps_growth_yearly": 0
        },
        "20114": {
            "year_quarter": 20114,
            "year": 2011,
            "quarter": 4,
            "eps": -0.63,
            "eps_growth_year": -164.23,
            "eps_4q": -2.09,
            "eps_4q_growth_year": -16349.5,
            "roe": -7.18,
            "roe_4q": -22.3,
            "gross_profit": -78988,
            "gross_margin": -26.36,
            "gross_margin_4q_avg": -16.61,
            "net_income": -169328,
            "revenue": 299665,
            "common_shares": 2692604,
            "book_valuer_per_share": 8.19,
            "book_valuer_per_share_4q_avg": 9.09,
            "equity": 2255736,
            "current_ratio": 191.36,
            "debt_ratio": 32.64,
            "inventory_turnover_ratio": 0.85,
            "account_receivable_turnover_ratio": 0.78,
            "reinvestment_rate": null,
            "research_to_sale_ratio": 8.71,
            "price_fair": 0,
            "eps_avg_yearly": 0,
            "eps_latest_yearly": 0,
            "eps_growth_yearly": 0
        },
        "20121": {
            "year_quarter": 20121,
            "year": 2012,
            "quarter": 1,
            "eps": -0.5,
            "eps_growth_year": null,
            "eps_4q": -2.54,
            "eps_4q_growth_year": -617.98,
            "roe": -6.18,
            "roe_4q": -27.87,
            "gross_profit": -45927,
            "gross_margin": -13.97,
            "gross_margin_4q_avg": -18.24,
            "net_income": -134558,
            "revenue": 328653,
            "common_shares": 2692604,
            "book_valuer_per_share": 7.6,
            "book_valuer_per_share_4q_avg": 8.49,
            "equity": 2098045,
            "current_ratio": 199.17,
            "debt_ratio": 33.47,
            "inventory_turnover_ratio": 0.87,
            "account_receivable_turnover_ratio": 0.98,
            "reinvestment_rate": null,
            "research_to_sale_ratio": 7.83,
            "price_fair": 0,
            "eps_avg_yearly": 0,
            "eps_latest_yearly": 0,
            "eps_growth_yearly": 0
        },
        "20122": {
            "year_quarter": 20122,
            "year": 2012,
            "quarter": 2,
            "eps": -0.76,
            "eps_growth_year": null,
            "eps_4q": -2.64,
            "eps_4q_growth_year": -2321.88,
            "roe": -10.11,
            "roe_4q": -31.41,
            "gross_profit": -79648,
            "gross_margin": -19.71,
            "gross_margin_4q_avg": -20.06,
            "net_income": -201823,
            "revenue": 404165,
            "common_shares": 2692604,
            "book_valuer_per_share": 6.85,
            "book_valuer_per_share_4q_avg": 7.87,
            "equity": 1896136,
            "current_ratio": 183.7,
            "debt_ratio": 37.28,
            "inventory_turnover_ratio": 1.17,
            "account_receivable_turnover_ratio": 1.12,
            "reinvestment_rate": null,
            "research_to_sale_ratio": 5.5,
            "price_fair": 0,
            "eps_avg_yearly": 0,
            "eps_latest_yearly": 0,
            "eps_growth_yearly": 0
        },
        "20123": {
            "year_quarter": 20123,
            "year": 2012,
            "quarter": 3,
            "eps": -0.15,
            "eps_growth_year": null,
            "eps_4q": -2.04,
            "eps_4q_growth_year": null,
            "roe": -1.97,
            "roe_4q": -25.439999999999998,
            "gross_profit": -60594,
            "gross_margin": -16.22,
            "gross_margin_4q_avg": -19.07,
            "net_income": -37406,
            "revenue": 373530,
            "common_shares": 2692604,
            "book_valuer_per_share": 6.89,
            "book_valuer_per_share_4q_avg": 7.38,
            "equity": 1907651,
            "current_ratio": 185.07,
            "debt_ratio": 34.42,
            "inventory_turnover_ratio": 1.08,
            "account_receivable_turnover_ratio": 0.95,
            "reinvestment_rate": null,
            "research_to_sale_ratio": 5.88,
            "price_fair": 0,
            "eps_avg_yearly": 0,
            "eps_latest_yearly": 0,
            "eps_growth_yearly": 0
        },
        "20124": {
            "year_quarter": 20124,
            "year": 2012,
            "quarter": 4,
            "eps": -0.58,
            "eps_growth_year": null,
            "eps_4q": -1.99,
            "eps_4q_growth_year": null,
            "roe": -8.35,
            "roe_4q": -26.61,
            "gross_profit": -90183,
            "gross_margin": -31.1,
            "gross_margin_4q_avg": -20.25,
            "net_income": -153248,
            "revenue": 290009,
            "common_shares": 2692604,
            "book_valuer_per_share": 6.31,
            "book_valuer_per_share_4q_avg": 6.91,
            "equity": 1762991,
            "current_ratio": 181.38,
            "debt_ratio": 37.38,
            "inventory_turnover_ratio": 1.03,
            "account_receivable_turnover_ratio": 0.8,
            "reinvestment_rate": null,
            "research_to_sale_ratio": 7.53,
            "price_fair": 0,
            "eps_avg_yearly": 0,
            "eps_latest_yearly": 0,
            "eps_growth_yearly": 0
        },
        "20131": {
            "year_quarter": 20131,
            "year": 2013,
            "quarter": 1,
            "eps": -0.55,
            "eps_growth_year": null,
            "eps_4q": -2.03,
            "eps_4q_growth_year": null,
            "roe": -8.68,
            "roe_4q": -29.11,
            "gross_profit": -98701,
            "gross_margin": -105.24,
            "gross_margin_4q_avg": -43.07,
            "net_income": -145088,
            "revenue": 93787,
            "common_shares": 2692604,
            "book_valuer_per_share": 5.87,
            "book_valuer_per_share_4q_avg": 6.48,
            "equity": 1580327,
            "current_ratio": 156.02,
            "debt_ratio": 33.95,
            "inventory_turnover_ratio": 0.64,
            "account_receivable_turnover_ratio": 0.38,
            "reinvestment_rate": null,
            "research_to_sale_ratio": 12.03,
            "price_fair": 0,
            "eps_avg_yearly": 0,
            "eps_latest_yearly": 0,
            "eps_growth_yearly": 0
        },
        "20132": {
            "year_quarter": 20132,
            "year": 2013,
            "quarter": 2,
            "eps": -0.34,
            "eps_growth_year": null,
            "eps_4q": -1.61,
            "eps_4q_growth_year": null,
            "roe": -5.99,
            "roe_4q": -24.99,
            "gross_profit": -102719,
            "gross_margin": -90.94,
            "gross_margin_4q_avg": -60.88,
            "net_income": -92406,
            "revenue": 112948,
            "common_shares": 2692604,
            "book_valuer_per_share": 5.58,
            "book_valuer_per_share_4q_avg": 6.16,
            "equity": 1502537,
            "current_ratio": 163.87,
            "debt_ratio": 33.52,
            "inventory_turnover_ratio": 0.83,
            "account_receivable_turnover_ratio": 0.77,
            "reinvestment_rate": null,
            "research_to_sale_ratio": 4.95,
            "price_fair": 0,
            "eps_avg_yearly": 0,
            "eps_latest_yearly": 0,
            "eps_growth_yearly": 0
        },
        "20133": {
            "year_quarter": 20133,
            "year": 2013,
            "quarter": 3,
            "eps": -0.28,
            "eps_growth_year": null,
            "eps_4q": -1.75,
            "eps_4q_growth_year": null,
            "roe": -5.23,
            "roe_4q": -28.25,
            "gross_profit": -55758,
            "gross_margin": -60.35,
            "gross_margin_4q_avg": -71.91,
            "net_income": -76332,
            "revenue": 92392,
            "common_shares": 2692604,
            "book_valuer_per_share": 5.26,
            "book_valuer_per_share_4q_avg": 5.76,
            "equity": 1416535,
            "current_ratio": 148.55,
            "debt_ratio": 33.12,
            "inventory_turnover_ratio": 0.62,
            "account_receivable_turnover_ratio": 0.73,
            "reinvestment_rate": null,
            "research_to_sale_ratio": 4.47,
            "price_fair": 0,
            "eps_avg_yearly": 0,
            "eps_latest_yearly": 0,
            "eps_growth_yearly": 0
        },
        "20134": {
            "year_quarter": 20134,
            "year": 2013,
            "quarter": 4,
            "eps": -1.02,
            "eps_growth_year": null,
            "eps_4q": -2.2,
            "eps_4q_growth_year": null,
            "roe": -22,
            "roe_4q": -41.9,
            "gross_profit": -97591,
            "gross_margin": -108.37,
            "gross_margin_4q_avg": -91.23,
            "net_income": -275479,
            "revenue": 90056,
            "common_shares": 2692604,
            "book_valuer_per_share": 4.04,
            "book_valuer_per_share_4q_avg": 5.19,
            "equity": 1088171,
            "current_ratio": 111.13,
            "debt_ratio": 35.54,
            "inventory_turnover_ratio": 1.03,
            "account_receivable_turnover_ratio": 0.77,
            "reinvestment_rate": null,
            "research_to_sale_ratio": 3.54,
            "price_fair": 0,
            "eps_avg_yearly": 0,
            "eps_latest_yearly": 0,
            "eps_growth_yearly": 0
        },
        "20141": {
            "year_quarter": 20141,
            "year": 2014,
            "quarter": 1,
            "eps": -0.2,
            "eps_growth_year": null,
            "eps_4q": -1.85,
            "eps_4q_growth_year": null,
            "roe": -5.08,
            "roe_4q": -38.300000000000004,
            "gross_profit": -70346,
            "gross_margin": -109.13,
            "gross_margin_4q_avg": -92.2,
            "net_income": -53851,
            "revenue": 64461,
            "common_shares": 2692604,
            "book_valuer_per_share": 3.84,
            "book_valuer_per_share_4q_avg": 4.68,
            "equity": 1032808,
            "current_ratio": 92.49,
            "debt_ratio": 37.11,
            "inventory_turnover_ratio": 0.99,
            "account_receivable_turnover_ratio": 0.58,
            "reinvestment_rate": null,
            "research_to_sale_ratio": 3.44,
            "price_fair": 0,
            "eps_avg_yearly": 0,
            "eps_latest_yearly": 0,
            "eps_growth_yearly": 0
        },
        "20142": {
            "year_quarter": 20142,
            "year": 2014,
            "quarter": 2,
            "eps": -0.03,
            "eps_growth_year": null,
            "eps_4q": -1.54,
            "eps_4q_growth_year": null,
            "roe": -0.92,
            "roe_4q": -33.230000000000004,
            "gross_profit": -42751,
            "gross_margin": -75.3,
            "gross_margin_4q_avg": -88.29,
            "net_income": -9381,
            "revenue": 56776,
            "common_shares": 2692604,
            "book_valuer_per_share": 3.77,
            "book_valuer_per_share_4q_avg": 4.23,
            "equity": 1015211,
            "current_ratio": 98.64,
            "debt_ratio": 38.93,
            "inventory_turnover_ratio": 0.67,
            "account_receivable_turnover_ratio": 0.6,
            "reinvestment_rate": null,
            "research_to_sale_ratio": 5.83,
            "price_fair": 0,
            "eps_avg_yearly": 0,
            "eps_latest_yearly": 0,
            "eps_growth_yearly": 0
        },
        "20143": {
            "year_quarter": 20143,
            "year": 2014,
            "quarter": 3,
            "eps": -0.29,
            "eps_growth_year": null,
            "eps_4q": -1.55,
            "eps_4q_growth_year": null,
            "roe": -7.97,
            "roe_4q": -35.97,
            "gross_profit": -79862,
            "gross_margin": -161.83,
            "gross_margin_4q_avg": -113.66,
            "net_income": -78226,
            "revenue": 49350,
            "common_shares": 2692604,
            "book_valuer_per_share": 3.52,
            "book_valuer_per_share_4q_avg": 3.79,
            "equity": 948476,
            "current_ratio": 77.05,
            "debt_ratio": 40.34,
            "inventory_turnover_ratio": 0.83,
            "account_receivable_turnover_ratio": 0.58,
            "reinvestment_rate": null,
            "research_to_sale_ratio": 6.1,
            "price_fair": 0,
            "eps_avg_yearly": 0,
            "eps_latest_yearly": 0,
            "eps_growth_yearly": 0
        },
        "20144": {
            "year_quarter": 20144,
            "year": 2014,
            "quarter": 4,
            "eps": -1.03,
            "eps_growth_year": null,
            "eps_4q": -1.55,
            "eps_4q_growth_year": null,
            "roe": -33.89,
            "roe_4q": -47.86,
            "gross_profit": -129007,
            "gross_margin": -442.35,
            "gross_margin_4q_avg": -197.15,
            "net_income": -276892,
            "revenue": 29164,
            "common_shares": 2692604,
            "book_valuer_per_share": 2.55,
            "book_valuer_per_share_4q_avg": 3.42,
            "equity": 685625,
            "current_ratio": 49.06,
            "debt_ratio": 51.56,
            "inventory_turnover_ratio": 1.35,
            "account_receivable_turnover_ratio": 0.37,
            "reinvestment_rate": null,
            "research_to_sale_ratio": 7.25,
            "price_fair": 0,
            "eps_avg_yearly": 0,
            "eps_latest_yearly": 0,
            "eps_growth_yearly": 0
        },
        "20151": {
            "year_quarter": 20151,
            "year": 2015,
            "quarter": 1,
            "eps": -0.17,
            "eps_growth_year": null,
            "eps_4q": -1.53,
            "eps_4q_growth_year": null,
            "roe": -7.04,
            "roe_4q": -49.82,
            "gross_profit": -71746,
            "gross_margin": -295.09,
            "gross_margin_4q_avg": -243.64,
            "net_income": -46539,
            "revenue": 24313,
            "common_shares": 2692604,
            "book_valuer_per_share": 2.36,
            "book_valuer_per_share_4q_avg": 3.05,
            "equity": 636797,
            "current_ratio": 50.31,
            "debt_ratio": 52.04,
            "inventory_turnover_ratio": 1.18,
            "account_receivable_turnover_ratio": 0.38,
            "reinvestment_rate": null,
            "research_to_sale_ratio": 17.18,
            "price_fair": 0,
            "eps_avg_yearly": 0,
            "eps_latest_yearly": 0,
            "eps_growth_yearly": 0
        },
        "20152": {
            "year_quarter": 20152,
            "year": 2015,
            "quarter": 2,
            "eps": -0.23,
            "eps_growth_year": null,
            "eps_4q": -1.72,
            "eps_4q_growth_year": null,
            "roe": -10.12,
            "roe_4q": -59.019999999999996,
            "gross_profit": -68076,
            "gross_margin": -200.96,
            "gross_margin_4q_avg": -275.06,
            "net_income": -61127,
            "revenue": 33876,
            "common_shares": 2692604,
            "book_valuer_per_share": 2.12,
            "book_valuer_per_share_4q_avg": 2.64,
            "equity": 571694,
            "current_ratio": 51.68,
            "debt_ratio": 51.67,
            "inventory_turnover_ratio": 1.63,
            "account_receivable_turnover_ratio": 0.6,
            "reinvestment_rate": null,
            "research_to_sale_ratio": 7.21,
            "price_fair": 0,
            "eps_avg_yearly": 0,
            "eps_latest_yearly": 0,
            "eps_growth_yearly": 0
        },
        "20153": {
            "year_quarter": 20153,
            "year": 2015,
            "quarter": 3,
            "eps": -0.25,
            "eps_growth_year": null,
            "eps_4q": -1.67,
            "eps_4q_growth_year": null,
            "roe": -12.2,
            "roe_4q": -63.25,
            "gross_profit": -60201,
            "gross_margin": -181.07,
            "gross_margin_4q_avg": -279.87,
            "net_income": -66367,
            "revenue": 33248,
            "common_shares": 2692604,
            "book_valuer_per_share": 1.92,
            "book_valuer_per_share_4q_avg": 2.24,
            "equity": 516427,
            "current_ratio": 42.12,
            "debt_ratio": 54.52,
            "inventory_turnover_ratio": 2.23,
            "account_receivable_turnover_ratio": 0.65,
            "reinvestment_rate": null,
            "research_to_sale_ratio": 12.89,
            "price_fair": 0,
            "eps_avg_yearly": 0,
            "eps_latest_yearly": 0,
            "eps_growth_yearly": 0
        },
        "20154": {
            "year_quarter": 20154,
            "year": 2015,
            "quarter": 4,
            "eps": -0.34,
            "eps_growth_year": null,
            "eps_4q": -0.99,
            "eps_4q_growth_year": null,
            "roe": -19.8,
            "roe_4q": -49.16,
            "gross_profit": -30043,
            "gross_margin": -90.11,
            "gross_margin_4q_avg": -191.81,
            "net_income": -92143,
            "revenue": 33340,
            "common_shares": 2692604,
            "book_valuer_per_share": 1.54,
            "book_valuer_per_share_4q_avg": 1.99,
            "equity": 414490,
            "current_ratio": 26.73,
            "debt_ratio": 58.35,
            "inventory_turnover_ratio": 1.73,
            "account_receivable_turnover_ratio": 0.79,
            "reinvestment_rate": null,
            "research_to_sale_ratio": 20.42,
            "price_fair": 0,
            "eps_avg_yearly": 0,
            "eps_latest_yearly": 0,
            "eps_growth_yearly": 0
        },
        "20161": {
            "year_quarter": 20161,
            "year": 2016,
            "quarter": 1,
            "eps": -0.07,
            "eps_growth_year": null,
            "eps_4q": -0.88,
            "eps_4q_growth_year": null,
            "roe": -4.54,
            "roe_4q": -46.66,
            "gross_profit": -14534,
            "gross_margin": -44.01,
            "gross_margin_4q_avg": -129.04,
            "net_income": -18368,
            "revenue": 33024,
            "common_shares": 2692604,
            "book_valuer_per_share": 1.47,
            "book_valuer_per_share_4q_avg": 1.76,
            "equity": 395268,
            "current_ratio": 31.57,
            "debt_ratio": 61.39,
            "inventory_turnover_ratio": 0.86,
            "account_receivable_turnover_ratio": 0.8,
            "reinvestment_rate": null,
            "research_to_sale_ratio": 13.44,
            "price_fair": 0,
            "eps_avg_yearly": 0,
            "eps_latest_yearly": 0,
            "eps_growth_yearly": 0
        },
        "20162": {
            "year_quarter": 20162,
            "year": 2016,
            "quarter": 2,
            "eps": -0.14,
            "eps_growth_year": null,
            "eps_4q": -0.8,
            "eps_4q_growth_year": null,
            "roe": -10.22,
            "roe_4q": -46.760000000000005,
            "gross_profit": -38966,
            "gross_margin": -86.27,
            "gross_margin_4q_avg": -100.37,
            "net_income": -38226,
            "revenue": 45170,
            "common_shares": 2692604,
            "book_valuer_per_share": 1.31,
            "book_valuer_per_share_4q_avg": 1.56,
            "equity": 352847,
            "current_ratio": 34.76,
            "debt_ratio": 66.25,
            "inventory_turnover_ratio": 1.06,
            "account_receivable_turnover_ratio": 0.91,
            "reinvestment_rate": null,
            "research_to_sale_ratio": 6.27,
            "price_fair": 0,
            "eps_avg_yearly": 0,
            "eps_latest_yearly": 0,
            "eps_growth_yearly": 0
        },
        "20163": {
            "year_quarter": 20163,
            "year": 2016,
            "quarter": 3,
            "eps": -0.2,
            "eps_growth_year": null,
            "eps_4q": -0.76,
            "eps_4q_growth_year": null,
            "roe": -17,
            "roe_4q": -51.56,
            "gross_profit": -49327,
            "gross_margin": -114.96,
            "gross_margin_4q_avg": -83.84,
            "net_income": -54904,
            "revenue": 42908,
            "common_shares": 2692604,
            "book_valuer_per_share": 1.09,
            "book_valuer_per_share_4q_avg": 1.35,
            "equity": 292989,
            "current_ratio": 39.53,
            "debt_ratio": 71.34,
            "inventory_turnover_ratio": 1.09,
            "account_receivable_turnover_ratio": 0.75,
            "reinvestment_rate": null,
            "research_to_sale_ratio": 6.12,
            "price_fair": 0,
            "eps_avg_yearly": 0,
            "eps_latest_yearly": 0,
            "eps_growth_yearly": 0
        },
        "20164": {
            "year_quarter": 20164,
            "year": 2016,
            "quarter": 4,
            "eps": -0.18,
            "eps_growth_year": null,
            "eps_4q": -0.59,
            "eps_4q_growth_year": null,
            "roe": -17.58,
            "roe_4q": -49.339999999999996,
            "gross_profit": -43187,
            "gross_margin": -84.17,
            "gross_margin_4q_avg": -82.35,
            "net_income": -47121,
            "revenue": 51307,
            "common_shares": 2692604,
            "book_valuer_per_share": 0.9,
            "book_valuer_per_share_4q_avg": 1.19,
            "equity": 243042,
            "current_ratio": 38.86,
            "debt_ratio": 76.46,
            "inventory_turnover_ratio": 1.14,
            "account_receivable_turnover_ratio": 0.79,
            "reinvestment_rate": null,
            "research_to_sale_ratio": 4.45,
            "price_fair": 0,
            "eps_avg_yearly": 0,
            "eps_latest_yearly": 0,
            "eps_growth_yearly": 0
        },
        "20171": {
            "year_quarter": 20171,
            "year": 2017,
            "quarter": 1,
            "eps": -0.27,
            "eps_growth_year": null,
            "eps_4q": -0.79,
            "eps_4q_growth_year": null,
            "roe": -36.24,
            "roe_4q": -81.03999999999999,
            "gross_profit": -45612,
            "gross_margin": -97.04,
            "gross_margin_4q_avg": -95.61,
            "net_income": -73526,
            "revenue": 47003,
            "common_shares": 2692604,
            "book_valuer_per_share": 0.6,
            "book_valuer_per_share_4q_avg": 0.98,
            "equity": 162742,
            "current_ratio": 63.03,
            "debt_ratio": 85.18,
            "inventory_turnover_ratio": 1.08,
            "account_receivable_turnover_ratio": 0.72,
            "reinvestment_rate": null,
            "research_to_sale_ratio": 4.03,
            "price_fair": 0,
            "eps_avg_yearly": 0,
            "eps_latest_yearly": 0,
            "eps_growth_yearly": 0
        },
        "20172": {
            "year_quarter": 20172,
            "year": 2017,
            "quarter": 2,
            "eps": 0.21,
            "eps_growth_year": null,
            "eps_4q": -0.45,
            "eps_4q_growth_year": null,
            "roe": 29.31,
            "roe_4q": -41.510000000000005,
            "gross_profit": -54054,
            "gross_margin": -97.64,
            "gross_margin_4q_avg": -98.45,
            "net_income": 55388,
            "revenue": 55360,
            "common_shares": 2692604,
            "book_valuer_per_share": 0.8,
            "book_valuer_per_share_4q_avg": 0.85,
            "equity": 215249,
            "current_ratio": 134.22,
            "debt_ratio": 76.97,
            "inventory_turnover_ratio": 1.24,
            "account_receivable_turnover_ratio": 0.87,
            "reinvestment_rate": null,
            "research_to_sale_ratio": 4.24,
            "price_fair": 0,
            "eps_avg_yearly": 0,
            "eps_latest_yearly": 0,
            "eps_growth_yearly": 0
        },
        "20173": {
            "year_quarter": 20173,
            "year": 2017,
            "quarter": 3,
            "eps": -0.16,
            "eps_growth_year": null,
            "eps_4q": -0.41,
            "eps_4q_growth_year": null,
            "roe": -23.65,
            "roe_4q": -48.16,
            "gross_profit": -42081,
            "gross_margin": -57.86,
            "gross_margin_4q_avg": -84.18,
            "net_income": -44272,
            "revenue": 72730,
            "common_shares": 2692604,
            "book_valuer_per_share": 0.59,
            "book_valuer_per_share_4q_avg": 0.72,
            "equity": 159101,
            "current_ratio": 115.26,
            "debt_ratio": 82.67,
            "inventory_turnover_ratio": 1.23,
            "account_receivable_turnover_ratio": 0.94,
            "reinvestment_rate": null,
            "research_to_sale_ratio": 3.43,
            "price_fair": 0,
            "eps_avg_yearly": 0,
            "eps_latest_yearly": 0,
            "eps_growth_yearly": 0
        },
        "20174": {
            "year_quarter": 20174,
            "year": 2017,
            "quarter": 4,
            "eps": -0.27,
            "eps_growth_year": null,
            "eps_4q": -0.5,
            "eps_4q_growth_year": null,
            "roe": -55.24,
            "roe_4q": -85.82,
            "gross_profit": -48099,
            "gross_margin": -93.21,
            "gross_margin_4q_avg": -86.44,
            "net_income": -73392,
            "revenue": 51603,
            "common_shares": 2692604,
            "book_valuer_per_share": 0.4,
            "book_valuer_per_share_4q_avg": 0.6,
            "equity": 106635,
            "current_ratio": 103.21,
            "debt_ratio": 87.07,
            "inventory_turnover_ratio": 0.94,
            "account_receivable_turnover_ratio": 0.63,
            "reinvestment_rate": null,
            "research_to_sale_ratio": 4.23,
            "price_fair": 0,
            "eps_avg_yearly": 0,
            "eps_latest_yearly": 0,
            "eps_growth_yearly": 0
        },
        "20181": {
            "year_quarter": 20181,
            "year": 2018,
            "quarter": 1,
            "eps": -0.12,
            "eps_growth_year": null,
            "eps_4q": -0.35,
            "eps_4q_growth_year": null,
            "roe": -34.9,
            "roe_4q": -84.47999999999999,
            "gross_profit": -26036,
            "gross_margin": -37.71,
            "gross_margin_4q_avg": -71.61,
            "net_income": -31734,
            "revenue": 69048,
            "common_shares": 2692604,
            "book_valuer_per_share": 0.28,
            "book_valuer_per_share_4q_avg": 0.52,
            "equity": 75205,
            "current_ratio": 96.84,
            "debt_ratio": 90.8,
            "inventory_turnover_ratio": 0.81,
            "account_receivable_turnover_ratio": 0.9,
            "reinvestment_rate": null,
            "research_to_sale_ratio": 2.98,
            "price_fair": 0,
            "eps_avg_yearly": 0,
            "eps_latest_yearly": 0,
            "eps_growth_yearly": 0
        },
        "20182": {
            "year_quarter": 20182,
            "year": 2018,
            "quarter": 2,
            "eps": 0.71,
            "eps_growth_year": 238.1,
            "eps_4q": 0.15,
            "eps_4q_growth_year": null,
            "roe": 112.3,
            "roe_4q": -1.4899999999999949,
            "gross_profit": -38536,
            "gross_margin": -84.79,
            "gross_margin_4q_avg": -68.39,
            "net_income": 190261,
            "revenue": 45451,
            "common_shares": 2692604,
            "book_valuer_per_share": 0.98,
            "book_valuer_per_share_4q_avg": 0.56,
            "equity": 263644,
            "current_ratio": 110.27,
            "debt_ratio": 55.67,
            "inventory_turnover_ratio": 0.67,
            "account_receivable_turnover_ratio": 0.62,
            "reinvestment_rate": null,
            "research_to_sale_ratio": 4.85,
            "price_fair": 0,
            "eps_avg_yearly": 0,
            "eps_latest_yearly": 0,
            "eps_growth_yearly": 0
        },
        "20183": {
            "year_quarter": 20183,
            "year": 2018,
            "quarter": 3,
            "eps": -0.15,
            "eps_growth_year": null,
            "eps_4q": 0.16,
            "eps_4q_growth_year": null,
            "roe": -18.06,
            "roe_4q": 4.099999999999994,
            "gross_profit": -50753,
            "gross_margin": -141.57,
            "gross_margin_4q_avg": -89.32,
            "net_income": -40828,
            "revenue": 35851,
            "common_shares": 2692604,
            "book_valuer_per_share": 0.7,
            "book_valuer_per_share_4q_avg": 0.59,
            "equity": 188387,
            "current_ratio": 106.31,
            "debt_ratio": 60.27,
            "inventory_turnover_ratio": 0.72,
            "account_receivable_turnover_ratio": 0.51,
            "reinvestment_rate": null,
            "research_to_sale_ratio": 3.95,
            "price_fair": 0,
            "eps_avg_yearly": 0,
            "eps_latest_yearly": 0,
            "eps_growth_yearly": 0
        },
        "20184": {
            "year_quarter": 20184,
            "year": 2018,
            "quarter": 4,
            "eps": -0.17,
            "eps_growth_year": null,
            "eps_4q": 0.26,
            "eps_4q_growth_year": null,
            "roe": -28.38,
            "roe_4q": 30.96,
            "gross_profit": -53613,
            "gross_margin": -156.72,
            "gross_margin_4q_avg": -105.2,
            "net_income": -46967,
            "revenue": 34210,
            "common_shares": 2692604,
            "book_valuer_per_share": 0.53,
            "book_valuer_per_share_4q_avg": 0.62,
            "equity": 142558,
            "current_ratio": 91.25,
            "debt_ratio": 65.96,
            "inventory_turnover_ratio": 0.89,
            "account_receivable_turnover_ratio": 0.57,
            "reinvestment_rate": null,
            "research_to_sale_ratio": 1.4,
            "price_fair": 0,
            "eps_avg_yearly": 0,
            "eps_latest_yearly": 0,
            "eps_growth_yearly": 0
        },
        "20191": {
            "year_quarter": 20191,
            "year": 2019,
            "quarter": 1,
            "eps": -0.13,
            "eps_growth_year": null,
            "eps_4q": 0.25,
            "eps_4q_growth_year": null,
            "roe": -27.12,
            "roe_4q": 38.739999999999995,
            "gross_profit": -33937,
            "gross_margin": -112.09,
            "gross_margin_4q_avg": -123.79,
            "net_income": -34334,
            "revenue": 30276,
            "common_shares": 2692604,
            "book_valuer_per_share": 0.41,
            "book_valuer_per_share_4q_avg": 0.66,
            "equity": 110639,
            "current_ratio": 75.16,
            "debt_ratio": 74.58,
            "inventory_turnover_ratio": 0.79,
            "account_receivable_turnover_ratio": 0.71,
            "reinvestment_rate": null,
            "research_to_sale_ratio": 0,
            "price_fair": 0,
            "eps_avg_yearly": 0,
            "eps_latest_yearly": 0,
            "eps_growth_yearly": 0
        },
        "20192": {
            "year_quarter": 20192,
            "year": 2019,
            "quarter": 2,
            "eps": -0.09,
            "eps_growth_year": -112.68,
            "eps_4q": -0.55,
            "eps_4q_growth_year": -461.49,
            "roe": -26.33,
            "roe_4q": -99.89,
            "gross_profit": -30917,
            "gross_margin": -112.59,
            "gross_margin_4q_avg": -130.74,
            "net_income": -25588,
            "revenue": 27461,
            "common_shares": 2692604,
            "book_valuer_per_share": 0.31,
            "book_valuer_per_share_4q_avg": 0.49,
            "equity": 83718,
            "current_ratio": 69.02,
            "debt_ratio": 78.83,
            "inventory_turnover_ratio": 0.77,
            "account_receivable_turnover_ratio": 0.78,
            "reinvestment_rate": null,
            "research_to_sale_ratio": 0,
            "price_fair": 0,
            "eps_avg_yearly": 0,
            "eps_latest_yearly": 0,
            "eps_growth_yearly": 0
        },
        "20193": {
            "year_quarter": 20193,
            "year": 2019,
            "quarter": 3,
            "eps": -0.1,
            "eps_growth_year": null,
            "eps_4q": -0.49,
            "eps_4q_growth_year": -399.89,
            "roe": -37.79,
            "roe_4q": -119.62,
            "gross_profit": -26845,
            "gross_margin": -84.51,
            "gross_margin_4q_avg": -116.48,
            "net_income": -25984,
            "revenue": 31764,
            "common_shares": 2692604,
            "book_valuer_per_share": 0.2,
            "book_valuer_per_share_4q_avg": 0.36,
            "equity": 53794,
            "current_ratio": 62.04,
            "debt_ratio": 84.83,
            "inventory_turnover_ratio": 0.76,
            "account_receivable_turnover_ratio": 0.88,
            "reinvestment_rate": null,
            "research_to_sale_ratio": 0,
            "price_fair": 0,
            "eps_avg_yearly": 0,
            "eps_latest_yearly": 0,
            "eps_growth_yearly": 0
        },
        "20194": {
            "year_quarter": 20194,
            "year": 2019,
            "quarter": 4,
            "eps": -0.46,
            "eps_growth_year": null,
            "eps_4q": -1.52,
            "eps_4q_growth_year": -678.12,
            "roe": -105.7,
            "roe_4q": -196.94,
            "gross_profit": -34752,
            "gross_margin": -140.16,
            "gross_margin_4q_avg": -112.34,
            "net_income": -36768,
            "revenue": 24794,
            "common_shares": 807781,
            "book_valuer_per_share": 0.2,
            "book_valuer_per_share_4q_avg": 0.28,
            "equity": 15779,
            "current_ratio": 50.78,
            "debt_ratio": 94.88,
            "inventory_turnover_ratio": 0.81,
            "account_receivable_turnover_ratio": 0.74,
            "reinvestment_rate": null,
            "research_to_sale_ratio": 0,
            "price_fair": 0,
            "eps_avg_yearly": 0,
            "eps_latest_yearly": 0,
            "eps_growth_yearly": 0
        },
        "20201": {
            "year_quarter": 20201,
            "year": 2020,
            "quarter": 1,
            "eps": -0.17,
            "eps_growth_year": null,
            "eps_4q": -1.27,
            "eps_4q_growth_year": -601.13,
            "roe": -170.77,
            "roe_4q": -340.59000000000003,
            "gross_profit": -21030,
            "gross_margin": -122.43,
            "gross_margin_4q_avg": -114.92,
            "net_income": -14088,
            "revenue": 17177,
            "common_shares": 807781,
            "book_valuer_per_share": 0.01,
            "book_valuer_per_share_4q_avg": 0.18,
            "equity": 720,
            "current_ratio": 58.89,
            "debt_ratio": 99.7,
            "inventory_turnover_ratio": 0.56,
            "account_receivable_turnover_ratio": 0.61,
            "reinvestment_rate": null,
            "research_to_sale_ratio": null,
            "price_fair": 0,
            "eps_avg_yearly": 0,
            "eps_latest_yearly": 0,
            "eps_growth_yearly": 0
        },
        "20202": {
            "year_quarter": 20202,
            "year": 2020,
            "quarter": 2,
            "eps": -0.3,
            "eps_growth_year": null,
            "eps_4q": -0.96,
            "eps_4q_growth_year": null,
            "roe": -133.11,
            "roe_4q": -447.37,
            "gross_profit": -24713,
            "gross_margin": -145.21,
            "gross_margin_4q_avg": -123.08,
            "net_income": -23934,
            "revenue": 17019,
            "common_shares": 1047781,
            "book_valuer_per_share": 0.34,
            "book_valuer_per_share_4q_avg": 0.19,
            "equity": 35240,
            "current_ratio": 77.42,
            "debt_ratio": 86.98,
            "inventory_turnover_ratio": 0.61,
            "account_receivable_turnover_ratio": 0.69,
            "reinvestment_rate": null,
            "research_to_sale_ratio": null,
            "price_fair": 0,
            "eps_avg_yearly": 0,
            "eps_latest_yearly": 0,
            "eps_growth_yearly": 0
        },
        "20203": {
            "year_quarter": 20203,
            "year": 2020,
            "quarter": 3,
            "eps": -0.24,
            "eps_growth_year": null,
            "eps_4q": -0.96,
            "eps_4q_growth_year": null,
            "roe": -109.6,
            "roe_4q": -519.1800000000001,
            "gross_profit": -24053,
            "gross_margin": -137.3,
            "gross_margin_4q_avg": -136.28,
            "net_income": -25499,
            "revenue": 17518,
            "common_shares": 1047781,
            "book_valuer_per_share": 0.11,
            "book_valuer_per_share_4q_avg": 0.17,
            "equity": 11289,
            "current_ratio": 79.09,
            "debt_ratio": 95.2,
            "inventory_turnover_ratio": 0.61,
            "account_receivable_turnover_ratio": 0.81,
            "reinvestment_rate": null,
            "research_to_sale_ratio": null,
            "price_fair": 0,
            "eps_avg_yearly": 0,
            "eps_latest_yearly": 0,
            "eps_growth_yearly": 0
        },
        "20204": {
            "year_quarter": 20204,
            "year": 2020,
            "quarter": 4,
            "eps": -0.09,
            "eps_growth_year": null,
            "eps_4q": -0.7,
            "eps_4q_growth_year": null,
            "roe": -137.4,
            "roe_4q": -550.88,
            "gross_profit": -27353,
            "gross_margin": -104.33,
            "gross_margin_4q_avg": -127.32,
            "net_income": -9713,
            "revenue": 26218,
            "common_shares": 1047781,
            "book_valuer_per_share": 0.03,
            "book_valuer_per_share_4q_avg": 0.12,
            "equity": 2849,
            "current_ratio": 70.89,
            "debt_ratio": 98.58,
            "inventory_turnover_ratio": 0.79,
            "account_receivable_turnover_ratio": 1.16,
            "reinvestment_rate": null,
            "research_to_sale_ratio": null,
            "price_fair": 0,
            "eps_avg_yearly": 0,
            "eps_latest_yearly": 0,
            "eps_growth_yearly": 0
        },
        "20211": {
            "year_quarter": 20211,
            "year": 2021,
            "quarter": 1,
            "eps": 0.04,
            "eps_growth_year": null,
            "eps_4q": -0.53,
            "eps_4q_growth_year": null,
            "roe": 80.6,
            "roe_4q": -299.51,
            "gross_profit": -16875,
            "gross_margin": -79.71,
            "gross_margin_4q_avg": -116.64,
            "net_income": 4052,
            "revenue": 21170,
            "common_shares": 1047781,
            "book_valuer_per_share": 0.07,
            "book_valuer_per_share_4q_avg": 0.14,
            "equity": 7206,
            "current_ratio": 74.69,
            "debt_ratio": 96.43,
            "inventory_turnover_ratio": 0.6,
            "account_receivable_turnover_ratio": 0.87,
            "reinvestment_rate": null,
            "research_to_sale_ratio": null,
            "price_fair": 0,
            "eps_avg_yearly": 0,
            "eps_latest_yearly": 0,
            "eps_growth_yearly": 0
        },
        "20212": {
            "year_quarter": 20212,
            "year": 2021,
            "quarter": 2,
            "eps": -0.05,
            "eps_growth_year": null,
            "eps_4q": -0.35,
            "eps_4q_growth_year": null,
            "roe": -135.66,
            "roe_4q": -302.06,
            "gross_profit": -18652,
            "gross_margin": -119.08,
            "gross_margin_4q_avg": -110.11,
            "net_income": -5676,
            "revenue": 15664,
            "common_shares": 1047781,
            "book_valuer_per_share": 0.01,
            "book_valuer_per_share_4q_avg": 0.06,
            "equity": 1162,
            "current_ratio": 74.35,
            "debt_ratio": 99.42,
            "inventory_turnover_ratio": 0.57,
            "account_receivable_turnover_ratio": 0.69,
            "reinvestment_rate": null,
            "research_to_sale_ratio": null,
            "price_fair": 0,
            "eps_avg_yearly": 0,
            "eps_latest_yearly": 0,
            "eps_growth_yearly": 0
        },
        "20213": {
            "year_quarter": 20213,
            "year": 2021,
            "quarter": 3,
            "eps": 0.02,
            "eps_growth_year": null,
            "eps_4q": -0.09,
            "eps_4q_growth_year": null,
            "roe": 92.58,
            "roe_4q": -99.88000000000001,
            "gross_profit": -18064,
            "gross_margin": -148.5,
            "gross_margin_4q_avg": -112.91,
            "net_income": 1729,
            "revenue": 12164,
            "common_shares": 1047781,
            "book_valuer_per_share": 0.02,
            "book_valuer_per_share_4q_avg": 0.03,
            "equity": 2573,
            "current_ratio": 73.27,
            "debt_ratio": 98.75,
            "inventory_turnover_ratio": 0.5,
            "account_receivable_turnover_ratio": 0.7,
            "reinvestment_rate": null,
            "research_to_sale_ratio": null,
            "price_fair": 0,
            "eps_avg_yearly": 0,
            "eps_latest_yearly": 0,
            "eps_growth_yearly": 0
        },
        "20214": {
            "year_quarter": 20214,
            "year": 2021,
            "quarter": 4,
            "eps": -0.02,
            "eps_growth_year": null,
            "eps_4q": -0.02,
            "eps_4q_growth_year": null,
            "roe": -132.47,
            "roe_4q": -94.95000000000002,
            "gross_profit": -28772,
            "gross_margin": -225.86,
            "gross_margin_4q_avg": -143.29,
            "net_income": -2366,
            "revenue": 12739,
            "common_shares": 1047781,
            "book_valuer_per_share": 0.01,
            "book_valuer_per_share_4q_avg": 0.03,
            "equity": 999,
            "current_ratio": 86.3,
            "debt_ratio": 99.54,
            "inventory_turnover_ratio": 0.7,
            "account_receivable_turnover_ratio": 0.71,
            "reinvestment_rate": null,
            "research_to_sale_ratio": null,
            "price_fair": 0,
            "eps_avg_yearly": 0,
            "eps_latest_yearly": 0,
            "eps_growth_yearly": 0
        },
        "20221": {
            "year_quarter": 20221,
            "year": 2022,
            "quarter": 1,
            "eps": -0.02,
            "eps_growth_year": -150,
            "eps_4q": -0.08,
            "eps_4q_growth_year": null,
            "roe": -142.94,
            "roe_4q": -318.49,
            "gross_profit": -17294,
            "gross_margin": -145.49,
            "gross_margin_4q_avg": -159.73,
            "net_income": -1776,
            "revenue": 11887,
            "common_shares": 1047781,
            "book_valuer_per_share": 0.01,
            "book_valuer_per_share_4q_avg": 0.01,
            "equity": 1486,
            "current_ratio": 108.44,
            "debt_ratio": 99.33,
            "inventory_turnover_ratio": 0.5,
            "account_receivable_turnover_ratio": 0.35,
            "reinvestment_rate": null,
            "research_to_sale_ratio": null,
            "price_fair": 0,
            "eps_avg_yearly": 0,
            "eps_latest_yearly": 0,
            "eps_growth_yearly": 0
        },
        "20222": {
            "year_quarter": 20222,
            "year": 2022,
            "quarter": 2,
            "eps": -0.27,
            "eps_growth_year": null,
            "eps_4q": -0.29,
            "eps_4q_growth_year": null,
            "roe": 215.09,
            "roe_4q": 32.260000000000005,
            "gross_profit": -22668,
            "gross_margin": -318.42,
            "gross_margin_4q_avg": -209.57,
            "net_income": -28347,
            "revenue": 7119,
            "common_shares": 1047781,
            "book_valuer_per_share": -0.27,
            "book_valuer_per_share_4q_avg": -0.06,
            "equity": -27844,
            "current_ratio": 82.06,
            "debt_ratio": 111.46,
            "inventory_turnover_ratio": 0.5,
            "account_receivable_turnover_ratio": 0.14,
            "reinvestment_rate": null,
            "research_to_sale_ratio": null,
            "price_fair": 0,
            "eps_avg_yearly": 0,
            "eps_latest_yearly": 0,
            "eps_growth_yearly": 0
        }
    },
    "months": {
        "2003-08": {
            "month": "2003-08",
            "price": "37.80",
            "revenue": 153145
        },
        "2003-09": {
            "month": "2003-09",
            "price": "32.23",
            "revenue": 164533
        },
        "2003-10": {
            "month": "2003-10",
            "price": "30.19",
            "revenue": 179998
        },
        "2003-11": {
            "month": "2003-11",
            "price": "30.70",
            "revenue": 180584
        },
        "2003-12": {
            "month": "2003-12",
            "price": "35.24",
            "revenue": 190122
        },
        "2004-01": {
            "month": "2004-01",
            "price": "38.77",
            "revenue": 184986
        },
        "2004-02": {
            "month": "2004-02",
            "price": "44.74",
            "revenue": 175261
        },
        "2004-03": {
            "month": "2004-03",
            "price": "39.85",
            "revenue": 211960
        },
        "2004-04": {
            "month": "2004-04",
            "price": "38.50",
            "revenue": 223309
        },
        "2004-05": {
            "month": "2004-05",
            "price": "31.66",
            "revenue": 228737
        },
        "2004-06": {
            "month": "2004-06",
            "price": "31.27",
            "revenue": 207372
        },
        "2004-07": {
            "month": "2004-07",
            "price": "24.55",
            "revenue": 221034
        },
        "2004-08": {
            "month": "2004-08",
            "price": "21.34",
            "revenue": 255246
        },
        "2004-09": {
            "month": "2004-09",
            "price": "24.24",
            "revenue": 269647
        },
        "2004-10": {
            "month": "2004-10",
            "price": "24.35",
            "revenue": 261800
        },
        "2004-11": {
            "month": "2004-11",
            "price": "23.18",
            "revenue": 250826
        },
        "2004-12": {
            "month": "2004-12",
            "price": "23.38",
            "revenue": 203894
        },
        "2005-01": {
            "month": "2005-01",
            "price": "22.02",
            "revenue": 178869
        },
        "2005-02": {
            "month": "2005-02",
            "price": "22.81",
            "revenue": 139522
        },
        "2005-03": {
            "month": "2005-03",
            "price": "26.86",
            "revenue": 195158
        },
        "2005-04": {
            "month": "2005-04",
            "price": "27.20",
            "revenue": 209460
        },
        "2005-05": {
            "month": "2005-05",
            "price": "23.94",
            "revenue": 225262
        },
        "2005-06": {
            "month": "2005-06",
            "price": "24.85",
            "revenue": 220991
        },
        "2005-07": {
            "month": "2005-07",
            "price": "22.70",
            "revenue": 228928
        },
        "2005-08": {
            "month": "2005-08",
            "price": "19.71",
            "revenue": 257518
        },
        "2005-09": {
            "month": "2005-09",
            "price": "19.30",
            "revenue": 267208
        },
        "2005-10": {
            "month": "2005-10",
            "price": "20.10",
            "revenue": 267415
        },
        "2005-11": {
            "month": "2005-11",
            "price": "21.57",
            "revenue": 236005
        },
        "2005-12": {
            "month": "2005-12",
            "price": "24.52",
            "revenue": 207392
        },
        "2006-01": {
            "month": "2006-01",
            "price": "27.22",
            "revenue": 226016
        },
        "2006-02": {
            "month": "2006-02",
            "price": "25.69",
            "revenue": 229442
        },
        "2006-03": {
            "month": "2006-03",
            "price": "31.43",
            "revenue": 272099
        },
        "2006-04": {
            "month": "2006-04",
            "price": "43.09",
            "revenue": 287388
        },
        "2006-05": {
            "month": "2006-05",
            "price": "47.22",
            "revenue": 302457
        },
        "2006-06": {
            "month": "2006-06",
            "price": "40.56",
            "revenue": 308031
        },
        "2006-07": {
            "month": "2006-07",
            "price": "38.16",
            "revenue": 288423
        },
        "2006-08": {
            "month": "2006-08",
            "price": "37.72",
            "revenue": 278808
        },
        "2006-09": {
            "month": "2006-09",
            "price": "34.41",
            "revenue": 288129
        },
        "2006-10": {
            "month": "2006-10",
            "price": "33.06",
            "revenue": 252509
        },
        "2006-11": {
            "month": "2006-11",
            "price": "32.96",
            "revenue": 252881
        },
        "2006-12": {
            "month": "2006-12",
            "price": "36.57",
            "revenue": 227323
        },
        "2007-01": {
            "month": "2007-01",
            "price": "40.87",
            "revenue": 299549
        },
        "2007-02": {
            "month": "2007-02",
            "price": "46.40",
            "revenue": 250667
        },
        "2007-03": {
            "month": "2007-03",
            "price": "45.54",
            "revenue": 334690
        },
        "2007-04": {
            "month": "2007-04",
            "price": "46.10",
            "revenue": 318406
        },
        "2007-05": {
            "month": "2007-05",
            "price": "42.14",
            "revenue": 324708
        },
        "2007-06": {
            "month": "2007-06",
            "price": "45.48",
            "revenue": 253311
        },
        "2007-07": {
            "month": "2007-07",
            "price": "54.22",
            "revenue": 336795
        },
        "2007-08": {
            "month": "2007-08",
            "price": "50.92",
            "revenue": 321917
        },
        "2007-09": {
            "month": "2007-09",
            "price": "48.64",
            "revenue": 319862
        },
        "2007-10": {
            "month": "2007-10",
            "price": "46.81",
            "revenue": 298088
        },
        "2007-11": {
            "month": "2007-11",
            "price": "32.80",
            "revenue": 323500
        },
        "2007-12": {
            "month": "2007-12",
            "price": "30.00",
            "revenue": 253802
        },
        "2008-01": {
            "month": "2008-01",
            "price": "27.58",
            "revenue": 278817
        },
        "2008-02": {
            "month": "2008-02",
            "price": "23.91",
            "revenue": 216821
        },
        "2008-03": {
            "month": "2008-03",
            "price": "23.65",
            "revenue": 239544
        },
        "2008-04": {
            "month": "2008-04",
            "price": "24.69",
            "revenue": 248354
        },
        "2008-05": {
            "month": "2008-05",
            "price": "25.94",
            "revenue": 161571
        },
        "2008-06": {
            "month": "2008-06",
            "price": "20.26",
            "revenue": 209990
        },
        "2008-07": {
            "month": "2008-07",
            "price": "12.88",
            "revenue": 177809
        },
        "2008-08": {
            "month": "2008-08",
            "price": "13.15",
            "revenue": 180834
        },
        "2008-09": {
            "month": "2008-09",
            "price": "9.47",
            "revenue": 174836
        },
        "2008-10": {
            "month": "2008-10",
            "price": "6.62",
            "revenue": 189322
        },
        "2008-11": {
            "month": "2008-11",
            "price": "3.53",
            "revenue": 126477
        },
        "2008-12": {
            "month": "2008-12",
            "price": "3.97",
            "revenue": 118873
        },
        "2009-01": {
            "month": "2009-01",
            "price": "3.95",
            "revenue": 80568
        },
        "2009-02": {
            "month": "2009-02",
            "price": "5.89",
            "revenue": 80767
        },
        "2009-03": {
            "month": "2009-03",
            "price": "8.49",
            "revenue": 108263
        },
        "2009-04": {
            "month": "2009-04",
            "price": "10.06",
            "revenue": 92298
        },
        "2009-05": {
            "month": "2009-05",
            "price": "10.32",
            "revenue": 100691
        },
        "2009-06": {
            "month": "2009-06",
            "price": "10.07",
            "revenue": 154622
        },
        "2009-07": {
            "month": "2009-07",
            "price": "11.58",
            "revenue": 109736
        },
        "2009-08": {
            "month": "2009-08",
            "price": "12.12",
            "revenue": 109515
        },
        "2009-09": {
            "month": "2009-09",
            "price": "12.80",
            "revenue": 131413
        },
        "2009-10": {
            "month": "2009-10",
            "price": "12.80",
            "revenue": 157579
        },
        "2009-11": {
            "month": "2009-11",
            "price": "11.78",
            "revenue": 155381
        },
        "2009-12": {
            "month": "2009-12",
            "price": "12.28",
            "revenue": 106359
        },
        "2010-01": {
            "month": "2010-01",
            "price": "11.72",
            "revenue": 141802
        },
        "2010-02": {
            "month": "2010-02",
            "price": "9.44",
            "revenue": 110459
        },
        "2010-03": {
            "month": "2010-03",
            "price": "10.11",
            "revenue": 152788
        },
        "2010-04": {
            "month": "2010-04",
            "price": "9.31",
            "revenue": 144258
        },
        "2010-05": {
            "month": "2010-05",
            "price": "7.06",
            "revenue": 151988
        },
        "2010-06": {
            "month": "2010-06",
            "price": "7.47",
            "revenue": 148668
        },
        "2010-07": {
            "month": "2010-07",
            "price": "7.40",
            "revenue": 151312
        },
        "2010-08": {
            "month": "2010-08",
            "price": "8.09",
            "revenue": 134590
        },
        "2010-09": {
            "month": "2010-09",
            "price": "8.25",
            "revenue": 163539
        },
        "2010-10": {
            "month": "2010-10",
            "price": "7.84",
            "revenue": 144740
        },
        "2010-11": {
            "month": "2010-11",
            "price": "7.27",
            "revenue": 121011
        },
        "2010-12": {
            "month": "2010-12",
            "price": "7.79",
            "revenue": 131922
        },
        "2011-01": {
            "month": "2011-01",
            "price": "9.83",
            "revenue": 125973
        },
        "2011-02": {
            "month": "2011-02",
            "price": "9.48",
            "revenue": 106562
        },
        "2011-03": {
            "month": "2011-03",
            "price": "9.88",
            "revenue": 130535
        },
        "2011-04": {
            "month": "2011-04",
            "price": "12.17",
            "revenue": 148981
        },
        "2011-05": {
            "month": "2011-05",
            "price": "10.59",
            "revenue": 149966
        },
        "2011-06": {
            "month": "2011-06",
            "price": "10.30",
            "revenue": 146157
        },
        "2011-07": {
            "month": "2011-07",
            "price": "9.26",
            "revenue": 132562
        },
        "2011-08": {
            "month": "2011-08",
            "price": "6.27",
            "revenue": 107035
        },
        "2011-09": {
            "month": "2011-09",
            "price": "4.81",
            "revenue": 110447
        },
        "2011-10": {
            "month": "2011-10",
            "price": "5.51",
            "revenue": 117829
        },
        "2011-11": {
            "month": "2011-11",
            "price": "4.89",
            "revenue": 98268
        },
        "2011-12": {
            "month": "2011-12",
            "price": "4.17",
            "revenue": 86539
        },
        "2012-01": {
            "month": "2012-01",
            "price": "4.60",
            "revenue": 98037
        },
        "2012-02": {
            "month": "2012-02",
            "price": "7.10",
            "revenue": 102389
        },
        "2012-03": {
            "month": "2012-03",
            "price": "7.37",
            "revenue": 128165
        },
        "2012-04": {
            "month": "2012-04",
            "price": "6.36",
            "revenue": 123732
        },
        "2012-05": {
            "month": "2012-05",
            "price": "6.01",
            "revenue": 138527
        },
        "2012-06": {
            "month": "2012-06",
            "price": "5.52",
            "revenue": 140339
        },
        "2012-07": {
            "month": "2012-07",
            "price": "4.78",
            "revenue": 127467
        },
        "2012-08": {
            "month": "2012-08",
            "price": "4.42",
            "revenue": 124787
        },
        "2012-09": {
            "month": "2012-09",
            "price": "4.43",
            "revenue": 122660
        },
        "2012-10": {
            "month": "2012-10",
            "price": "3.96",
            "revenue": 105645
        },
        "2012-11": {
            "month": "2012-11",
            "price": "3.56",
            "revenue": 91900
        },
        "2012-12": {
            "month": "2012-12",
            "price": "4.01",
            "revenue": 91056
        },
        "2013-01": {
            "month": "2013-01",
            "price": "4.59",
            "revenue": 88580
        },
        "2013-02": {
            "month": "2013-02",
            "price": "4.65",
            "revenue": 76466
        },
        "2013-03": {
            "month": "2013-03",
            "price": "4.47",
            "revenue": 94167
        },
        "2013-04": {
            "month": "2013-04",
            "price": "4.21",
            "revenue": 42463
        },
        "2013-05": {
            "month": "2013-05",
            "price": "4.42",
            "revenue": 39304
        },
        "2013-06": {
            "month": "2013-06",
            "price": "4.34",
            "revenue": 31695
        },
        "2013-07": {
            "month": "2013-07",
            "price": "4.15",
            "revenue": 29211
        },
        "2013-08": {
            "month": "2013-08",
            "price": "3.42",
            "revenue": 32023
        },
        "2013-09": {
            "month": "2013-09",
            "price": "3.30",
            "revenue": 31083
        },
        "2013-10": {
            "month": "2013-10",
            "price": "3.62",
            "revenue": 35218
        },
        "2013-11": {
            "month": "2013-11",
            "price": "3.27",
            "revenue": 25262
        },
        "2013-12": {
            "month": "2013-12",
            "price": "3.61",
            "revenue": 29131
        },
        "2014-01": {
            "month": "2014-01",
            "price": "5.13",
            "revenue": 13562
        },
        "2014-02": {
            "month": "2014-02",
            "price": "5.13",
            "revenue": 27547
        },
        "2014-03": {
            "month": "2014-03",
            "price": "5.07",
            "revenue": 23340
        },
        "2014-04": {
            "month": "2014-04",
            "price": "3.42",
            "revenue": 27230
        },
        "2014-05": {
            "month": "2014-05",
            "price": "2.84",
            "revenue": 14538
        },
        "2014-06": {
            "month": "2014-06",
            "price": "3.35",
            "revenue": 15132
        },
        "2014-07": {
            "month": "2014-07",
            "price": "3.09",
            "revenue": 20148
        },
        "2014-08": {
            "month": "2014-08",
            "price": "2.80",
            "revenue": 18041
        },
        "2014-09": {
            "month": "2014-09",
            "price": "2.79",
            "revenue": 11184
        },
        "2014-10": {
            "month": "2014-10",
            "price": "2.28",
            "revenue": 10419
        },
        "2014-11": {
            "month": "2014-11",
            "price": "1.82",
            "revenue": 10543
        },
        "2014-12": {
            "month": "2014-12",
            "price": "2.09",
            "revenue": 8144
        },
        "2015-01": {
            "month": "2015-01",
            "price": "2.10",
            "revenue": 8098
        },
        "2015-02": {
            "month": "2015-02",
            "price": "2.02",
            "revenue": 6032
        },
        "2015-03": {
            "month": "2015-03",
            "price": "2.01",
            "revenue": 10184
        },
        "2015-04": {
            "month": "2015-04",
            "price": "1.88",
            "revenue": 11365
        },
        "2015-05": {
            "month": "2015-05",
            "price": "1.78",
            "revenue": 11165
        },
        "2015-06": {
            "month": "2015-06",
            "price": "1.67",
            "revenue": 11345
        },
        "2015-07": {
            "month": "2015-07",
            "price": "1.31",
            "revenue": 11001
        },
        "2015-08": {
            "month": "2015-08",
            "price": "0.97",
            "revenue": 12121
        },
        "2015-09": {
            "month": "2015-09",
            "price": "1.02",
            "revenue": 10126
        },
        "2015-10": {
            "month": "2015-10",
            "price": "1.16",
            "revenue": 10039
        },
        "2015-11": {
            "month": "2015-11",
            "price": "1.25",
            "revenue": 12869
        },
        "2015-12": {
            "month": "2015-12",
            "price": "1.13",
            "revenue": 10432
        },
        "2016-01": {
            "month": "2016-01",
            "price": "1.13",
            "revenue": 9015
        },
        "2016-02": {
            "month": "2016-02",
            "price": "1.06",
            "revenue": 9708
        },
        "2016-03": {
            "month": "2016-03",
            "price": "1.16",
            "revenue": 14301
        },
        "2016-04": {
            "month": "2016-04",
            "price": "1.13",
            "revenue": 14944
        },
        "2016-05": {
            "month": "2016-05",
            "price": "1.05",
            "revenue": 15165
        },
        "2016-06": {
            "month": "2016-06",
            "price": "1.07",
            "revenue": 15062
        },
        "2016-07": {
            "month": "2016-07",
            "price": "1.28",
            "revenue": 12362
        },
        "2016-08": {
            "month": "2016-08",
            "price": "1.25",
            "revenue": 14478
        },
        "2016-09": {
            "month": "2016-09",
            "price": "1.25",
            "revenue": 16068
        },
        "2016-10": {
            "month": "2016-10",
            "price": "1.30",
            "revenue": 15410
        },
        "2016-11": {
            "month": "2016-11",
            "price": "1.55",
            "revenue": 18453
        },
        "2016-12": {
            "month": "2016-12",
            "price": "1.93",
            "revenue": 17444
        },
        "2017-01": {
            "month": "2017-01",
            "price": "1.87",
            "revenue": 13762
        },
        "2017-02": {
            "month": "2017-02",
            "price": "2.16",
            "revenue": 15011
        },
        "2017-03": {
            "month": "2017-03",
            "price": "3.09",
            "revenue": 18367
        },
        "2017-04": {
            "month": "2017-04",
            "price": "2.99",
            "revenue": 19987
        },
        "2017-05": {
            "month": "2017-05",
            "price": "2.85",
            "revenue": 18093
        },
        "2017-06": {
            "month": "2017-06",
            "price": "2.41",
            "revenue": 17143
        },
        "2017-07": {
            "month": "2017-07",
            "price": "2.10",
            "revenue": 22114
        },
        "2017-08": {
            "month": "2017-08",
            "price": "2.11",
            "revenue": 29381
        },
        "2017-09": {
            "month": "2017-09",
            "price": "2.86",
            "revenue": 21217
        },
        "2017-10": {
            "month": "2017-10",
            "price": "2.84",
            "revenue": 21049
        },
        "2017-11": {
            "month": "2017-11",
            "price": "2.53",
            "revenue": 17379
        },
        "2017-12": {
            "month": "2017-12",
            "price": "2.15",
            "revenue": 13179
        },
        "2018-01": {
            "month": "2018-01",
            "price": "2.16",
            "revenue": 29938
        },
        "2018-02": {
            "month": "2018-02",
            "price": "2.13",
            "revenue": 17456
        },
        "2018-03": {
            "month": "2018-03",
            "price": "2.11",
            "revenue": 21654
        },
        "2018-04": {
            "month": "2018-04",
            "price": "1.95",
            "revenue": 19721
        },
        "2018-05": {
            "month": "2018-05",
            "price": "1.79",
            "revenue": 10837
        },
        "2018-06": {
            "month": "2018-06",
            "price": "1.76",
            "revenue": 14893
        },
        "2018-07": {
            "month": "2018-07",
            "price": "1.62",
            "revenue": 13085
        },
        "2018-08": {
            "month": "2018-08",
            "price": "1.80",
            "revenue": 13020
        },
        "2018-09": {
            "month": "2018-09",
            "price": "1.59",
            "revenue": 9746
        },
        "2018-10": {
            "month": "2018-10",
            "price": "1.35",
            "revenue": 11024
        },
        "2018-11": {
            "month": "2018-11",
            "price": "1.25",
            "revenue": 12050
        },
        "2018-12": {
            "month": "2018-12",
            "price": "1.16",
            "revenue": 11136
        },
        "2019-01": {
            "month": "2019-01",
            "price": "1.20",
            "revenue": 10032
        },
        "2019-02": {
            "month": "2019-02",
            "price": "1.29",
            "revenue": 10227
        },
        "2019-03": {
            "month": "2019-03",
            "price": "1.06",
            "revenue": 10016
        },
        "2019-04": {
            "month": "2019-04",
            "price": "0.82",
            "revenue": 10034
        },
        "2019-05": {
            "month": "2019-05",
            "price": "0.67",
            "revenue": 8570
        },
        "2019-06": {
            "month": "2019-06",
            "price": "0.63",
            "revenue": 8857
        },
        "2019-07": {
            "month": "2019-07",
            "price": "0.57",
            "revenue": 9808
        },
        "2019-08": {
            "month": "2019-08",
            "price": "0.58",
            "revenue": 10652
        },
        "2019-09": {
            "month": "2019-09",
            "price": "0.54",
            "revenue": 11305
        },
        "2019-10": {
            "month": "2019-10",
            "price": "0.58",
            "revenue": 11895
        },
        "2019-11": {
            "month": "2019-11",
            "price": "0.74",
            "revenue": 7279
        },
        "2019-12": {
            "month": "2019-12",
            "price": "0.91",
            "revenue": 5620
        },
        "2020-01": {
            "month": "2020-01",
            "price": "0.84",
            "revenue": 4475
        },
        "2020-02": {
            "month": "2020-02",
            "price": "0.86",
            "revenue": 5908
        },
        "2020-03": {
            "month": "2020-03",
            "price": "1.70",
            "revenue": 6794
        },
        "2020-04": {
            "month": "2020-04",
            "price": "1.86",
            "revenue": 5340
        },
        "2020-05": {
            "month": "2020-05",
            "price": "1.78",
            "revenue": 5877
        },
        "2020-06": {
            "month": "2020-06",
            "price": "1.81",
            "revenue": 5802
        },
        "2020-07": {
            "month": "2020-07",
            "price": "2.04",
            "revenue": 6413
        },
        "2020-08": {
            "month": "2020-08",
            "price": "2.13",
            "revenue": 4458
        },
        "2020-09": {
            "month": "2020-09",
            "price": "4.37",
            "revenue": 6647
        },
        "2020-10": {
            "month": "2020-10",
            "price": "4.17",
            "revenue": 7865
        },
        "2020-11": {
            "month": "2020-11",
            "price": "3.64",
            "revenue": 8243
        },
        "2020-12": {
            "month": "2020-12",
            "price": "3.39",
            "revenue": 10111
        },
        "2021-01": {
            "month": "2021-01",
            "price": "3.58",
            "revenue": 8728
        },
        "2021-02": {
            "month": "2021-02",
            "price": "3.05",
            "revenue": 5322
        },
        "2021-03": {
            "month": "2021-03",
            "price": "3.00",
            "revenue": 7119
        },
        "2021-04": {
            "month": "2021-04",
            "price": "3.38",
            "revenue": 5354
        },
        "2021-05": {
            "month": "2021-05",
            "price": "3.10",
            "revenue": 5401
        },
        "2021-06": {
            "month": "2021-06",
            "price": "2.97",
            "revenue": 4909
        },
        "2021-07": {
            "month": "2021-07",
            "price": "3.23",
            "revenue": 4003
        },
        "2021-08": {
            "month": "2021-08",
            "price": "2.98",
            "revenue": 4858
        },
        "2021-09": {
            "month": "2021-09",
            "price": "2.78",
            "revenue": 3296
        },
        "2021-10": {
            "month": "2021-10",
            "price": "2.70",
            "revenue": 2285
        },
        "2021-11": {
            "month": "2021-11",
            "price": "2.59",
            "revenue": 3419
        },
        "2021-12": {
            "month": "2021-12",
            "price": "2.50",
            "revenue": 7491
        },
        "2022-01": {
            "month": "2022-01",
            "price": "3.33",
            "revenue": 2740
        },
        "2022-02": {
            "month": "2022-02",
            "price": "3.14",
            "revenue": 4044
        },
        "2022-03": {
            "month": "2022-03",
            "price": "3.24",
            "revenue": 5103
        },
        "2022-04": {
            "month": "2022-04",
            "price": "2.99",
            "revenue": 2376
        },
        "2022-05": {
            "month": "2022-05",
            "price": "2.63",
            "revenue": 1698
        },
        "2022-06": {
            "month": "2022-06",
            "price": "2.76",
            "revenue": 3046
        },
        "2022-07": {
            "month": "2022-07",
            "price": "2.50",
            "revenue": 2247
        },
        "2022-08": {
            "month": "2022-08",
            "price": "1.94",
            "revenue": 2021
        }
    }
}
