{
    "summary": {
        "stock_name": "良維",
        "stock_id": "6290",
        "category": "電子零組件",
        "main_business": "電源傳輸線組及轉接頭<br>訊號傳輸線組<br>其他",
        "website_url": "http://www.longwell.com",
        "ceo": "李淳正",
        "pe_ratio": 12,
        "report_year_from": 2001,
        "report_year_to": 2023,
        "age": 23,
        "eps_negative_percentage": 5,
        "eps_growth_avg": {
            "last_all": -0.94,
            "last_2y": 5.25,
            "last_4y": 17.95,
            "last_8y": 3.22,
            "last_12y": 1.47,
            "last_16y": -0.62,
            "last_20y": null,
            "at_2006_last_3y": null,
            "at_2007_last_3y": -26.97,
            "at_2008_last_3y": -69.3,
            "at_2009_last_3y": -28.29,
            "at_2010_last_3y": -9.68,
            "at_2011_last_3y": 13.47,
            "at_2012_last_3y": 5.95,
            "at_2013_last_3y": -16.06,
            "at_2014_last_3y": -2.47,
            "at_2015_last_3y": 0.12,
            "at_2016_last_3y": 13.6,
            "at_2017_last_3y": -0.63,
            "at_2018_last_3y": -15.2,
            "at_2019_last_3y": 14.85,
            "at_2020_last_3y": -0.98,
            "at_2021_last_3y": 1.49,
            "at_2022_last_3y": 29.73,
            "at_2023_last_3y": -2.56,
            "at_2024_last_3y": -2.56,
            "at_2006_last_all": -2.63,
            "at_2007_last_all": -26.97,
            "at_2008_last_all": -26.97,
            "at_2009_last_all": -1.58,
            "at_2010_last_all": -6.16,
            "at_2011_last_all": -9.64,
            "at_2012_last_all": -10.51,
            "at_2013_last_all": -8.02,
            "at_2014_last_all": -4.68,
            "at_2015_last_all": -6.09,
            "at_2016_last_all": -2.47,
            "at_2017_last_all": -5.74,
            "at_2018_last_all": -7.69,
            "at_2019_last_all": -0.51,
            "at_2020_last_all": -2.1,
            "at_2021_last_all": -4.04,
            "at_2022_last_all": 0.63,
            "at_2023_last_all": -0.94,
            "at_2024_last_all": -0.94
        },
        "latest_eps": 5.22,
        "latest_price": 65,
        "latest_roe": 15.26,
        "latest_gross_margin": 29.28,
        "latest_equity": 5787068,
        "latest_revenue": 2005659,
        "latest_gross_profit": 587243,
        "latest_net_income": 407473,
        "latest_debt_ratio": 26.37,
        "latest_current_ratio": 354.51,
        "latest_account_receivable_turnover_ratio": 1.02,
        "latest_inventory_turnover_ratio": 0.93,
        "latest_reinvestment_rate": 6.16,
        "latest_research_to_sale_ratio": 1
    },
    "eps_dividends": {
        "2001": {
            "cash": 0,
            "stock": 0,
            "eps": 0
        },
        "2002": {
            "cash": 0,
            "stock": 0,
            "eps": 0
        },
        "2003": {
            "cash": 0,
            "stock": 0.7,
            "eps": 1.37
        },
        "2004": {
            "cash": 1.5,
            "stock": 0,
            "eps": 3.69
        },
        "2005": {
            "cash": 1,
            "stock": 0.5,
            "eps": 2.84
        },
        "2006": {
            "cash": 0.99,
            "stock": 0.5,
            "eps": 0.43
        },
        "2007": {
            "cash": 0.4,
            "stock": 0.4,
            "eps": -0.52
        },
        "2008": {
            "cash": 0,
            "stock": 0,
            "eps": 1.4
        },
        "2009": {
            "cash": 0.75,
            "stock": 0,
            "eps": 4.89
        },
        "2010": {
            "cash": 2.98,
            "stock": 0,
            "eps": 3.47
        },
        "2011": {
            "cash": 2.5,
            "stock": 0,
            "eps": 2.41
        },
        "2012": {
            "cash": 1.05,
            "stock": 0,
            "eps": 2.01
        },
        "2013": {
            "cash": 2,
            "stock": 0,
            "eps": 2.25
        },
        "2014": {
            "cash": 1.52,
            "stock": 0,
            "eps": 2.82
        },
        "2015": {
            "cash": 1.8,
            "stock": 0,
            "eps": 2.25
        },
        "2016": {
            "cash": 2.01,
            "stock": 0,
            "eps": 3.09
        },
        "2017": {
            "cash": 2.67,
            "stock": 0,
            "eps": 1.7
        },
        "2018": {
            "cash": 1.5,
            "stock": 0,
            "eps": 1.14
        },
        "2019": {
            "cash": 1.5,
            "stock": 0,
            "eps": 6.35
        },
        "2020": {
            "cash": 3.6,
            "stock": 0,
            "eps": 4.7
        },
        "2021": {
            "cash": 3.5,
            "stock": 0,
            "eps": 3.05
        },
        "2022": {
            "cash": 2,
            "stock": 0,
            "eps": 5.49
        },
        "2023": {
            "cash": 2.11,
            "stock": 0,
            "eps": 3.89
        }
    },
    "dividends": {
        "2003-06-28": {
            "cash": 0,
            "stock": 0.7
        },
        "2004-04-23": {
            "cash": 1.5,
            "stock": 0
        },
        "2005-03-28": {
            "cash": 1,
            "stock": 0.5
        },
        "2006-03-30": {
            "cash": 0.99,
            "stock": 0.5
        },
        "2007-04-27": {
            "cash": 0.4,
            "stock": 0.4
        },
        "2009-03-27": {
            "cash": 0.75,
            "stock": 0
        },
        "2010-03-26": {
            "cash": 2.98,
            "stock": 0
        },
        "2011-03-25": {
            "cash": 2.5,
            "stock": 0
        },
        "2012-06-12": {
            "cash": 1.05,
            "stock": 0
        },
        "2013-06-21": {
            "cash": 2,
            "stock": 0
        },
        "2014-08-15": {
            "cash": 1.52,
            "stock": 0
        },
        "2015-09-25": {
            "cash": 1.8,
            "stock": 0
        },
        "2016-10-07": {
            "cash": 2.01,
            "stock": 0
        },
        "2017-08-18": {
            "cash": 2.67,
            "stock": 0
        },
        "2018-08-31": {
            "cash": 1.5,
            "stock": 0
        },
        "2019-08-30": {
            "cash": 1.5,
            "stock": 0
        },
        "2020-08-26": {
            "cash": 3.6,
            "stock": 0
        },
        "2021-08-31": {
            "cash": 3.5,
            "stock": 0
        },
        "2022-08-26": {
            "cash": 2,
            "stock": 0
        },
        "2023-08-18": {
            "cash": 2.11,
            "stock": 0
        }
    },
    "prices": {
        "200101": "無",
        "200102": "無",
        "200103": "無",
        "200104": "無",
        "200105": "無",
        "200106": "無",
        "200107": "無",
        "200108": "無",
        "200109": "無",
        "200110": "無",
        "200111": "無",
        "200112": "無",
        "200201": "無",
        "200202": "無",
        "200203": "無",
        "200204": "無",
        "200205": "無",
        "200206": "無",
        "200207": "無",
        "200208": "無",
        "200209": "無",
        "200210": "無",
        "200211": "無",
        "200212": "無",
        "200301": "無",
        "200302": "無",
        "200303": "無",
        "200304": "無",
        "200305": "無",
        "200306": "無",
        "200307": "無",
        "200308": "無",
        "200309": "無",
        "200310": "26.65",
        "200311": "24.58",
        "200312": "24.80",
        "200401": "無",
        "200402": "24.53",
        "200403": "24.62",
        "200404": "24.06",
        "200405": "24.44",
        "200406": "24.41",
        "200407": "24.39",
        "200408": "23.32",
        "200409": "23.26",
        "200410": "24.23",
        "200411": "23.74",
        "200412": "22.15",
        "200501": "21.72",
        "200502": "22.11",
        "200503": "22.90",
        "200504": "23.67",
        "200505": "24.02",
        "200506": "22.15",
        "200507": "23.14",
        "200508": "22.31",
        "200509": "23.12",
        "200510": "21.91",
        "200511": "22.38",
        "200512": "29.59",
        "200601": "29.68",
        "200602": "27.69",
        "200603": "27.22",
        "200604": "27.84",
        "200605": "24.14",
        "200606": "20.93",
        "200607": "20.31",
        "200608": "19.20",
        "200609": "19.50",
        "200610": "24.08",
        "200611": "25.99",
        "200612": "29.71",
        "200701": "29.67",
        "200702": "26.72",
        "200703": "28.14",
        "200704": "27.44",
        "200705": "21.28",
        "200706": "22.68",
        "200707": "22.77",
        "200708": "17.27",
        "200709": "16.16",
        "200710": "16.13",
        "200711": "13.37",
        "200712": "12.28",
        "200801": "11.02",
        "200802": "10.75",
        "200803": "11.15",
        "200804": "12.20",
        "200805": "15.52",
        "200806": "13.93",
        "200807": "13.08",
        "200808": "14.60",
        "200809": "14.51",
        "200810": "12.58",
        "200811": "10.94",
        "200812": "9.62",
        "200901": "9.65",
        "200902": "10.06",
        "200903": "12.90",
        "200904": "17.73",
        "200905": "23.54",
        "200906": "25.83",
        "200907": "29.92",
        "200908": "41.36",
        "200909": "49.61",
        "200910": "50.72",
        "200911": "48.86",
        "200912": "52.52",
        "201001": "51.22",
        "201002": "48.01",
        "201003": "48.73",
        "201004": "51.21",
        "201005": "54.72",
        "201006": "50.21",
        "201007": "47.85",
        "201008": "44.34",
        "201009": "42.76",
        "201010": "44.71",
        "201011": "42.14",
        "201012": "47.08",
        "201101": "45.08",
        "201102": "40.94",
        "201103": "39.24",
        "201104": "37.54",
        "201105": "38.55",
        "201106": "35.95",
        "201107": "33.51",
        "201108": "34.68",
        "201109": "35.93",
        "201110": "27.11",
        "201111": "27.52",
        "201112": "28.69",
        "201201": "30.34",
        "201202": "38.68",
        "201203": "41.78",
        "201204": "37.98",
        "201205": "34.05",
        "201206": "30.30",
        "201207": "29.49",
        "201208": "31.16",
        "201209": "33.46",
        "201210": "32.75",
        "201211": "28.71",
        "201212": "28.66",
        "201301": "27.46",
        "201302": "26.17",
        "201303": "24.85",
        "201304": "24.90",
        "201305": "25.12",
        "201306": "24.73",
        "201307": "24.74",
        "201308": "23.55",
        "201309": "26.16",
        "201310": "26.29",
        "201311": "24.48",
        "201312": "25.17",
        "201401": "28.05",
        "201402": "34.29",
        "201403": "41.47",
        "201404": "41.83",
        "201405": "38.47",
        "201406": "37.22",
        "201407": "36.14",
        "201408": "32.71",
        "201409": "30.83",
        "201410": "28.08",
        "201411": "27.70",
        "201412": "30.89",
        "201501": "33.65",
        "201502": "34.02",
        "201503": "34.81",
        "201504": "31.11",
        "201505": "27.15",
        "201506": "24.66",
        "201507": "22.80",
        "201508": "19.84",
        "201509": "22.62",
        "201510": "25.35",
        "201511": "24.95",
        "201512": "30.47",
        "201601": "27.04",
        "201602": "30.53",
        "201603": "33.26",
        "201604": "34.28",
        "201605": "32.66",
        "201606": "33.14",
        "201607": "33.84",
        "201608": "32.29",
        "201609": "29.78",
        "201610": "28.85",
        "201611": "27.25",
        "201612": "28.36",
        "201701": "27.69",
        "201702": "28.79",
        "201703": "30.85",
        "201704": "31.61",
        "201705": "35.89",
        "201706": "39.31",
        "201707": "39.43",
        "201708": "39.84",
        "201709": "50.87",
        "201710": "67.98",
        "201711": "66.93",
        "201712": "62.17",
        "201801": "74.97",
        "201802": "72.79",
        "201803": "57.34",
        "201804": "42.69",
        "201805": "38.10",
        "201806": "38.29",
        "201807": "38.85",
        "201808": "40.22",
        "201809": "33.03",
        "201810": "27.12",
        "201811": "26.23",
        "201812": "30.36",
        "201901": "41.35",
        "201902": "46.12",
        "201903": "47.46",
        "201904": "52.75",
        "201905": "48.32",
        "201906": "49.17",
        "201907": "53.47",
        "201908": "59.86",
        "201909": "63.19",
        "201910": "67.62",
        "201911": "70.93",
        "201912": "69.62",
        "202001": "65.09",
        "202002": "60.55",
        "202003": "50.53",
        "202004": "56.26",
        "202005": "62.36",
        "202006": "59.64",
        "202007": "58.18",
        "202008": "54.93",
        "202009": "55.33",
        "202010": "52.76",
        "202011": "53.74",
        "202012": "52.88",
        "202101": "52.32",
        "202102": "53.99",
        "202103": "61.37",
        "202104": "73.18",
        "202105": "60.50",
        "202106": "62.24",
        "202107": "69.72",
        "202108": "56.99",
        "202109": "54.65",
        "202110": "53.94",
        "202111": "54.02",
        "202112": "52.00",
        "202201": "51.71",
        "202202": "51.68",
        "202203": "51.63",
        "202204": "51.19",
        "202205": "53.83",
        "202206": "53.86",
        "202207": "52.71",
        "202208": "56.79",
        "202209": "56.12",
        "202210": "52.65",
        "202211": "55.89",
        "202212": "55.26",
        "202301": "54.17",
        "202302": "65.51",
        "202303": "69.98",
        "202304": "66.36",
        "202305": "58.53",
        "202306": "59.24",
        "202307": "62.60",
        "202308": "56.43",
        "202309": "58.93",
        "202310": "64.58",
        "202311": "64.03",
        "202312": "63.83"
    },
    "quarters": {
        "20011": {
            "year_quarter": 20011,
            "year": 2001,
            "quarter": 1,
            "eps": null,
            "eps_growth_year": null,
            "eps_4q": null,
            "eps_4q_growth_year": null,
            "roe": null,
            "roe_4q": 0,
            "gross_profit": null,
            "gross_margin": null,
            "gross_margin_4q_avg": 0,
            "net_income": null,
            "net_income_4q": null,
            "revenue": null,
            "revenue_4q": null,
            "common_shares": null,
            "book_valuer_per_share": null,
            "book_valuer_per_share_4q_avg": 0,
            "equity": null,
            "current_ratio": null,
            "debt_ratio": null,
            "inventory_turnover_ratio": null,
            "account_receivable_turnover_ratio": null,
            "reinvestment_rate": null,
            "research_to_sale_ratio": null,
            "price_fair": 0,
            "eps_avg_yearly": 0,
            "eps_latest_yearly": 0,
            "eps_growth_yearly": 0
        },
        "20012": {
            "year_quarter": 20012,
            "year": 2001,
            "quarter": 2,
            "eps": null,
            "eps_growth_year": null,
            "eps_4q": null,
            "eps_4q_growth_year": null,
            "roe": null,
            "roe_4q": 0,
            "gross_profit": null,
            "gross_margin": null,
            "gross_margin_4q_avg": 0,
            "net_income": null,
            "net_income_4q": null,
            "revenue": null,
            "revenue_4q": null,
            "common_shares": null,
            "book_valuer_per_share": null,
            "book_valuer_per_share_4q_avg": 0,
            "equity": null,
            "current_ratio": null,
            "debt_ratio": null,
            "inventory_turnover_ratio": null,
            "account_receivable_turnover_ratio": null,
            "reinvestment_rate": null,
            "research_to_sale_ratio": null,
            "price_fair": 0,
            "eps_avg_yearly": 0,
            "eps_latest_yearly": 0,
            "eps_growth_yearly": 0
        },
        "20013": {
            "year_quarter": 20013,
            "year": 2001,
            "quarter": 3,
            "eps": null,
            "eps_growth_year": null,
            "eps_4q": null,
            "eps_4q_growth_year": null,
            "roe": null,
            "roe_4q": 0,
            "gross_profit": null,
            "gross_margin": null,
            "gross_margin_4q_avg": 0,
            "net_income": null,
            "net_income_4q": null,
            "revenue": null,
            "revenue_4q": null,
            "common_shares": null,
            "book_valuer_per_share": null,
            "book_valuer_per_share_4q_avg": 0,
            "equity": null,
            "current_ratio": null,
            "debt_ratio": null,
            "inventory_turnover_ratio": null,
            "account_receivable_turnover_ratio": null,
            "reinvestment_rate": null,
            "research_to_sale_ratio": null,
            "price_fair": 0,
            "eps_avg_yearly": 0,
            "eps_latest_yearly": 0,
            "eps_growth_yearly": 0
        },
        "20014": {
            "year_quarter": 20014,
            "year": 2001,
            "quarter": 4,
            "eps": null,
            "eps_growth_year": null,
            "eps_4q": null,
            "eps_4q_growth_year": null,
            "roe": null,
            "roe_4q": 0,
            "gross_profit": null,
            "gross_margin": null,
            "gross_margin_4q_avg": 0,
            "net_income": null,
            "net_income_4q": null,
            "revenue": null,
            "revenue_4q": null,
            "common_shares": 440000,
            "book_valuer_per_share": 16.33,
            "book_valuer_per_share_4q_avg": 4.08,
            "equity": 718701,
            "current_ratio": 120.76,
            "debt_ratio": 58.96,
            "inventory_turnover_ratio": null,
            "account_receivable_turnover_ratio": null,
            "reinvestment_rate": null,
            "research_to_sale_ratio": null,
            "price_fair": 0,
            "eps_avg_yearly": 0,
            "eps_latest_yearly": 0,
            "eps_growth_yearly": 0
        },
        "20021": {
            "year_quarter": 20021,
            "year": 2002,
            "quarter": 1,
            "eps": null,
            "eps_growth_year": null,
            "eps_4q": null,
            "eps_4q_growth_year": null,
            "roe": null,
            "roe_4q": 0,
            "gross_profit": null,
            "gross_margin": null,
            "gross_margin_4q_avg": 0,
            "net_income": null,
            "net_income_4q": null,
            "revenue": null,
            "revenue_4q": null,
            "common_shares": null,
            "book_valuer_per_share": null,
            "book_valuer_per_share_4q_avg": 4.08,
            "equity": null,
            "current_ratio": null,
            "debt_ratio": null,
            "inventory_turnover_ratio": null,
            "account_receivable_turnover_ratio": null,
            "reinvestment_rate": null,
            "research_to_sale_ratio": null,
            "price_fair": 0,
            "eps_avg_yearly": 0,
            "eps_latest_yearly": 0,
            "eps_growth_yearly": 0
        },
        "20022": {
            "year_quarter": 20022,
            "year": 2002,
            "quarter": 2,
            "eps": null,
            "eps_growth_year": null,
            "eps_4q": null,
            "eps_4q_growth_year": null,
            "roe": null,
            "roe_4q": 0,
            "gross_profit": null,
            "gross_margin": null,
            "gross_margin_4q_avg": 0,
            "net_income": null,
            "net_income_4q": null,
            "revenue": null,
            "revenue_4q": null,
            "common_shares": null,
            "book_valuer_per_share": null,
            "book_valuer_per_share_4q_avg": 4.08,
            "equity": null,
            "current_ratio": null,
            "debt_ratio": null,
            "inventory_turnover_ratio": null,
            "account_receivable_turnover_ratio": null,
            "reinvestment_rate": null,
            "research_to_sale_ratio": null,
            "price_fair": 0,
            "eps_avg_yearly": 0,
            "eps_latest_yearly": 0,
            "eps_growth_yearly": 0
        },
        "20023": {
            "year_quarter": 20023,
            "year": 2002,
            "quarter": 3,
            "eps": null,
            "eps_growth_year": null,
            "eps_4q": null,
            "eps_4q_growth_year": null,
            "roe": null,
            "roe_4q": 0,
            "gross_profit": null,
            "gross_margin": null,
            "gross_margin_4q_avg": 0,
            "net_income": null,
            "net_income_4q": null,
            "revenue": null,
            "revenue_4q": null,
            "common_shares": null,
            "book_valuer_per_share": null,
            "book_valuer_per_share_4q_avg": 4.08,
            "equity": null,
            "current_ratio": null,
            "debt_ratio": null,
            "inventory_turnover_ratio": null,
            "account_receivable_turnover_ratio": null,
            "reinvestment_rate": null,
            "research_to_sale_ratio": null,
            "price_fair": 0,
            "eps_avg_yearly": 0,
            "eps_latest_yearly": 0,
            "eps_growth_yearly": 0
        },
        "20024": {
            "year_quarter": 20024,
            "year": 2002,
            "quarter": 4,
            "eps": null,
            "eps_growth_year": null,
            "eps_4q": null,
            "eps_4q_growth_year": null,
            "roe": null,
            "roe_4q": 0,
            "gross_profit": null,
            "gross_margin": null,
            "gross_margin_4q_avg": 0,
            "net_income": null,
            "net_income_4q": null,
            "revenue": null,
            "revenue_4q": null,
            "common_shares": 470800,
            "book_valuer_per_share": 16.34,
            "book_valuer_per_share_4q_avg": 4.09,
            "equity": 769178,
            "current_ratio": 109.82,
            "debt_ratio": 62.19,
            "inventory_turnover_ratio": null,
            "account_receivable_turnover_ratio": null,
            "reinvestment_rate": null,
            "research_to_sale_ratio": null,
            "price_fair": 0,
            "eps_avg_yearly": 0,
            "eps_latest_yearly": 0,
            "eps_growth_yearly": 0
        },
        "20031": {
            "year_quarter": 20031,
            "year": 2003,
            "quarter": 1,
            "eps": 0.9,
            "eps_growth_year": null,
            "eps_4q": null,
            "eps_4q_growth_year": null,
            "roe": 5.36,
            "roe_4q": 5.36,
            "gross_profit": 112751,
            "gross_margin": 17.97,
            "gross_margin_4q_avg": 4.49,
            "net_income": 42352,
            "net_income_4q": null,
            "revenue": 627601,
            "revenue_4q": null,
            "common_shares": 470800,
            "book_valuer_per_share": 17.24,
            "book_valuer_per_share_4q_avg": 8.4,
            "equity": 811531,
            "current_ratio": 131.39,
            "debt_ratio": 56.78,
            "inventory_turnover_ratio": 1.61,
            "account_receivable_turnover_ratio": null,
            "reinvestment_rate": null,
            "research_to_sale_ratio": null,
            "price_fair": 0,
            "eps_avg_yearly": 0,
            "eps_latest_yearly": 0,
            "eps_growth_yearly": 0
        },
        "20032": {
            "year_quarter": 20032,
            "year": 2003,
            "quarter": 2,
            "eps": 0.47,
            "eps_growth_year": null,
            "eps_4q": null,
            "eps_4q_growth_year": null,
            "roe": 2.9,
            "roe_4q": 8.26,
            "gross_profit": 100439,
            "gross_margin": 15.99,
            "gross_margin_4q_avg": 8.49,
            "net_income": 23762,
            "net_income_4q": null,
            "revenue": 628060,
            "revenue_4q": null,
            "common_shares": 470800,
            "book_valuer_per_share": 17.62,
            "book_valuer_per_share_4q_avg": 12.8,
            "equity": 829379,
            "current_ratio": 136.32,
            "debt_ratio": 55.06,
            "inventory_turnover_ratio": 1.78,
            "account_receivable_turnover_ratio": null,
            "reinvestment_rate": null,
            "research_to_sale_ratio": null,
            "price_fair": 5.64,
            "eps_avg_yearly": 1.88,
            "eps_latest_yearly": 1.88,
            "eps_growth_yearly": -191.11
        },
        "20033": {
            "year_quarter": 20033,
            "year": 2003,
            "quarter": 3,
            "eps": null,
            "eps_growth_year": null,
            "eps_4q": null,
            "eps_4q_growth_year": null,
            "roe": null,
            "roe_4q": 8.26,
            "gross_profit": null,
            "gross_margin": null,
            "gross_margin_4q_avg": 8.49,
            "net_income": null,
            "net_income_4q": null,
            "revenue": null,
            "revenue_4q": null,
            "common_shares": null,
            "book_valuer_per_share": null,
            "book_valuer_per_share_4q_avg": 12.8,
            "equity": null,
            "current_ratio": null,
            "debt_ratio": null,
            "inventory_turnover_ratio": null,
            "account_receivable_turnover_ratio": null,
            "reinvestment_rate": null,
            "research_to_sale_ratio": null,
            "price_fair": 5.64,
            "eps_avg_yearly": 1.88,
            "eps_latest_yearly": 1.88,
            "eps_growth_yearly": -191.11
        },
        "20034": {
            "year_quarter": 20034,
            "year": 2003,
            "quarter": 4,
            "eps": null,
            "eps_growth_year": null,
            "eps_4q": null,
            "eps_4q_growth_year": null,
            "roe": null,
            "roe_4q": 8.26,
            "gross_profit": null,
            "gross_margin": null,
            "gross_margin_4q_avg": 8.49,
            "net_income": null,
            "net_income_4q": null,
            "revenue": null,
            "revenue_4q": null,
            "common_shares": 600000,
            "book_valuer_per_share": 17.89,
            "book_valuer_per_share_4q_avg": 13.19,
            "equity": 1073305,
            "current_ratio": 128.71,
            "debt_ratio": 54.03,
            "inventory_turnover_ratio": null,
            "account_receivable_turnover_ratio": null,
            "reinvestment_rate": null,
            "research_to_sale_ratio": null,
            "price_fair": 5.64,
            "eps_avg_yearly": 1.88,
            "eps_latest_yearly": 1.88,
            "eps_growth_yearly": -191.11
        },
        "20041": {
            "year_quarter": 20041,
            "year": 2004,
            "quarter": 1,
            "eps": 0.51,
            "eps_growth_year": -43.33,
            "eps_4q": null,
            "eps_4q_growth_year": null,
            "roe": 2.8,
            "roe_4q": 5.699999999999999,
            "gross_profit": 116219,
            "gross_margin": 15.73,
            "gross_margin_4q_avg": 7.93,
            "net_income": 30594,
            "net_income_4q": null,
            "revenue": 738990,
            "revenue_4q": null,
            "common_shares": 600000,
            "book_valuer_per_share": 18.5,
            "book_valuer_per_share_4q_avg": 13.5,
            "equity": 1110242,
            "current_ratio": 144.1,
            "debt_ratio": 49.65,
            "inventory_turnover_ratio": 1.45,
            "account_receivable_turnover_ratio": null,
            "reinvestment_rate": null,
            "research_to_sale_ratio": null,
            "price_fair": 5.64,
            "eps_avg_yearly": 1.88,
            "eps_latest_yearly": 1.88,
            "eps_growth_yearly": -191.11
        },
        "20042": {
            "year_quarter": 20042,
            "year": 2004,
            "quarter": 2,
            "eps": 0.77,
            "eps_growth_year": 63.83,
            "eps_4q": null,
            "eps_4q_growth_year": null,
            "roe": 4.27,
            "roe_4q": 7.069999999999999,
            "gross_profit": 137249,
            "gross_margin": 15.45,
            "gross_margin_4q_avg": 7.8,
            "net_income": 46126,
            "net_income_4q": null,
            "revenue": 888562,
            "revenue_4q": null,
            "common_shares": 600000,
            "book_valuer_per_share": 17.49,
            "book_valuer_per_share_4q_avg": 13.47,
            "equity": 1049151,
            "current_ratio": 130.29,
            "debt_ratio": 55.33,
            "inventory_turnover_ratio": 1.66,
            "account_receivable_turnover_ratio": null,
            "reinvestment_rate": null,
            "research_to_sale_ratio": null,
            "price_fair": 40.68,
            "eps_avg_yearly": 2.48,
            "eps_latest_yearly": 3.08,
            "eps_growth_yearly": 6.41
        },
        "20043": {
            "year_quarter": 20043,
            "year": 2004,
            "quarter": 3,
            "eps": 0.56,
            "eps_growth_year": null,
            "eps_4q": null,
            "eps_4q_growth_year": null,
            "roe": 3.19,
            "roe_4q": 10.259999999999998,
            "gross_profit": 173977,
            "gross_margin": 16.44,
            "gross_margin_4q_avg": 11.91,
            "net_income": 33852,
            "net_income_4q": null,
            "revenue": 1057940,
            "revenue_4q": null,
            "common_shares": 600000,
            "book_valuer_per_share": 17.84,
            "book_valuer_per_share_4q_avg": 17.93,
            "equity": 1070530,
            "current_ratio": 127.54,
            "debt_ratio": 57.05,
            "inventory_turnover_ratio": 1.88,
            "account_receivable_turnover_ratio": null,
            "reinvestment_rate": null,
            "research_to_sale_ratio": null,
            "price_fair": 7.2,
            "eps_avg_yearly": 2.4,
            "eps_latest_yearly": 2.24,
            "eps_growth_yearly": -32.09
        },
        "20044": {
            "year_quarter": 20044,
            "year": 2004,
            "quarter": 4,
            "eps": 1.85,
            "eps_growth_year": null,
            "eps_4q": 3.69,
            "eps_4q_growth_year": null,
            "roe": 9.91,
            "roe_4q": 20.169999999999998,
            "gross_profit": 124195,
            "gross_margin": 11.82,
            "gross_margin_4q_avg": 14.86,
            "net_income": 110897,
            "net_income_4q": null,
            "revenue": 1050773,
            "revenue_4q": null,
            "common_shares": 600000,
            "book_valuer_per_share": 19.47,
            "book_valuer_per_share_4q_avg": 18.33,
            "equity": 1168104,
            "current_ratio": 135.21,
            "debt_ratio": 55.69,
            "inventory_turnover_ratio": 1.78,
            "account_receivable_turnover_ratio": null,
            "reinvestment_rate": null,
            "research_to_sale_ratio": null,
            "price_fair": 127.75,
            "eps_avg_yearly": 3.65,
            "eps_latest_yearly": 7.4,
            "eps_growth_yearly": 206.29
        },
        "20051": {
            "year_quarter": 20051,
            "year": 2005,
            "quarter": 1,
            "eps": 0.26,
            "eps_growth_year": -49.02,
            "eps_4q": 3.41,
            "eps_4q_growth_year": null,
            "roe": 1.34,
            "roe_4q": 18.71,
            "gross_profit": 105371,
            "gross_margin": 11.66,
            "gross_margin_4q_avg": 13.84,
            "net_income": 15755,
            "net_income_4q": null,
            "revenue": 903928,
            "revenue_4q": null,
            "common_shares": 600000,
            "book_valuer_per_share": 19.81,
            "book_valuer_per_share_4q_avg": 18.65,
            "equity": 1188611,
            "current_ratio": 151.56,
            "debt_ratio": 50.08,
            "inventory_turnover_ratio": 1.49,
            "account_receivable_turnover_ratio": null,
            "reinvestment_rate": null,
            "research_to_sale_ratio": null,
            "price_fair": 109.48,
            "eps_avg_yearly": 3.13,
            "eps_latest_yearly": 1.04,
            "eps_growth_yearly": 96.27
        },
        "20052": {
            "year_quarter": 20052,
            "year": 2005,
            "quarter": 2,
            "eps": 0.39,
            "eps_growth_year": -49.35,
            "eps_4q": 3.01,
            "eps_4q_growth_year": null,
            "roe": 1.94,
            "roe_4q": 16.380000000000003,
            "gross_profit": 143142,
            "gross_margin": 14.58,
            "gross_margin_4q_avg": 13.63,
            "net_income": 23908,
            "net_income_4q": null,
            "revenue": 981921,
            "revenue_4q": null,
            "common_shares": 669200,
            "book_valuer_per_share": 19.08,
            "book_valuer_per_share_4q_avg": 19.05,
            "equity": 1276501,
            "current_ratio": 151.73,
            "debt_ratio": 51.48,
            "inventory_turnover_ratio": 1.5,
            "account_receivable_turnover_ratio": null,
            "reinvestment_rate": null,
            "research_to_sale_ratio": null,
            "price_fair": 100.33,
            "eps_avg_yearly": 2.87,
            "eps_latest_yearly": 1.56,
            "eps_growth_yearly": 113.56
        },
        "20053": {
            "year_quarter": 20053,
            "year": 2005,
            "quarter": 3,
            "eps": 1.13,
            "eps_growth_year": 101.79,
            "eps_4q": 3.4,
            "eps_4q_growth_year": null,
            "roe": 5.69,
            "roe_4q": 18.880000000000003,
            "gross_profit": 212259,
            "gross_margin": 15.66,
            "gross_margin_4q_avg": 13.43,
            "net_income": 74913,
            "net_income_4q": null,
            "revenue": 1355806,
            "revenue_4q": null,
            "common_shares": 669200,
            "book_valuer_per_share": 20.28,
            "book_valuer_per_share_4q_avg": 19.66,
            "equity": 1356905,
            "current_ratio": 138.49,
            "debt_ratio": 57.47,
            "inventory_turnover_ratio": 1.84,
            "account_receivable_turnover_ratio": null,
            "reinvestment_rate": null,
            "research_to_sale_ratio": null,
            "price_fair": 108.6,
            "eps_avg_yearly": 3.1,
            "eps_latest_yearly": 4.52,
            "eps_growth_yearly": 205.76
        },
        "20054": {
            "year_quarter": 20054,
            "year": 2005,
            "quarter": 4,
            "eps": 1.06,
            "eps_growth_year": -42.7,
            "eps_4q": 2.76,
            "eps_4q_growth_year": -25.19,
            "roe": 4.87,
            "roe_4q": 13.84,
            "gross_profit": 226843,
            "gross_margin": 15.17,
            "gross_margin_4q_avg": 14.27,
            "net_income": 71276,
            "net_income_4q": null,
            "revenue": 1495347,
            "revenue_4q": null,
            "common_shares": 730846,
            "book_valuer_per_share": 20.58,
            "book_valuer_per_share_4q_avg": 19.94,
            "equity": 1567987,
            "current_ratio": 144.98,
            "debt_ratio": 62.14,
            "inventory_turnover_ratio": 1.68,
            "account_receivable_turnover_ratio": null,
            "reinvestment_rate": null,
            "research_to_sale_ratio": null,
            "price_fair": 113.58,
            "eps_avg_yearly": 3.25,
            "eps_latest_yearly": 4.24,
            "eps_growth_yearly": 176.94
        },
        "20061": {
            "year_quarter": 20061,
            "year": 2006,
            "quarter": 1,
            "eps": -0.3,
            "eps_growth_year": -215.38,
            "eps_4q": 1.86,
            "eps_4q_growth_year": -45.38,
            "roe": -1.47,
            "roe_4q": 11.03,
            "gross_profit": 133183,
            "gross_margin": 10.66,
            "gross_margin_4q_avg": 14.02,
            "net_income": -23597,
            "net_income_4q": null,
            "revenue": 1249399,
            "revenue_4q": null,
            "common_shares": 809064,
            "book_valuer_per_share": 20.36,
            "book_valuer_per_share_4q_avg": 20.08,
            "equity": 1647163,
            "current_ratio": 162.68,
            "debt_ratio": 53.94,
            "inventory_turnover_ratio": 1.27,
            "account_receivable_turnover_ratio": null,
            "reinvestment_rate": null,
            "research_to_sale_ratio": null,
            "price_fair": 113.58,
            "eps_avg_yearly": 3.25,
            "eps_latest_yearly": 4.24,
            "eps_growth_yearly": 176.94
        },
        "20062": {
            "year_quarter": 20062,
            "year": 2006,
            "quarter": 2,
            "eps": -0.11,
            "eps_growth_year": -128.21,
            "eps_4q": 1.39,
            "eps_4q_growth_year": -53.69,
            "roe": -0.56,
            "roe_4q": 8.530000000000001,
            "gross_profit": 176737,
            "gross_margin": 12.69,
            "gross_margin_4q_avg": 13.55,
            "net_income": -9007,
            "net_income_4q": null,
            "revenue": 1393186,
            "revenue_4q": null,
            "common_shares": 815322,
            "book_valuer_per_share": 19.12,
            "book_valuer_per_share_4q_avg": 20.09,
            "equity": 1558742,
            "current_ratio": 147.5,
            "debt_ratio": 58.17,
            "inventory_turnover_ratio": 1.25,
            "account_receivable_turnover_ratio": null,
            "reinvestment_rate": null,
            "research_to_sale_ratio": null,
            "price_fair": 113.58,
            "eps_avg_yearly": 3.25,
            "eps_latest_yearly": 4.24,
            "eps_growth_yearly": 176.94
        },
        "20063": {
            "year_quarter": 20063,
            "year": 2006,
            "quarter": 3,
            "eps": 0.85,
            "eps_growth_year": -24.78,
            "eps_4q": 1.3,
            "eps_4q_growth_year": -61.9,
            "roe": 4.59,
            "roe_4q": 7.43,
            "gross_profit": 159048,
            "gross_margin": 9.67,
            "gross_margin_4q_avg": 12.05,
            "net_income": 73733,
            "net_income_4q": null,
            "revenue": 1644409,
            "revenue_4q": null,
            "common_shares": 881499,
            "book_valuer_per_share": 18.77,
            "book_valuer_per_share_4q_avg": 19.71,
            "equity": 1654985,
            "current_ratio": 143.69,
            "debt_ratio": 63.18,
            "inventory_turnover_ratio": 1.29,
            "account_receivable_turnover_ratio": null,
            "reinvestment_rate": null,
            "research_to_sale_ratio": null,
            "price_fair": 113.58,
            "eps_avg_yearly": 3.25,
            "eps_latest_yearly": 4.24,
            "eps_growth_yearly": 176.94
        },
        "20064": {
            "year_quarter": 20064,
            "year": 2006,
            "quarter": 4,
            "eps": -0.01,
            "eps_growth_year": -100.94,
            "eps_4q": 0.49,
            "eps_4q_growth_year": -82.1,
            "roe": -0.05,
            "roe_4q": 2.51,
            "gross_profit": 24668,
            "gross_margin": 1.48,
            "gross_margin_4q_avg": 8.63,
            "net_income": -979,
            "net_income_4q": null,
            "revenue": 1664320,
            "revenue_4q": null,
            "common_shares": 978540,
            "book_valuer_per_share": 19.36,
            "book_valuer_per_share_4q_avg": 19.4,
            "equity": 1999638,
            "current_ratio": 154.72,
            "debt_ratio": 58.31,
            "inventory_turnover_ratio": 1.34,
            "account_receivable_turnover_ratio": null,
            "reinvestment_rate": null,
            "research_to_sale_ratio": null,
            "price_fair": 113.58,
            "eps_avg_yearly": 3.25,
            "eps_latest_yearly": 4.24,
            "eps_growth_yearly": 176.94
        },
        "20071": {
            "year_quarter": 20071,
            "year": 2007,
            "quarter": 1,
            "eps": -0.39,
            "eps_growth_year": null,
            "eps_4q": 0.25,
            "eps_4q_growth_year": -86.41,
            "roe": -1.98,
            "roe_4q": 2,
            "gross_profit": 80978,
            "gross_margin": 5.25,
            "gross_margin_4q_avg": 7.27,
            "net_income": -38662,
            "net_income_4q": null,
            "revenue": 1541316,
            "revenue_4q": null,
            "common_shares": 999961,
            "book_valuer_per_share": 19.09,
            "book_valuer_per_share_4q_avg": 19.09,
            "equity": 1908520,
            "current_ratio": 164,
            "debt_ratio": 54.34,
            "inventory_turnover_ratio": 1.34,
            "account_receivable_turnover_ratio": null,
            "reinvestment_rate": null,
            "research_to_sale_ratio": null,
            "price_fair": 113.58,
            "eps_avg_yearly": 3.25,
            "eps_latest_yearly": 4.24,
            "eps_growth_yearly": 176.94
        },
        "20072": {
            "year_quarter": 20072,
            "year": 2007,
            "quarter": 2,
            "eps": -0.63,
            "eps_growth_year": null,
            "eps_4q": -0.32,
            "eps_4q_growth_year": -122.96,
            "roe": -3.55,
            "roe_4q": -0.9899999999999993,
            "gross_profit": 104376,
            "gross_margin": 6.67,
            "gross_margin_4q_avg": 5.77,
            "net_income": -66418,
            "net_income_4q": null,
            "revenue": 1564336,
            "revenue_4q": null,
            "common_shares": 1010687,
            "book_valuer_per_share": 18.12,
            "book_valuer_per_share_4q_avg": 18.84,
            "equity": 1831612,
            "current_ratio": 154.97,
            "debt_ratio": 55.94,
            "inventory_turnover_ratio": 1.48,
            "account_receivable_turnover_ratio": null,
            "reinvestment_rate": null,
            "research_to_sale_ratio": null,
            "price_fair": 120.4,
            "eps_avg_yearly": 3.44,
            "eps_latest_yearly": 4.24,
            "eps_growth_yearly": 229.52
        },
        "20073": {
            "year_quarter": 20073,
            "year": 2007,
            "quarter": 3,
            "eps": 0.17,
            "eps_growth_year": -80,
            "eps_4q": -0.86,
            "eps_4q_growth_year": -166.54,
            "roe": 0.94,
            "roe_4q": -4.64,
            "gross_profit": 120671,
            "gross_margin": 7.28,
            "gross_margin_4q_avg": 5.17,
            "net_income": 17466,
            "net_income_4q": null,
            "revenue": 1657615,
            "revenue_4q": null,
            "common_shares": 1058663,
            "book_valuer_per_share": 17.81,
            "book_valuer_per_share_4q_avg": 18.6,
            "equity": 1885357,
            "current_ratio": 147.44,
            "debt_ratio": 57.06,
            "inventory_turnover_ratio": 1.53,
            "account_receivable_turnover_ratio": null,
            "reinvestment_rate": null,
            "research_to_sale_ratio": null,
            "price_fair": 120.4,
            "eps_avg_yearly": 3.44,
            "eps_latest_yearly": 4.24,
            "eps_growth_yearly": 229.52
        },
        "20074": {
            "year_quarter": 20074,
            "year": 2007,
            "quarter": 4,
            "eps": 0.33,
            "eps_growth_year": null,
            "eps_4q": -0.52,
            "eps_4q_growth_year": -204.66,
            "roe": 1.72,
            "roe_4q": -2.8699999999999997,
            "gross_profit": 109189,
            "gross_margin": 6.59,
            "gross_margin_4q_avg": 6.45,
            "net_income": 34099,
            "net_income_4q": null,
            "revenue": 1657444,
            "revenue_4q": null,
            "common_shares": 1061981,
            "book_valuer_per_share": 18.1,
            "book_valuer_per_share_4q_avg": 18.28,
            "equity": 2070260,
            "current_ratio": 157.34,
            "debt_ratio": 53.73,
            "inventory_turnover_ratio": 1.48,
            "account_receivable_turnover_ratio": null,
            "reinvestment_rate": 104.53,
            "research_to_sale_ratio": null,
            "price_fair": 111.13,
            "eps_avg_yearly": 3.18,
            "eps_latest_yearly": 1.32,
            "eps_growth_yearly": 247.89
        },
        "20081": {
            "year_quarter": 20081,
            "year": 2008,
            "quarter": 1,
            "eps": 0.07,
            "eps_growth_year": null,
            "eps_4q": -0.09,
            "eps_4q_growth_year": -134.56,
            "roe": 0.29,
            "roe_4q": -0.6000000000000001,
            "gross_profit": 173733,
            "gross_margin": 11.87,
            "gross_margin_4q_avg": 8.1,
            "net_income": 6001,
            "net_income_4q": null,
            "revenue": 1463067,
            "revenue_4q": null,
            "common_shares": 1061981,
            "book_valuer_per_share": 17.65,
            "book_valuer_per_share_4q_avg": 17.92,
            "equity": 2025003,
            "current_ratio": 168.21,
            "debt_ratio": 50.46,
            "inventory_turnover_ratio": 1.22,
            "account_receivable_turnover_ratio": null,
            "reinvestment_rate": 158.53,
            "research_to_sale_ratio": null,
            "price_fair": 99.87,
            "eps_avg_yearly": 2.85,
            "eps_latest_yearly": 0.28,
            "eps_growth_yearly": 185.33
        },
        "20082": {
            "year_quarter": 20082,
            "year": 2008,
            "quarter": 2,
            "eps": 0.74,
            "eps_growth_year": null,
            "eps_4q": 1.33,
            "eps_4q_growth_year": null,
            "roe": 3.64,
            "roe_4q": 6.59,
            "gross_profit": 216878,
            "gross_margin": 14.29,
            "gross_margin_4q_avg": 10.01,
            "net_income": 75309,
            "net_income_4q": null,
            "revenue": 1517547,
            "revenue_4q": null,
            "common_shares": 1067111,
            "book_valuer_per_share": 18.29,
            "book_valuer_per_share_4q_avg": 17.96,
            "equity": 2111462,
            "current_ratio": 184.13,
            "debt_ratio": 46.32,
            "inventory_turnover_ratio": 1.32,
            "account_receivable_turnover_ratio": null,
            "reinvestment_rate": 151.37,
            "research_to_sale_ratio": null,
            "price_fair": 99.4,
            "eps_avg_yearly": 2.84,
            "eps_latest_yearly": 2.96,
            "eps_growth_yearly": 588.07
        },
        "20083": {
            "year_quarter": 20083,
            "year": 2008,
            "quarter": 3,
            "eps": 0.74,
            "eps_growth_year": 335.29,
            "eps_4q": 1.91,
            "eps_4q_growth_year": null,
            "roe": 3.48,
            "roe_4q": 9.13,
            "gross_profit": 210665,
            "gross_margin": 12.94,
            "gross_margin_4q_avg": 11.42,
            "net_income": 75961,
            "net_income_4q": null,
            "revenue": 1628498,
            "revenue_4q": null,
            "common_shares": 1067851,
            "book_valuer_per_share": 19.65,
            "book_valuer_per_share_4q_avg": 18.42,
            "equity": 2257085,
            "current_ratio": 193.53,
            "debt_ratio": 43.6,
            "inventory_turnover_ratio": 1.51,
            "account_receivable_turnover_ratio": null,
            "reinvestment_rate": 128.91,
            "research_to_sale_ratio": null,
            "price_fair": 102.2,
            "eps_avg_yearly": 2.92,
            "eps_latest_yearly": 2.96,
            "eps_growth_yearly": 600.19
        },
        "20084": {
            "year_quarter": 20084,
            "year": 2008,
            "quarter": 4,
            "eps": -0.15,
            "eps_growth_year": -145.45,
            "eps_4q": 1.46,
            "eps_4q_growth_year": null,
            "roe": -0.74,
            "roe_4q": 6.670000000000001,
            "gross_profit": 129533,
            "gross_margin": 9.57,
            "gross_margin_4q_avg": 12.17,
            "net_income": -16574,
            "net_income_4q": null,
            "revenue": 1353773,
            "revenue_4q": null,
            "common_shares": 1067851,
            "book_valuer_per_share": 19.6,
            "book_valuer_per_share_4q_avg": 18.8,
            "equity": 2252735,
            "current_ratio": 185.39,
            "debt_ratio": 37.98,
            "inventory_turnover_ratio": 1.5,
            "account_receivable_turnover_ratio": 2.17,
            "reinvestment_rate": 140.88,
            "research_to_sale_ratio": null,
            "price_fair": 82.6,
            "eps_avg_yearly": 2.36,
            "eps_latest_yearly": 2.96,
            "eps_growth_yearly": 560.04
        },
        "20091": {
            "year_quarter": 20091,
            "year": 2009,
            "quarter": 1,
            "eps": 0.89,
            "eps_growth_year": 1171.43,
            "eps_4q": 2.24,
            "eps_4q_growth_year": null,
            "roe": 3.94,
            "roe_4q": 10.32,
            "gross_profit": 217484,
            "gross_margin": 21.44,
            "gross_margin_4q_avg": 14.56,
            "net_income": 91514,
            "net_income_4q": null,
            "revenue": 1014432,
            "revenue_4q": null,
            "common_shares": 1067851,
            "book_valuer_per_share": 20.9,
            "book_valuer_per_share_4q_avg": 19.61,
            "equity": 2390330,
            "current_ratio": 212.41,
            "debt_ratio": 31.37,
            "inventory_turnover_ratio": 1.21,
            "account_receivable_turnover_ratio": 0.89,
            "reinvestment_rate": 149.68,
            "research_to_sale_ratio": null,
            "price_fair": 89.2,
            "eps_avg_yearly": 2.55,
            "eps_latest_yearly": 2.96,
            "eps_growth_yearly": 689.16
        },
        "20092": {
            "year_quarter": 20092,
            "year": 2009,
            "quarter": 2,
            "eps": 1.07,
            "eps_growth_year": 44.59,
            "eps_4q": 2.58,
            "eps_4q_growth_year": 93.12,
            "roe": 4.51,
            "roe_4q": 11.19,
            "gross_profit": 305831,
            "gross_margin": 25.67,
            "gross_margin_4q_avg": 17.41,
            "net_income": 109885,
            "net_income_4q": null,
            "revenue": 1191410,
            "revenue_4q": null,
            "common_shares": 1120129,
            "book_valuer_per_share": 20.71,
            "book_valuer_per_share_4q_avg": 20.22,
            "equity": 2477446,
            "current_ratio": 220.99,
            "debt_ratio": 32.36,
            "inventory_turnover_ratio": 1.49,
            "account_receivable_turnover_ratio": 1.14,
            "reinvestment_rate": 101.86,
            "research_to_sale_ratio": null,
            "price_fair": 102.8,
            "eps_avg_yearly": 2.94,
            "eps_latest_yearly": 4.28,
            "eps_growth_yearly": 672.14
        },
        "20093": {
            "year_quarter": 20093,
            "year": 2009,
            "quarter": 3,
            "eps": 1.45,
            "eps_growth_year": 95.95,
            "eps_4q": 3.24,
            "eps_4q_growth_year": 69.74,
            "roe": 5.84,
            "roe_4q": 13.549999999999999,
            "gross_profit": 335842,
            "gross_margin": 24.01,
            "gross_margin_4q_avg": 20.17,
            "net_income": 153046,
            "net_income_4q": null,
            "revenue": 1398778,
            "revenue_4q": null,
            "common_shares": 1209367,
            "book_valuer_per_share": 21.58,
            "book_valuer_per_share_4q_avg": 20.7,
            "equity": 2766373,
            "current_ratio": 252.07,
            "debt_ratio": 29.96,
            "inventory_turnover_ratio": 1.66,
            "account_receivable_turnover_ratio": 1.23,
            "reinvestment_rate": 71.18,
            "research_to_sale_ratio": null,
            "price_fair": 109.2,
            "eps_avg_yearly": 3.12,
            "eps_latest_yearly": 5.8,
            "eps_growth_yearly": 584.01
        },
        "20094": {
            "year_quarter": 20094,
            "year": 2009,
            "quarter": 4,
            "eps": 1.48,
            "eps_growth_year": null,
            "eps_4q": 4.35,
            "eps_4q_growth_year": 198.48,
            "roe": 5.61,
            "roe_4q": 19.9,
            "gross_profit": 429052,
            "gross_margin": 24.41,
            "gross_margin_4q_avg": 23.88,
            "net_income": 160364,
            "net_income_4q": null,
            "revenue": 1757570,
            "revenue_4q": null,
            "common_shares": 1227388,
            "book_valuer_per_share": 23.36,
            "book_valuer_per_share_4q_avg": 21.64,
            "equity": 2954311,
            "current_ratio": 254.35,
            "debt_ratio": 30.53,
            "inventory_turnover_ratio": 1.95,
            "account_receivable_turnover_ratio": 2.28,
            "reinvestment_rate": 25.09,
            "research_to_sale_ratio": null,
            "price_fair": 117.6,
            "eps_avg_yearly": 3.36,
            "eps_latest_yearly": 5.92,
            "eps_growth_yearly": 588.73
        },
        "20101": {
            "year_quarter": 20101,
            "year": 2010,
            "quarter": 1,
            "eps": 0.87,
            "eps_growth_year": -2.25,
            "eps_4q": 4.42,
            "eps_4q_growth_year": 97.16,
            "roe": 3.43,
            "roe_4q": 19.39,
            "gross_profit": 258888,
            "gross_margin": 17.21,
            "gross_margin_4q_avg": 22.83,
            "net_income": 102954,
            "net_income_4q": null,
            "revenue": 1503970,
            "revenue_4q": null,
            "common_shares": 1234428,
            "book_valuer_per_share": 24.09,
            "book_valuer_per_share_4q_avg": 22.44,
            "equity": 3057294,
            "current_ratio": 260.69,
            "debt_ratio": 30.31,
            "inventory_turnover_ratio": 1.58,
            "account_receivable_turnover_ratio": 0.96,
            "reinvestment_rate": 49.56,
            "research_to_sale_ratio": 0.43,
            "price_fair": 118.13,
            "eps_avg_yearly": 3.38,
            "eps_latest_yearly": 3.48,
            "eps_growth_yearly": 494.53
        },
        "20102": {
            "year_quarter": 20102,
            "year": 2010,
            "quarter": 2,
            "eps": 1.11,
            "eps_growth_year": 4.06,
            "eps_4q": 4.6,
            "eps_4q_growth_year": 78.5,
            "roe": 4.51,
            "roe_4q": 19.39,
            "gross_profit": 306020,
            "gross_margin": 14.75,
            "gross_margin_4q_avg": 20.1,
            "net_income": 133440,
            "net_income_4q": null,
            "revenue": 2074874,
            "revenue_4q": null,
            "common_shares": 1238498,
            "book_valuer_per_share": 22.32,
            "book_valuer_per_share_4q_avg": 22.84,
            "equity": 2854659,
            "current_ratio": 192.58,
            "debt_ratio": 42.1,
            "inventory_turnover_ratio": 1.57,
            "account_receivable_turnover_ratio": 1.16,
            "reinvestment_rate": 40.43,
            "research_to_sale_ratio": 0.37,
            "price_fair": 122.27,
            "eps_avg_yearly": 3.49,
            "eps_latest_yearly": 4.44,
            "eps_growth_yearly": 451.84
        },
        "20103": {
            "year_quarter": 20103,
            "year": 2010,
            "quarter": 3,
            "eps": 1.37,
            "eps_growth_year": -5.6,
            "eps_4q": 4.68,
            "eps_4q_growth_year": 44.5,
            "roe": 5.65,
            "roe_4q": 19.2,
            "gross_profit": 355286,
            "gross_margin": 18.15,
            "gross_margin_4q_avg": 18.63,
            "net_income": 165063,
            "net_income_4q": null,
            "revenue": 1957923,
            "revenue_4q": null,
            "common_shares": 1242698,
            "book_valuer_per_share": 23.37,
            "book_valuer_per_share_4q_avg": 23.29,
            "equity": 2992371,
            "current_ratio": 230.81,
            "debt_ratio": 34.83,
            "inventory_turnover_ratio": 1.29,
            "account_receivable_turnover_ratio": 0.99,
            "reinvestment_rate": 33.59,
            "research_to_sale_ratio": 0.6,
            "price_fair": 129.22,
            "eps_avg_yearly": 3.69,
            "eps_latest_yearly": 5.48,
            "eps_growth_yearly": 416.03
        },
        "20104": {
            "year_quarter": 20104,
            "year": 2010,
            "quarter": 4,
            "eps": 0.12,
            "eps_growth_year": -91.9,
            "eps_4q": 3.45,
            "eps_4q_growth_year": -20.69,
            "roe": 0.47,
            "roe_4q": 14.059999999999999,
            "gross_profit": 255450,
            "gross_margin": 13.27,
            "gross_margin_4q_avg": 15.85,
            "net_income": 13975,
            "net_income_4q": null,
            "revenue": 1924611,
            "revenue_4q": null,
            "common_shares": 1227718,
            "book_valuer_per_share": 22.7,
            "book_valuer_per_share_4q_avg": 23.12,
            "equity": 2921878,
            "current_ratio": 243.02,
            "debt_ratio": 32.52,
            "inventory_turnover_ratio": 1.62,
            "account_receivable_turnover_ratio": 1.06,
            "reinvestment_rate": -11.62,
            "research_to_sale_ratio": 0.94,
            "price_fair": 119,
            "eps_avg_yearly": 3.4,
            "eps_latest_yearly": 0.48,
            "eps_growth_yearly": 345.03
        },
        "20111": {
            "year_quarter": 20111,
            "year": 2011,
            "quarter": 1,
            "eps": 0.69,
            "eps_growth_year": -20.69,
            "eps_4q": 3.25,
            "eps_4q_growth_year": -26.46,
            "roe": 2.79,
            "roe_4q": 13.42,
            "gross_profit": 213809,
            "gross_margin": 11.48,
            "gross_margin_4q_avg": 14.41,
            "net_income": 82919,
            "net_income_4q": null,
            "revenue": 1862430,
            "revenue_4q": null,
            "common_shares": 1237178,
            "book_valuer_per_share": 23.4,
            "book_valuer_per_share_4q_avg": 22.95,
            "equity": 3029377,
            "current_ratio": 221.19,
            "debt_ratio": 35.7,
            "inventory_turnover_ratio": 1.59,
            "account_receivable_turnover_ratio": 1.04,
            "reinvestment_rate": 38.05,
            "research_to_sale_ratio": 0.68,
            "price_fair": 117.13,
            "eps_avg_yearly": 3.35,
            "eps_latest_yearly": 2.76,
            "eps_growth_yearly": 474.61
        },
        "20112": {
            "year_quarter": 20112,
            "year": 2011,
            "quarter": 2,
            "eps": 0.44,
            "eps_growth_year": -60.37,
            "eps_4q": 2.6,
            "eps_4q_growth_year": -43.57,
            "roe": 1.83,
            "roe_4q": 10.74,
            "gross_profit": 215035,
            "gross_margin": 11.4,
            "gross_margin_4q_avg": 13.58,
            "net_income": 53031,
            "net_income_4q": null,
            "revenue": 1885655,
            "revenue_4q": null,
            "common_shares": 1237898,
            "book_valuer_per_share": 21.1,
            "book_valuer_per_share_4q_avg": 22.64,
            "equity": 2751359,
            "current_ratio": 185.08,
            "debt_ratio": 42.12,
            "inventory_turnover_ratio": 1.46,
            "account_receivable_turnover_ratio": 0.98,
            "reinvestment_rate": 40.88,
            "research_to_sale_ratio": 0.94,
            "price_fair": 112.86,
            "eps_avg_yearly": 3.22,
            "eps_latest_yearly": 1.76,
            "eps_growth_yearly": 426.95
        },
        "20113": {
            "year_quarter": 20113,
            "year": 2011,
            "quarter": 3,
            "eps": -0.16,
            "eps_growth_year": -111.56,
            "eps_4q": 1.08,
            "eps_4q_growth_year": -76.98,
            "roe": -0.72,
            "roe_4q": 4.37,
            "gross_profit": 260900,
            "gross_margin": 12.34,
            "gross_margin_4q_avg": 12.12,
            "net_income": -20458,
            "net_income_4q": null,
            "revenue": 2114043,
            "revenue_4q": null,
            "common_shares": 1247053,
            "book_valuer_per_share": 22.13,
            "book_valuer_per_share_4q_avg": 22.33,
            "equity": 2898676,
            "current_ratio": 224.41,
            "debt_ratio": 43.02,
            "inventory_turnover_ratio": 1.42,
            "account_receivable_turnover_ratio": 1.16,
            "reinvestment_rate": 49.07,
            "research_to_sale_ratio": 0.71,
            "price_fair": 112.86,
            "eps_avg_yearly": 3.22,
            "eps_latest_yearly": 1.76,
            "eps_growth_yearly": 426.95
        },
        "20114": {
            "year_quarter": 20114,
            "year": 2011,
            "quarter": 4,
            "eps": 1.44,
            "eps_growth_year": 1100.89,
            "eps_4q": 2.41,
            "eps_4q_growth_year": -30,
            "roe": 5.87,
            "roe_4q": 9.77,
            "gross_profit": 307781,
            "gross_margin": 15.03,
            "gross_margin_4q_avg": 12.56,
            "net_income": 173437,
            "net_income_4q": null,
            "revenue": 2047131,
            "revenue_4q": null,
            "common_shares": 1211423,
            "book_valuer_per_share": 23.43,
            "book_valuer_per_share_4q_avg": 22.52,
            "equity": 3012526,
            "current_ratio": 206.93,
            "debt_ratio": 46,
            "inventory_turnover_ratio": 1.23,
            "account_receivable_turnover_ratio": 1.08,
            "reinvestment_rate": 1.03,
            "research_to_sale_ratio": 0.77,
            "price_fair": 118.42,
            "eps_avg_yearly": 3.38,
            "eps_latest_yearly": 1.76,
            "eps_growth_yearly": 431.16
        },
        "20121": {
            "year_quarter": 20121,
            "year": 2012,
            "quarter": 1,
            "eps": 0.66,
            "eps_growth_year": -4.35,
            "eps_4q": 2.31,
            "eps_4q_growth_year": -29.08,
            "roe": 2.65,
            "roe_4q": 9.629999999999999,
            "gross_profit": 219007,
            "gross_margin": 12.03,
            "gross_margin_4q_avg": 12.7,
            "net_income": 81633,
            "net_income_4q": null,
            "revenue": 1821099,
            "revenue_4q": null,
            "common_shares": 1258614,
            "book_valuer_per_share": 23.69,
            "book_valuer_per_share_4q_avg": 22.59,
            "equity": 3156606,
            "current_ratio": 226.61,
            "debt_ratio": 41.16,
            "inventory_turnover_ratio": 1.16,
            "account_receivable_turnover_ratio": 0.89,
            "reinvestment_rate": 2.89,
            "research_to_sale_ratio": 0.7,
            "price_fair": 125.3,
            "eps_avg_yearly": 3.58,
            "eps_latest_yearly": 2.64,
            "eps_growth_yearly": 439.37
        },
        "20122": {
            "year_quarter": 20122,
            "year": 2012,
            "quarter": 2,
            "eps": 0.27,
            "eps_growth_year": -38.51,
            "eps_4q": 2.18,
            "eps_4q_growth_year": -16.24,
            "roe": 1.11,
            "roe_4q": 8.909999999999998,
            "gross_profit": 197163,
            "gross_margin": 11.09,
            "gross_margin_4q_avg": 12.62,
            "net_income": 34356,
            "net_income_4q": null,
            "revenue": 1777353,
            "revenue_4q": null,
            "common_shares": 1259364,
            "book_valuer_per_share": 23,
            "book_valuer_per_share_4q_avg": 23.06,
            "equity": 3032183,
            "current_ratio": 216.24,
            "debt_ratio": 42.96,
            "inventory_turnover_ratio": 1.13,
            "account_receivable_turnover_ratio": 0.88,
            "reinvestment_rate": 6.08,
            "research_to_sale_ratio": 0.95,
            "price_fair": 119.82,
            "eps_avg_yearly": 3.42,
            "eps_latest_yearly": 1.08,
            "eps_growth_yearly": 100.62
        },
        "20123": {
            "year_quarter": 20123,
            "year": 2012,
            "quarter": 3,
            "eps": 0.75,
            "eps_growth_year": null,
            "eps_4q": 3.12,
            "eps_4q_growth_year": 189.64,
            "roe": 3.05,
            "roe_4q": 12.68,
            "gross_profit": 263567,
            "gross_margin": 13.28,
            "gross_margin_4q_avg": 12.86,
            "net_income": 92502,
            "net_income_4q": null,
            "revenue": 1984304,
            "revenue_4q": null,
            "common_shares": 1223458,
            "book_valuer_per_share": 23.35,
            "book_valuer_per_share_4q_avg": 23.37,
            "equity": 3031571,
            "current_ratio": 202.69,
            "debt_ratio": 45.06,
            "inventory_turnover_ratio": 1.22,
            "account_receivable_turnover_ratio": 0.95,
            "reinvestment_rate": 9.67,
            "research_to_sale_ratio": 0.88,
            "price_fair": 119.93,
            "eps_avg_yearly": 3.43,
            "eps_latest_yearly": 3,
            "eps_growth_yearly": 159.88
        },
        "20124": {
            "year_quarter": 20124,
            "year": 2012,
            "quarter": 4,
            "eps": 0.33,
            "eps_growth_year": -77.13,
            "eps_4q": 2.02,
            "eps_4q_growth_year": -16.22,
            "roe": 1.34,
            "roe_4q": 8.15,
            "gross_profit": 228600,
            "gross_margin": 12.55,
            "gross_margin_4q_avg": 12.24,
            "net_income": 40718,
            "net_income_4q": null,
            "revenue": 1822185,
            "revenue_4q": null,
            "common_shares": 1223544,
            "book_valuer_per_share": 23.62,
            "book_valuer_per_share_4q_avg": 23.42,
            "equity": 3067130,
            "current_ratio": 214.6,
            "debt_ratio": 43.09,
            "inventory_turnover_ratio": 1.19,
            "account_receivable_turnover_ratio": 0.86,
            "reinvestment_rate": 6.86,
            "research_to_sale_ratio": 0.83,
            "price_fair": 114.26,
            "eps_avg_yearly": 3.26,
            "eps_latest_yearly": 1.32,
            "eps_growth_yearly": 130.35
        },
        "20131": {
            "year_quarter": 20131,
            "year": 2013,
            "quarter": 1,
            "eps": 0.47,
            "eps_growth_year": -28.79,
            "eps_4q": 1.82,
            "eps_4q_growth_year": -21.07,
            "roe": 1.83,
            "roe_4q": 7.33,
            "gross_profit": 172485,
            "gross_margin": 11.89,
            "gross_margin_4q_avg": 12.2,
            "net_income": 57189,
            "net_income_4q": null,
            "revenue": 1450252,
            "revenue_4q": null,
            "common_shares": 1224674,
            "book_valuer_per_share": 24.4,
            "book_valuer_per_share_4q_avg": 23.59,
            "equity": 3166248,
            "current_ratio": 274,
            "debt_ratio": 35.05,
            "inventory_turnover_ratio": 1.11,
            "account_receivable_turnover_ratio": 0.78,
            "reinvestment_rate": 15.78,
            "research_to_sale_ratio": 1.01,
            "price_fair": 110.8,
            "eps_avg_yearly": 3.17,
            "eps_latest_yearly": 1.88,
            "eps_growth_yearly": 133.16
        },
        "20132": {
            "year_quarter": 20132,
            "year": 2013,
            "quarter": 2,
            "eps": 0.3,
            "eps_growth_year": 10.56,
            "eps_4q": 1.84,
            "eps_4q_growth_year": -15.29,
            "roe": 1.18,
            "roe_4q": 7.3999999999999995,
            "gross_profit": 212985,
            "gross_margin": 12.95,
            "gross_margin_4q_avg": 12.67,
            "net_income": 36270,
            "net_income_4q": null,
            "revenue": 1645115,
            "revenue_4q": null,
            "common_shares": 1224674,
            "book_valuer_per_share": 22.9,
            "book_valuer_per_share_4q_avg": 23.57,
            "equity": 2979369,
            "current_ratio": 256.29,
            "debt_ratio": 37.21,
            "inventory_turnover_ratio": 1.39,
            "account_receivable_turnover_ratio": 0.97,
            "reinvestment_rate": 21.82,
            "research_to_sale_ratio": 0.82,
            "price_fair": 103.1,
            "eps_avg_yearly": 2.95,
            "eps_latest_yearly": 1.2,
            "eps_growth_yearly": 117.05
        },
        "20133": {
            "year_quarter": 20133,
            "year": 2013,
            "quarter": 3,
            "eps": 0.33,
            "eps_growth_year": -56.02,
            "eps_4q": 1.42,
            "eps_4q_growth_year": -54.38,
            "roe": 1.32,
            "roe_4q": 5.67,
            "gross_profit": 264816,
            "gross_margin": 15.38,
            "gross_margin_4q_avg": 13.19,
            "net_income": 39431,
            "net_income_4q": null,
            "revenue": 1721485,
            "revenue_4q": null,
            "common_shares": 1225304,
            "book_valuer_per_share": 23.01,
            "book_valuer_per_share_4q_avg": 23.48,
            "equity": 2992046,
            "current_ratio": 209.89,
            "debt_ratio": 37.2,
            "inventory_turnover_ratio": 1.39,
            "account_receivable_turnover_ratio": 0.94,
            "reinvestment_rate": 23.66,
            "research_to_sale_ratio": 0.99,
            "price_fair": 91.9,
            "eps_avg_yearly": 2.63,
            "eps_latest_yearly": 1.32,
            "eps_growth_yearly": 109.76
        },
        "20134": {
            "year_quarter": 20134,
            "year": 2013,
            "quarter": 4,
            "eps": 1.15,
            "eps_growth_year": 249.77,
            "eps_4q": 2.25,
            "eps_4q_growth_year": 11.02,
            "roe": 4.59,
            "roe_4q": 8.92,
            "gross_profit": 316898,
            "gross_margin": 16.48,
            "gross_margin_4q_avg": 14.18,
            "net_income": 141492,
            "net_income_4q": null,
            "revenue": 1922776,
            "revenue_4q": null,
            "common_shares": 1225304,
            "book_valuer_per_share": 24.43,
            "book_valuer_per_share_4q_avg": 23.69,
            "equity": 3169034,
            "current_ratio": 215.07,
            "debt_ratio": 37.46,
            "inventory_turnover_ratio": 1.41,
            "account_receivable_turnover_ratio": 0.96,
            "reinvestment_rate": 21.49,
            "research_to_sale_ratio": 0.65,
            "price_fair": 88.6,
            "eps_avg_yearly": 2.53,
            "eps_latest_yearly": 4.6,
            "eps_growth_yearly": 180.17
        },
        "20141": {
            "year_quarter": 20141,
            "year": 2014,
            "quarter": 1,
            "eps": 0.75,
            "eps_growth_year": 59.57,
            "eps_4q": 2.49,
            "eps_4q_growth_year": 36.44,
            "roe": 2.83,
            "roe_4q": 9.92,
            "gross_profit": 278026,
            "gross_margin": 16.09,
            "gross_margin_4q_avg": 15.23,
            "net_income": 92212,
            "net_income_4q": null,
            "revenue": 1727791,
            "revenue_4q": null,
            "common_shares": 1248783,
            "book_valuer_per_share": 25.45,
            "book_valuer_per_share_4q_avg": 23.95,
            "equity": 3348519,
            "current_ratio": 218.23,
            "debt_ratio": 37.66,
            "inventory_turnover_ratio": 1.18,
            "account_receivable_turnover_ratio": 0.84,
            "reinvestment_rate": 21.9,
            "research_to_sale_ratio": 0.72,
            "price_fair": 87.4,
            "eps_avg_yearly": 2.5,
            "eps_latest_yearly": 3,
            "eps_growth_yearly": 182
        },
        "20142": {
            "year_quarter": 20142,
            "year": 2014,
            "quarter": 2,
            "eps": 0.18,
            "eps_growth_year": -40,
            "eps_4q": 2.23,
            "eps_4q_growth_year": 21.11,
            "roe": 0.68,
            "roe_4q": 9.42,
            "gross_profit": 235966,
            "gross_margin": 12.68,
            "gross_margin_4q_avg": 15.16,
            "net_income": 22624,
            "net_income_4q": null,
            "revenue": 1860640,
            "revenue_4q": null,
            "common_shares": 1330599,
            "book_valuer_per_share": 23.95,
            "book_valuer_per_share_4q_avg": 24.21,
            "equity": 3354759,
            "current_ratio": 248.81,
            "debt_ratio": 33.14,
            "inventory_turnover_ratio": 1.28,
            "account_receivable_turnover_ratio": 0.91,
            "reinvestment_rate": 18.4,
            "research_to_sale_ratio": 0.86,
            "price_fair": 78.1,
            "eps_avg_yearly": 2.23,
            "eps_latest_yearly": 0.72,
            "eps_growth_yearly": 152.41
        },
        "20143": {
            "year_quarter": 20143,
            "year": 2014,
            "quarter": 3,
            "eps": 0.55,
            "eps_growth_year": 66.67,
            "eps_4q": 2.45,
            "eps_4q_growth_year": 72.54,
            "roe": 2.15,
            "roe_4q": 10.25,
            "gross_profit": 276843,
            "gross_margin": 15.02,
            "gross_margin_4q_avg": 15.07,
            "net_income": 73785,
            "net_income_4q": null,
            "revenue": 1842978,
            "revenue_4q": null,
            "common_shares": 1343386,
            "book_valuer_per_share": 24.93,
            "book_valuer_per_share_4q_avg": 24.69,
            "equity": 3518230,
            "current_ratio": 271.72,
            "debt_ratio": 30.53,
            "inventory_turnover_ratio": 1.26,
            "account_receivable_turnover_ratio": 0.92,
            "reinvestment_rate": 21.42,
            "research_to_sale_ratio": 0.81,
            "price_fair": 69.9,
            "eps_avg_yearly": 2,
            "eps_latest_yearly": 2.2,
            "eps_growth_yearly": 204.45
        },
        "20144": {
            "year_quarter": 20144,
            "year": 2014,
            "quarter": 4,
            "eps": 1.34,
            "eps_growth_year": 16.31,
            "eps_4q": 2.74,
            "eps_4q_growth_year": 21.99,
            "roe": 4.95,
            "roe_4q": 10.61,
            "gross_profit": 337560,
            "gross_margin": 17.73,
            "gross_margin_4q_avg": 15.38,
            "net_income": 180214,
            "net_income_4q": null,
            "revenue": 1903656,
            "revenue_4q": null,
            "common_shares": 1347700,
            "book_valuer_per_share": 26.61,
            "book_valuer_per_share_4q_avg": 25.24,
            "equity": 3757613,
            "current_ratio": 283,
            "debt_ratio": 30.2,
            "inventory_turnover_ratio": 1.29,
            "account_receivable_turnover_ratio": 0.94,
            "reinvestment_rate": 15.36,
            "research_to_sale_ratio": 0.72,
            "price_fair": 82.1,
            "eps_avg_yearly": 2.35,
            "eps_latest_yearly": 5.36,
            "eps_growth_yearly": 271.55
        },
        "20151": {
            "year_quarter": 20151,
            "year": 2015,
            "quarter": 1,
            "eps": 0.2,
            "eps_growth_year": -73.33,
            "eps_4q": 2.25,
            "eps_4q_growth_year": -9.35,
            "roe": 0.71,
            "roe_4q": 8.49,
            "gross_profit": 191105,
            "gross_margin": 11.18,
            "gross_margin_4q_avg": 14.15,
            "net_income": 26822,
            "net_income_4q": null,
            "revenue": 1708650,
            "revenue_4q": null,
            "common_shares": 1348815,
            "book_valuer_per_share": 26.61,
            "book_valuer_per_share_4q_avg": 25.53,
            "equity": 3759188,
            "current_ratio": 263.69,
            "debt_ratio": 32.62,
            "inventory_turnover_ratio": 1.32,
            "account_receivable_turnover_ratio": 0.86,
            "reinvestment_rate": 6.8,
            "research_to_sale_ratio": 0.8,
            "price_fair": 77.2,
            "eps_avg_yearly": 2.21,
            "eps_latest_yearly": 0.8,
            "eps_growth_yearly": 111.53
        },
        "20152": {
            "year_quarter": 20152,
            "year": 2015,
            "quarter": 2,
            "eps": -0.13,
            "eps_growth_year": -172.22,
            "eps_4q": 1.95,
            "eps_4q_growth_year": -12.43,
            "roe": -0.5,
            "roe_4q": 7.3100000000000005,
            "gross_profit": 148382,
            "gross_margin": 9.16,
            "gross_margin_4q_avg": 13.27,
            "net_income": -18065,
            "net_income_4q": null,
            "revenue": 1620458,
            "revenue_4q": null,
            "common_shares": 1348815,
            "book_valuer_per_share": 24.43,
            "book_valuer_per_share_4q_avg": 25.65,
            "equity": 3462132,
            "current_ratio": 240.52,
            "debt_ratio": 35.4,
            "inventory_turnover_ratio": 1.32,
            "account_receivable_turnover_ratio": 0.84,
            "reinvestment_rate": 2.79,
            "research_to_sale_ratio": 0.92,
            "price_fair": 78.4,
            "eps_avg_yearly": 2.24,
            "eps_latest_yearly": 0.8,
            "eps_growth_yearly": 131.26
        },
        "20153": {
            "year_quarter": 20153,
            "year": 2015,
            "quarter": 3,
            "eps": 0.78,
            "eps_growth_year": 41.82,
            "eps_4q": 2.27,
            "eps_4q_growth_year": -7.69,
            "roe": 2.99,
            "roe_4q": 8.15,
            "gross_profit": 261968,
            "gross_margin": 14.11,
            "gross_margin_4q_avg": 13.05,
            "net_income": 105503,
            "net_income_4q": null,
            "revenue": 1856634,
            "revenue_4q": null,
            "common_shares": 1348815,
            "book_valuer_per_share": 26.35,
            "book_valuer_per_share_4q_avg": 26,
            "equity": 3604347,
            "current_ratio": 243.39,
            "debt_ratio": 33.85,
            "inventory_turnover_ratio": 1.29,
            "account_receivable_turnover_ratio": 0.87,
            "reinvestment_rate": 13.27,
            "research_to_sale_ratio": 0.8,
            "price_fair": 78.4,
            "eps_avg_yearly": 2.24,
            "eps_latest_yearly": 0.8,
            "eps_growth_yearly": 131.26
        },
        "20154": {
            "year_quarter": 20154,
            "year": 2015,
            "quarter": 4,
            "eps": 1.4,
            "eps_growth_year": 4.28,
            "eps_4q": 2.28,
            "eps_4q_growth_year": -16.91,
            "roe": 4.95,
            "roe_4q": 8.15,
            "gross_profit": 364199,
            "gross_margin": 16.67,
            "gross_margin_4q_avg": 12.78,
            "net_income": 182338,
            "net_income_4q": null,
            "revenue": 2184387,
            "revenue_4q": null,
            "common_shares": 1301915,
            "book_valuer_per_share": 27.56,
            "book_valuer_per_share_4q_avg": 26.24,
            "equity": 3758659,
            "current_ratio": 225.56,
            "debt_ratio": 36.06,
            "inventory_turnover_ratio": 1.32,
            "account_receivable_turnover_ratio": 0.9,
            "reinvestment_rate": 18.78,
            "research_to_sale_ratio": 0.63,
            "price_fair": 86.8,
            "eps_avg_yearly": 2.48,
            "eps_latest_yearly": 5.6,
            "eps_growth_yearly": 144.59
        },
        "20161": {
            "year_quarter": 20161,
            "year": 2016,
            "quarter": 1,
            "eps": 1.02,
            "eps_growth_year": 410,
            "eps_4q": 3.08,
            "eps_4q_growth_year": 36.73,
            "roe": 3.48,
            "roe_4q": 10.92,
            "gross_profit": 318395,
            "gross_margin": 17.39,
            "gross_margin_4q_avg": 14.33,
            "net_income": 132116,
            "net_income_4q": null,
            "revenue": 1830771,
            "revenue_4q": null,
            "common_shares": 1302037,
            "book_valuer_per_share": 28.2,
            "book_valuer_per_share_4q_avg": 26.64,
            "equity": 3839454,
            "current_ratio": 289.57,
            "debt_ratio": 27.7,
            "inventory_turnover_ratio": 1.15,
            "account_receivable_turnover_ratio": 0.79,
            "reinvestment_rate": 16.49,
            "research_to_sale_ratio": 0.87,
            "price_fair": 90.4,
            "eps_avg_yearly": 2.58,
            "eps_latest_yearly": 4.08,
            "eps_growth_yearly": 152.32
        },
        "20162": {
            "year_quarter": 20162,
            "year": 2016,
            "quarter": 2,
            "eps": 0.33,
            "eps_growth_year": null,
            "eps_4q": 3.53,
            "eps_4q_growth_year": 80.56,
            "roe": 1.22,
            "roe_4q": 12.64,
            "gross_profit": 179051,
            "gross_margin": 10.6,
            "gross_margin_4q_avg": 14.69,
            "net_income": 45580,
            "net_income_4q": null,
            "revenue": 1688766,
            "revenue_4q": null,
            "common_shares": 1310568,
            "book_valuer_per_share": 26.34,
            "book_valuer_per_share_4q_avg": 27.11,
            "equity": 3618767,
            "current_ratio": 270.46,
            "debt_ratio": 29.43,
            "inventory_turnover_ratio": 1.37,
            "account_receivable_turnover_ratio": 0.79,
            "reinvestment_rate": 10.37,
            "research_to_sale_ratio": 0.76,
            "price_fair": 91,
            "eps_avg_yearly": 2.6,
            "eps_latest_yearly": 1.32,
            "eps_growth_yearly": 149.87
        },
        "20163": {
            "year_quarter": 20163,
            "year": 2016,
            "quarter": 3,
            "eps": 0.66,
            "eps_growth_year": -15.38,
            "eps_4q": 3.39,
            "eps_4q_growth_year": 49.7,
            "roe": 2.41,
            "roe_4q": 12.059999999999999,
            "gross_profit": 182633,
            "gross_margin": 11.49,
            "gross_margin_4q_avg": 14.04,
            "net_income": 87715,
            "net_income_4q": null,
            "revenue": 1589309,
            "revenue_4q": null,
            "common_shares": 1310568,
            "book_valuer_per_share": 26.6,
            "book_valuer_per_share_4q_avg": 27.18,
            "equity": 3648537,
            "current_ratio": 256.64,
            "debt_ratio": 36.19,
            "inventory_turnover_ratio": 1.33,
            "account_receivable_turnover_ratio": 0.74,
            "reinvestment_rate": 49.5,
            "research_to_sale_ratio": 0.87,
            "price_fair": 90.1,
            "eps_avg_yearly": 2.57,
            "eps_latest_yearly": 2.64,
            "eps_growth_yearly": 127.65
        },
        "20164": {
            "year_quarter": 20164,
            "year": 2016,
            "quarter": 4,
            "eps": 1.08,
            "eps_growth_year": -22.37,
            "eps_4q": 3.09,
            "eps_4q_growth_year": 35.71,
            "roe": 3.8,
            "roe_4q": 10.91,
            "gross_profit": 289210,
            "gross_margin": 17.57,
            "gross_margin_4q_avg": 14.26,
            "net_income": 141492,
            "net_income_4q": null,
            "revenue": 1645725,
            "revenue_4q": null,
            "common_shares": 1310568,
            "book_valuer_per_share": 27.82,
            "book_valuer_per_share_4q_avg": 27.24,
            "equity": 3805011,
            "current_ratio": 309.2,
            "debt_ratio": 31.74,
            "inventory_turnover_ratio": 1.28,
            "account_receivable_turnover_ratio": 0.75,
            "reinvestment_rate": 50.28,
            "research_to_sale_ratio": 0.93,
            "price_fair": 97.6,
            "eps_avg_yearly": 2.79,
            "eps_latest_yearly": 4.32,
            "eps_growth_yearly": 161.83
        },
        "20171": {
            "year_quarter": 20171,
            "year": 2017,
            "quarter": 1,
            "eps": 0.12,
            "eps_growth_year": -88.24,
            "eps_4q": 2.2,
            "eps_4q_growth_year": -28.43,
            "roe": 0.44,
            "roe_4q": 7.87,
            "gross_profit": 186646,
            "gross_margin": 13.2,
            "gross_margin_4q_avg": 13.22,
            "net_income": 16403,
            "net_income_4q": null,
            "revenue": 1413522,
            "revenue_4q": null,
            "common_shares": 1310568,
            "book_valuer_per_share": 26.7,
            "book_valuer_per_share_4q_avg": 26.87,
            "equity": 3650392,
            "current_ratio": 336.01,
            "debt_ratio": 30.55,
            "inventory_turnover_ratio": 1.24,
            "account_receivable_turnover_ratio": 0.7,
            "reinvestment_rate": 36.77,
            "research_to_sale_ratio": 1.03,
            "price_fair": 94.1,
            "eps_avg_yearly": 2.69,
            "eps_latest_yearly": 0.48,
            "eps_growth_yearly": 124.31
        },
        "20172": {
            "year_quarter": 20172,
            "year": 2017,
            "quarter": 2,
            "eps": 0.52,
            "eps_growth_year": 57.58,
            "eps_4q": 2.37,
            "eps_4q_growth_year": -32.89,
            "roe": 1.91,
            "roe_4q": 8.56,
            "gross_profit": 202928,
            "gross_margin": 12.85,
            "gross_margin_4q_avg": 13.78,
            "net_income": 67489,
            "net_income_4q": null,
            "revenue": 1579738,
            "revenue_4q": null,
            "common_shares": 1319268,
            "book_valuer_per_share": 24.79,
            "book_valuer_per_share_4q_avg": 26.48,
            "equity": 3424577,
            "current_ratio": 247.88,
            "debt_ratio": 37.1,
            "inventory_turnover_ratio": 1.44,
            "account_receivable_turnover_ratio": 0.85,
            "reinvestment_rate": 41.81,
            "research_to_sale_ratio": 1.13,
            "price_fair": 96.3,
            "eps_avg_yearly": 2.75,
            "eps_latest_yearly": 2.08,
            "eps_growth_yearly": 229.89
        },
        "20173": {
            "year_quarter": 20173,
            "year": 2017,
            "quarter": 3,
            "eps": 0.42,
            "eps_growth_year": -36.36,
            "eps_4q": 2.11,
            "eps_4q_growth_year": -37.86,
            "roe": 1.61,
            "roe_4q": 7.76,
            "gross_profit": 200224,
            "gross_margin": 12.11,
            "gross_margin_4q_avg": 13.93,
            "net_income": 56070,
            "net_income_4q": null,
            "revenue": 1653296,
            "revenue_4q": null,
            "common_shares": 1335282,
            "book_valuer_per_share": 25.32,
            "book_valuer_per_share_4q_avg": 26.16,
            "equity": 3536812,
            "current_ratio": 241.13,
            "debt_ratio": 37.06,
            "inventory_turnover_ratio": 1.34,
            "account_receivable_turnover_ratio": 0.82,
            "reinvestment_rate": 49.75,
            "research_to_sale_ratio": 1.16,
            "price_fair": 97.2,
            "eps_avg_yearly": 2.78,
            "eps_latest_yearly": 1.68,
            "eps_growth_yearly": 221.53
        },
        "20174": {
            "year_quarter": 20174,
            "year": 2017,
            "quarter": 4,
            "eps": 0.64,
            "eps_growth_year": -41.12,
            "eps_4q": 1.66,
            "eps_4q_growth_year": -46.3,
            "roe": 2.41,
            "roe_4q": 6.370000000000001,
            "gross_profit": 230068,
            "gross_margin": 13.85,
            "gross_margin_4q_avg": 13,
            "net_income": 86981,
            "net_income_4q": null,
            "revenue": 1660995,
            "revenue_4q": null,
            "common_shares": 1366242,
            "book_valuer_per_share": 25.82,
            "book_valuer_per_share_4q_avg": 25.66,
            "equity": 3684497,
            "current_ratio": 209.14,
            "debt_ratio": 39.51,
            "inventory_turnover_ratio": 1.02,
            "account_receivable_turnover_ratio": 0.78,
            "reinvestment_rate": 63.54,
            "research_to_sale_ratio": 1.09,
            "price_fair": 92.1,
            "eps_avg_yearly": 2.63,
            "eps_latest_yearly": 2.56,
            "eps_growth_yearly": 165.5
        },
        "20181": {
            "year_quarter": 20181,
            "year": 2018,
            "quarter": 1,
            "eps": 0.13,
            "eps_growth_year": 8.33,
            "eps_4q": 1.61,
            "eps_4q_growth_year": -27.08,
            "roe": 0.51,
            "roe_4q": 6.44,
            "gross_profit": 197272,
            "gross_margin": 10.16,
            "gross_margin_4q_avg": 12.24,
            "net_income": 19075,
            "net_income_4q": null,
            "revenue": 1941848,
            "revenue_4q": null,
            "common_shares": 1421258,
            "book_valuer_per_share": 25.91,
            "book_valuer_per_share_4q_avg": 25.46,
            "equity": 3842456,
            "current_ratio": 203.7,
            "debt_ratio": 38.07,
            "inventory_turnover_ratio": 1.14,
            "account_receivable_turnover_ratio": 0.89,
            "reinvestment_rate": 71.04,
            "research_to_sale_ratio": 1,
            "price_fair": 85.9,
            "eps_avg_yearly": 2.45,
            "eps_latest_yearly": 0.52,
            "eps_growth_yearly": 152.67
        },
        "20182": {
            "year_quarter": 20182,
            "year": 2018,
            "quarter": 2,
            "eps": 0.47,
            "eps_growth_year": -9.62,
            "eps_4q": 1.62,
            "eps_4q_growth_year": -31.73,
            "roe": 1.78,
            "roe_4q": 6.3100000000000005,
            "gross_profit": 167638,
            "gross_margin": 9.75,
            "gross_margin_4q_avg": 11.47,
            "net_income": 67204,
            "net_income_4q": null,
            "revenue": 1719522,
            "revenue_4q": null,
            "common_shares": 1421543,
            "book_valuer_per_share": 25.11,
            "book_valuer_per_share_4q_avg": 25.54,
            "equity": 3689288,
            "current_ratio": 185.03,
            "debt_ratio": 41.32,
            "inventory_turnover_ratio": 1.06,
            "account_receivable_turnover_ratio": 0.75,
            "reinvestment_rate": 75.84,
            "research_to_sale_ratio": 1.11,
            "price_fair": 88.8,
            "eps_avg_yearly": 2.54,
            "eps_latest_yearly": 1.88,
            "eps_growth_yearly": 249.11
        },
        "20183": {
            "year_quarter": 20183,
            "year": 2018,
            "quarter": 3,
            "eps": -0.13,
            "eps_growth_year": -130.95,
            "eps_4q": 1.09,
            "eps_4q_growth_year": -48.42,
            "roe": -0.5,
            "roe_4q": 4.2,
            "gross_profit": 116338,
            "gross_margin": 6.68,
            "gross_margin_4q_avg": 10.11,
            "net_income": -18437,
            "net_income_4q": null,
            "revenue": 1741000,
            "revenue_4q": null,
            "common_shares": 1407221,
            "book_valuer_per_share": 24.66,
            "book_valuer_per_share_4q_avg": 25.38,
            "equity": 3623953,
            "current_ratio": 172.68,
            "debt_ratio": 40.24,
            "inventory_turnover_ratio": 1.15,
            "account_receivable_turnover_ratio": 0.77,
            "reinvestment_rate": 79.59,
            "research_to_sale_ratio": 0.9,
            "price_fair": 89.71,
            "eps_avg_yearly": 2.56,
            "eps_latest_yearly": 1.88,
            "eps_growth_yearly": 205.03
        },
        "20184": {
            "year_quarter": 20184,
            "year": 2018,
            "quarter": 4,
            "eps": 0.67,
            "eps_growth_year": 4.74,
            "eps_4q": 1.14,
            "eps_4q_growth_year": -31.5,
            "roe": 2.52,
            "roe_4q": 4.31,
            "gross_profit": 218725,
            "gross_margin": 11.78,
            "gross_margin_4q_avg": 9.59,
            "net_income": 92593,
            "net_income_4q": null,
            "revenue": 1856797,
            "revenue_4q": null,
            "common_shares": 1407221,
            "book_valuer_per_share": 25.38,
            "book_valuer_per_share_4q_avg": 25.27,
            "equity": 3725893,
            "current_ratio": 174.04,
            "debt_ratio": 39.47,
            "inventory_turnover_ratio": 1.32,
            "account_receivable_turnover_ratio": 0.85,
            "reinvestment_rate": 92.18,
            "research_to_sale_ratio": 1.27,
            "price_fair": 81.55,
            "eps_avg_yearly": 2.33,
            "eps_latest_yearly": 1.88,
            "eps_growth_yearly": 174.23
        },
        "20191": {
            "year_quarter": 20191,
            "year": 2019,
            "quarter": 1,
            "eps": 1.12,
            "eps_growth_year": 761.54,
            "eps_4q": 2.11,
            "eps_4q_growth_year": 31.44,
            "roe": 4.07,
            "roe_4q": 7.87,
            "gross_profit": 293070,
            "gross_margin": 16.97,
            "gross_margin_4q_avg": 11.3,
            "net_income": 156163,
            "net_income_4q": null,
            "revenue": 1727047,
            "revenue_4q": null,
            "common_shares": 1416295,
            "book_valuer_per_share": 26.74,
            "book_valuer_per_share_4q_avg": 25.47,
            "equity": 3942764,
            "current_ratio": 182.83,
            "debt_ratio": 38.1,
            "inventory_turnover_ratio": 1.34,
            "account_receivable_turnover_ratio": 0.78,
            "reinvestment_rate": 91.89,
            "research_to_sale_ratio": 0.95,
            "price_fair": 92.28,
            "eps_avg_yearly": 2.64,
            "eps_latest_yearly": 4.48,
            "eps_growth_yearly": 224.98
        },
        "20192": {
            "year_quarter": 20192,
            "year": 2019,
            "quarter": 2,
            "eps": 1.72,
            "eps_growth_year": 265.96,
            "eps_4q": 3.34,
            "eps_4q_growth_year": 106.67,
            "roe": 6.14,
            "roe_4q": 12.23,
            "gross_profit": 376831,
            "gross_margin": 21.17,
            "gross_margin_4q_avg": 14.15,
            "net_income": 244039,
            "net_income_4q": null,
            "revenue": 1780140,
            "revenue_4q": null,
            "common_shares": 1428998,
            "book_valuer_per_share": 26.95,
            "book_valuer_per_share_4q_avg": 25.93,
            "equity": 4004251,
            "current_ratio": 177.15,
            "debt_ratio": 40.28,
            "inventory_turnover_ratio": 1.37,
            "account_receivable_turnover_ratio": 0.79,
            "reinvestment_rate": 74.98,
            "research_to_sale_ratio": 0.91,
            "price_fair": 103.71,
            "eps_avg_yearly": 2.96,
            "eps_latest_yearly": 6.88,
            "eps_growth_yearly": 224.16
        },
        "20193": {
            "year_quarter": 20193,
            "year": 2019,
            "quarter": 3,
            "eps": 1.92,
            "eps_growth_year": null,
            "eps_4q": 5.39,
            "eps_4q_growth_year": 395.47,
            "roe": 6.68,
            "roe_4q": 19.41,
            "gross_profit": 446130,
            "gross_margin": 25.29,
            "gross_margin_4q_avg": 18.8,
            "net_income": 274438,
            "net_income_4q": null,
            "revenue": 1763962,
            "revenue_4q": null,
            "common_shares": 1430258,
            "book_valuer_per_share": 28.42,
            "book_valuer_per_share_4q_avg": 26.87,
            "equity": 4213286,
            "current_ratio": 190.5,
            "debt_ratio": 38.5,
            "inventory_turnover_ratio": 1.18,
            "account_receivable_turnover_ratio": 0.77,
            "reinvestment_rate": 39.09,
            "research_to_sale_ratio": 0.91,
            "price_fair": 115.5,
            "eps_avg_yearly": 3.3,
            "eps_latest_yearly": 7.68,
            "eps_growth_yearly": 211.47
        },
        "20194": {
            "year_quarter": 20194,
            "year": 2019,
            "quarter": 4,
            "eps": 1.59,
            "eps_growth_year": 137.55,
            "eps_4q": 6.29,
            "eps_4q_growth_year": 454.05,
            "roe": 5.3,
            "roe_4q": 22.19,
            "gross_profit": 426760,
            "gross_margin": 24.38,
            "gross_margin_4q_avg": 21.95,
            "net_income": 227892,
            "net_income_4q": null,
            "revenue": 1750154,
            "revenue_4q": null,
            "common_shares": 1437205,
            "book_valuer_per_share": 29.5,
            "book_valuer_per_share_4q_avg": 27.9,
            "equity": 4384952,
            "current_ratio": 210.61,
            "debt_ratio": 34.9,
            "inventory_turnover_ratio": 1.13,
            "account_receivable_turnover_ratio": 0.8,
            "reinvestment_rate": 31.81,
            "research_to_sale_ratio": 0.68,
            "price_fair": 117.4,
            "eps_avg_yearly": 3.35,
            "eps_latest_yearly": 6.36,
            "eps_growth_yearly": 183.85
        },
        "20201": {
            "year_quarter": 20201,
            "year": 2020,
            "quarter": 1,
            "eps": 0.34,
            "eps_growth_year": -69.64,
            "eps_4q": 5.53,
            "eps_4q_growth_year": 161.67,
            "roe": 1.11,
            "roe_4q": 19.23,
            "gross_profit": 177456,
            "gross_margin": 14.28,
            "gross_margin_4q_avg": 21.28,
            "net_income": 48969,
            "net_income_4q": null,
            "revenue": 1242818,
            "revenue_4q": null,
            "common_shares": 1437967,
            "book_valuer_per_share": 29.76,
            "book_valuer_per_share_4q_avg": 28.66,
            "equity": 4423800,
            "current_ratio": 260.88,
            "debt_ratio": 26.71,
            "inventory_turnover_ratio": 1.02,
            "account_receivable_turnover_ratio": 0.69,
            "reinvestment_rate": 37.88,
            "research_to_sale_ratio": 0.9,
            "price_fair": 110.6,
            "eps_avg_yearly": 3.16,
            "eps_latest_yearly": 1.36,
            "eps_growth_yearly": 169.14
        },
        "20202": {
            "year_quarter": 20202,
            "year": 2020,
            "quarter": 2,
            "eps": 1.5,
            "eps_growth_year": -12.79,
            "eps_4q": 5.26,
            "eps_4q_growth_year": 57.39,
            "roe": 5.16,
            "roe_4q": 18.25,
            "gross_profit": 454797,
            "gross_margin": 26.43,
            "gross_margin_4q_avg": 22.6,
            "net_income": 220623,
            "net_income_4q": null,
            "revenue": 1720883,
            "revenue_4q": null,
            "common_shares": 1457662,
            "book_valuer_per_share": 27.3,
            "book_valuer_per_share_4q_avg": 28.75,
            "equity": 4126853,
            "current_ratio": 192.91,
            "debt_ratio": 36.53,
            "inventory_turnover_ratio": 1.18,
            "account_receivable_turnover_ratio": 0.99,
            "reinvestment_rate": 36.84,
            "research_to_sale_ratio": 0.84,
            "price_fair": 122.3,
            "eps_avg_yearly": 3.49,
            "eps_latest_yearly": 6,
            "eps_growth_yearly": 285.95
        },
        "20203": {
            "year_quarter": 20203,
            "year": 2020,
            "quarter": 3,
            "eps": 1.48,
            "eps_growth_year": -22.92,
            "eps_4q": 4.8,
            "eps_4q_growth_year": -10.86,
            "roe": 5.19,
            "roe_4q": 16.76,
            "gross_profit": 435688,
            "gross_margin": 23.63,
            "gross_margin_4q_avg": 22.18,
            "net_income": 220987,
            "net_income_4q": null,
            "revenue": 1844063,
            "revenue_4q": null,
            "common_shares": 1477662,
            "book_valuer_per_share": 28.7,
            "book_valuer_per_share_4q_avg": 28.82,
            "equity": 4395430,
            "current_ratio": 232.91,
            "debt_ratio": 30.9,
            "inventory_turnover_ratio": 1.16,
            "account_receivable_turnover_ratio": 0.93,
            "reinvestment_rate": 5.72,
            "research_to_sale_ratio": 1.04,
            "price_fair": 130.5,
            "eps_avg_yearly": 3.73,
            "eps_latest_yearly": 5.92,
            "eps_growth_yearly": 257
        },
        "20204": {
            "year_quarter": 20204,
            "year": 2020,
            "quarter": 4,
            "eps": 1.38,
            "eps_growth_year": -12.87,
            "eps_4q": 4.64,
            "eps_4q_growth_year": -26.27,
            "roe": 4.61,
            "roe_4q": 16.07,
            "gross_profit": 317956,
            "gross_margin": 17.7,
            "gross_margin_4q_avg": 20.51,
            "net_income": 207817,
            "net_income_4q": null,
            "revenue": 1796682,
            "revenue_4q": null,
            "common_shares": 1477662,
            "book_valuer_per_share": 30.16,
            "book_valuer_per_share_4q_avg": 28.98,
            "equity": 4616666,
            "current_ratio": 226.65,
            "debt_ratio": 31.16,
            "inventory_turnover_ratio": 1.13,
            "account_receivable_turnover_ratio": 0.9,
            "reinvestment_rate": 11.36,
            "research_to_sale_ratio": 0.98,
            "price_fair": 133.5,
            "eps_avg_yearly": 3.81,
            "eps_latest_yearly": 5.52,
            "eps_growth_yearly": 236.88
        },
        "20211": {
            "year_quarter": 20211,
            "year": 2021,
            "quarter": 1,
            "eps": 1.31,
            "eps_growth_year": 285.29,
            "eps_4q": 5.62,
            "eps_4q_growth_year": 1.69,
            "roe": 4.19,
            "roe_4q": 19.150000000000002,
            "gross_profit": 399114,
            "gross_margin": 22.27,
            "gross_margin_4q_avg": 22.51,
            "net_income": 197160,
            "net_income_4q": null,
            "revenue": 1791977,
            "revenue_4q": null,
            "common_shares": 1477662,
            "book_valuer_per_share": 31.39,
            "book_valuer_per_share_4q_avg": 29.39,
            "equity": 4800372,
            "current_ratio": 241.24,
            "debt_ratio": 30.68,
            "inventory_turnover_ratio": 0.95,
            "account_receivable_turnover_ratio": 0.89,
            "reinvestment_rate": 7.69,
            "research_to_sale_ratio": 0.84,
            "price_fair": 145.4,
            "eps_avg_yearly": 4.15,
            "eps_latest_yearly": 5.24,
            "eps_growth_yearly": 260.83
        },
        "20212": {
            "year_quarter": 20212,
            "year": 2021,
            "quarter": 2,
            "eps": 1.03,
            "eps_growth_year": -31.33,
            "eps_4q": 5.2,
            "eps_4q_growth_year": -1.19,
            "roe": 3.24,
            "roe_4q": 17.23,
            "gross_profit": 268719,
            "gross_margin": 13.41,
            "gross_margin_4q_avg": 19.25,
            "net_income": 157300,
            "net_income_4q": null,
            "revenue": 2003791,
            "revenue_4q": null,
            "common_shares": 1477662,
            "book_valuer_per_share": 32.09,
            "book_valuer_per_share_4q_avg": 30.59,
            "equity": 4906580,
            "current_ratio": 226.5,
            "debt_ratio": 32.46,
            "inventory_turnover_ratio": 1.03,
            "account_receivable_turnover_ratio": 0.97,
            "reinvestment_rate": 6.06,
            "research_to_sale_ratio": 0.91,
            "price_fair": 150.5,
            "eps_avg_yearly": 4.3,
            "eps_latest_yearly": 4.12,
            "eps_growth_yearly": 159.49
        },
        "20213": {
            "year_quarter": 20213,
            "year": 2021,
            "quarter": 3,
            "eps": 0.29,
            "eps_growth_year": -80.41,
            "eps_4q": 4.02,
            "eps_4q_growth_year": -16.33,
            "roe": 1,
            "roe_4q": 13.04,
            "gross_profit": 266325,
            "gross_margin": 12.89,
            "gross_margin_4q_avg": 16.57,
            "net_income": 46709,
            "net_income_4q": null,
            "revenue": 2065671,
            "revenue_4q": null,
            "common_shares": 1477662,
            "book_valuer_per_share": 28.76,
            "book_valuer_per_share_4q_avg": 30.6,
            "equity": 4418566,
            "current_ratio": 213.41,
            "debt_ratio": 47.48,
            "inventory_turnover_ratio": 0.93,
            "account_receivable_turnover_ratio": 0.94,
            "reinvestment_rate": 1.52,
            "research_to_sale_ratio": 0.89,
            "price_fair": 149.2,
            "eps_avg_yearly": 4.26,
            "eps_latest_yearly": 1.16,
            "eps_growth_yearly": 144.45
        },
        "20214": {
            "year_quarter": 20214,
            "year": 2021,
            "quarter": 4,
            "eps": 0.42,
            "eps_growth_year": -69.65,
            "eps_4q": 3.05,
            "eps_4q_growth_year": -34.2,
            "roe": 1.48,
            "roe_4q": 9.91,
            "gross_profit": 311333,
            "gross_margin": 14.31,
            "gross_margin_4q_avg": 15.72,
            "net_income": 65625,
            "net_income_4q": null,
            "revenue": 2176137,
            "revenue_4q": null,
            "common_shares": 1477662,
            "book_valuer_per_share": 29.2,
            "book_valuer_per_share_4q_avg": 30.36,
            "equity": 4471900,
            "current_ratio": 218.41,
            "debt_ratio": 46.75,
            "inventory_turnover_ratio": 0.89,
            "account_receivable_turnover_ratio": 0.91,
            "reinvestment_rate": -8.58,
            "research_to_sale_ratio": 0.88,
            "price_fair": 147,
            "eps_avg_yearly": 4.2,
            "eps_latest_yearly": 1.68,
            "eps_growth_yearly": 142.3
        },
        "20221": {
            "year_quarter": 20221,
            "year": 2022,
            "quarter": 1,
            "eps": 1,
            "eps_growth_year": -23.66,
            "eps_4q": 2.75,
            "eps_4q_growth_year": -51.11,
            "roe": 3.23,
            "roe_4q": 8.95,
            "gross_profit": 208066,
            "gross_margin": 11.32,
            "gross_margin_4q_avg": 12.98,
            "net_income": 148978,
            "net_income_4q": null,
            "revenue": 1838614,
            "revenue_4q": null,
            "common_shares": 1477662,
            "book_valuer_per_share": 31.07,
            "book_valuer_per_share_4q_avg": 30.28,
            "equity": 4754800,
            "current_ratio": 253.84,
            "debt_ratio": 43.04,
            "inventory_turnover_ratio": 0.77,
            "account_receivable_turnover_ratio": 0.81,
            "reinvestment_rate": -10.74,
            "research_to_sale_ratio": 0.87,
            "price_fair": 155.7,
            "eps_avg_yearly": 4.45,
            "eps_latest_yearly": 4,
            "eps_growth_yearly": 204.52
        },
        "20222": {
            "year_quarter": 20222,
            "year": 2022,
            "quarter": 2,
            "eps": 1.18,
            "eps_growth_year": 14.56,
            "eps_4q": 2.9,
            "eps_4q_growth_year": -44.23,
            "roe": 3.89,
            "roe_4q": 9.6,
            "gross_profit": 363968,
            "gross_margin": 17.81,
            "gross_margin_4q_avg": 14.08,
            "net_income": 182477,
            "net_income_4q": null,
            "revenue": 2043981,
            "revenue_4q": null,
            "common_shares": 1477662,
            "book_valuer_per_share": 30.21,
            "book_valuer_per_share_4q_avg": 29.81,
            "equity": 4632132,
            "current_ratio": 233.08,
            "debt_ratio": 44.61,
            "inventory_turnover_ratio": 0.75,
            "account_receivable_turnover_ratio": 0.94,
            "reinvestment_rate": -14.08,
            "research_to_sale_ratio": 1,
            "price_fair": 162.8,
            "eps_avg_yearly": 4.65,
            "eps_latest_yearly": 4.72,
            "eps_growth_yearly": 134.94
        },
        "20223": {
            "year_quarter": 20223,
            "year": 2022,
            "quarter": 3,
            "eps": 1.91,
            "eps_growth_year": 558.62,
            "eps_4q": 4.52,
            "eps_4q_growth_year": 12.54,
            "roe": 5.96,
            "roe_4q": 14.56,
            "gross_profit": 416360,
            "gross_margin": 20.29,
            "gross_margin_4q_avg": 15.93,
            "net_income": 286419,
            "net_income_4q": null,
            "revenue": 2052330,
            "revenue_4q": null,
            "common_shares": 1477662,
            "book_valuer_per_share": 32.51,
            "book_valuer_per_share_4q_avg": 30.75,
            "equity": 4977713,
            "current_ratio": 252.3,
            "debt_ratio": 42.35,
            "inventory_turnover_ratio": 0.68,
            "account_receivable_turnover_ratio": 0.89,
            "reinvestment_rate": -10.08,
            "research_to_sale_ratio": 1.31,
            "price_fair": 169.77,
            "eps_avg_yearly": 4.85,
            "eps_latest_yearly": 7.64,
            "eps_growth_yearly": 142.44
        },
        "20224": {
            "year_quarter": 20224,
            "year": 2022,
            "quarter": 4,
            "eps": 1.4,
            "eps_growth_year": 233.44,
            "eps_4q": 5.5,
            "eps_4q_growth_year": 80.17,
            "roe": 4.2,
            "roe_4q": 17.28,
            "gross_profit": 448081,
            "gross_margin": 24.18,
            "gross_margin_4q_avg": 18.4,
            "net_income": 213161,
            "net_income_4q": null,
            "revenue": 1852843,
            "revenue_4q": null,
            "common_shares": 1477662,
            "book_valuer_per_share": 33.77,
            "book_valuer_per_share_4q_avg": 31.89,
            "equity": 5169184,
            "current_ratio": 292.6,
            "debt_ratio": 38.06,
            "inventory_turnover_ratio": 0.63,
            "account_receivable_turnover_ratio": 0.86,
            "reinvestment_rate": -10.89,
            "research_to_sale_ratio": 1.47,
            "price_fair": 171.41,
            "eps_avg_yearly": 4.9,
            "eps_latest_yearly": 5.6,
            "eps_growth_yearly": 126.86
        },
        "20231": {
            "year_quarter": 20231,
            "year": 2023,
            "quarter": 1,
            "eps": 0.49,
            "eps_growth_year": -51,
            "eps_4q": 4.8,
            "eps_4q_growth_year": 74.67,
            "roe": 1.45,
            "roe_4q": 15.5,
            "gross_profit": 213004,
            "gross_margin": 13.38,
            "gross_margin_4q_avg": 18.92,
            "net_income": 77759,
            "net_income_4q": null,
            "revenue": 1591940,
            "revenue_4q": null,
            "common_shares": 1535045,
            "book_valuer_per_share": 34.97,
            "book_valuer_per_share_4q_avg": 32.87,
            "equity": 5550477,
            "current_ratio": 377.27,
            "debt_ratio": 27.6,
            "inventory_turnover_ratio": 0.71,
            "account_receivable_turnover_ratio": 0.89,
            "reinvestment_rate": -10.64,
            "research_to_sale_ratio": 0.98,
            "price_fair": 165.9,
            "eps_avg_yearly": 4.74,
            "eps_latest_yearly": 1.96,
            "eps_growth_yearly": 93.82
        },
        "20232": {
            "year_quarter": 20232,
            "year": 2023,
            "quarter": 2,
            "eps": 0.76,
            "eps_growth_year": -35.59,
            "eps_4q": 4.42,
            "eps_4q_growth_year": 52.41,
            "roe": 2.27,
            "roe_4q": 13.879999999999999,
            "gross_profit": 337423,
            "gross_margin": 18.88,
            "gross_margin_4q_avg": 19.18,
            "net_income": 123082,
            "net_income_4q": null,
            "revenue": 1786810,
            "revenue_4q": null,
            "common_shares": 1537736,
            "book_valuer_per_share": 33.19,
            "book_valuer_per_share_4q_avg": 33.61,
            "equity": 5285672,
            "current_ratio": 321.61,
            "debt_ratio": 30.17,
            "inventory_turnover_ratio": 0.86,
            "account_receivable_turnover_ratio": 1.02,
            "reinvestment_rate": -8.64,
            "research_to_sale_ratio": 1.15,
            "price_fair": 157.5,
            "eps_avg_yearly": 4.5,
            "eps_latest_yearly": 3.04,
            "eps_growth_yearly": 94.2
        },
        "20233": {
            "year_quarter": 20233,
            "year": 2023,
            "quarter": 3,
            "eps": 2.64,
            "eps_growth_year": 38.22,
            "eps_4q": 5.22,
            "eps_4q_growth_year": 15.4,
            "roe": 7.36,
            "roe_4q": 15.280000000000001,
            "gross_profit": 587243,
            "gross_margin": 29.28,
            "gross_margin_4q_avg": 21.43,
            "net_income": 407473,
            "net_income_4q": null,
            "revenue": 2005659,
            "revenue_4q": null,
            "common_shares": 1537736,
            "book_valuer_per_share": 36.4,
            "book_valuer_per_share_4q_avg": 34.58,
            "equity": 5787068,
            "current_ratio": 354.51,
            "debt_ratio": 26.37,
            "inventory_turnover_ratio": 0.93,
            "account_receivable_turnover_ratio": 1.02,
            "reinvestment_rate": 6.16,
            "research_to_sale_ratio": 1,
            "price_fair": 163.8,
            "eps_avg_yearly": 4.68,
            "eps_latest_yearly": 10.56,
            "eps_growth_yearly": 153.14
        }
    },
    "months": {
        "2003-10": {
            "month": "2003-10",
            "price": "26.65",
            "revenue": 306972
        },
        "2003-11": {
            "month": "2003-11",
            "price": "24.58",
            "revenue": 292769
        },
        "2003-12": {
            "month": "2003-12",
            "price": "24.80",
            "revenue": 256039
        },
        "2004-02": {
            "month": "2004-02",
            "price": "24.53",
            "revenue": 263269
        },
        "2004-03": {
            "month": "2004-03",
            "price": "24.62",
            "revenue": 306636
        },
        "2004-04": {
            "month": "2004-04",
            "price": "24.06",
            "revenue": 328079
        },
        "2004-05": {
            "month": "2004-05",
            "price": "24.44",
            "revenue": 293407
        },
        "2004-06": {
            "month": "2004-06",
            "price": "24.41",
            "revenue": 281003
        },
        "2004-07": {
            "month": "2004-07",
            "price": "24.39",
            "revenue": 323451
        },
        "2004-08": {
            "month": "2004-08",
            "price": "23.32",
            "revenue": 355039
        },
        "2004-09": {
            "month": "2004-09",
            "price": "23.26",
            "revenue": 381325
        },
        "2004-10": {
            "month": "2004-10",
            "price": "24.23",
            "revenue": 408532
        },
        "2004-11": {
            "month": "2004-11",
            "price": "23.74",
            "revenue": 350944
        },
        "2004-12": {
            "month": "2004-12",
            "price": "22.15",
            "revenue": 295987
        },
        "2005-01": {
            "month": "2005-01",
            "price": "21.72",
            "revenue": 312480
        },
        "2005-02": {
            "month": "2005-02",
            "price": "22.11",
            "revenue": 241313
        },
        "2005-03": {
            "month": "2005-03",
            "price": "22.90",
            "revenue": 350134
        },
        "2005-04": {
            "month": "2005-04",
            "price": "23.67",
            "revenue": 337556
        },
        "2005-05": {
            "month": "2005-05",
            "price": "24.02",
            "revenue": 320565
        },
        "2005-06": {
            "month": "2005-06",
            "price": "22.15",
            "revenue": 325099
        },
        "2005-07": {
            "month": "2005-07",
            "price": "23.14",
            "revenue": 388683
        },
        "2005-08": {
            "month": "2005-08",
            "price": "22.31",
            "revenue": 467172
        },
        "2005-09": {
            "month": "2005-09",
            "price": "23.12",
            "revenue": 498467
        },
        "2005-10": {
            "month": "2005-10",
            "price": "21.91",
            "revenue": 529984
        },
        "2005-11": {
            "month": "2005-11",
            "price": "22.38",
            "revenue": 494573
        },
        "2005-12": {
            "month": "2005-12",
            "price": "29.59",
            "revenue": 470790
        },
        "2006-01": {
            "month": "2006-01",
            "price": "29.68",
            "revenue": 410361
        },
        "2006-02": {
            "month": "2006-02",
            "price": "27.69",
            "revenue": 370220
        },
        "2006-03": {
            "month": "2006-03",
            "price": "27.22",
            "revenue": 468818
        },
        "2006-04": {
            "month": "2006-04",
            "price": "27.84",
            "revenue": 427716
        },
        "2006-05": {
            "month": "2006-05",
            "price": "24.14",
            "revenue": 462513
        },
        "2006-06": {
            "month": "2006-06",
            "price": "20.93",
            "revenue": 502958
        },
        "2006-07": {
            "month": "2006-07",
            "price": "20.31",
            "revenue": 468803
        },
        "2006-08": {
            "month": "2006-08",
            "price": "19.20",
            "revenue": 580086
        },
        "2006-09": {
            "month": "2006-09",
            "price": "19.50",
            "revenue": 595518
        },
        "2006-10": {
            "month": "2006-10",
            "price": "24.08",
            "revenue": 628055
        },
        "2006-11": {
            "month": "2006-11",
            "price": "25.99",
            "revenue": 546328
        },
        "2006-12": {
            "month": "2006-12",
            "price": "29.71",
            "revenue": 489938
        },
        "2007-01": {
            "month": "2007-01",
            "price": "29.67",
            "revenue": 512967
        },
        "2007-02": {
            "month": "2007-02",
            "price": "26.72",
            "revenue": 411665
        },
        "2007-03": {
            "month": "2007-03",
            "price": "28.14",
            "revenue": 616684
        },
        "2007-04": {
            "month": "2007-04",
            "price": "27.44",
            "revenue": 497664
        },
        "2007-05": {
            "month": "2007-05",
            "price": "21.28",
            "revenue": 517892
        },
        "2007-06": {
            "month": "2007-06",
            "price": "22.68",
            "revenue": 547438
        },
        "2007-07": {
            "month": "2007-07",
            "price": "22.77",
            "revenue": 530733
        },
        "2007-08": {
            "month": "2007-08",
            "price": "17.27",
            "revenue": 554443
        },
        "2007-09": {
            "month": "2007-09",
            "price": "16.16",
            "revenue": 573780
        },
        "2007-10": {
            "month": "2007-10",
            "price": "16.13",
            "revenue": 576596
        },
        "2007-11": {
            "month": "2007-11",
            "price": "13.37",
            "revenue": 563640
        },
        "2007-12": {
            "month": "2007-12",
            "price": "12.28",
            "revenue": 516053
        },
        "2008-01": {
            "month": "2008-01",
            "price": "11.02",
            "revenue": 459021
        },
        "2008-02": {
            "month": "2008-02",
            "price": "10.75",
            "revenue": 330862
        },
        "2008-03": {
            "month": "2008-03",
            "price": "11.15",
            "revenue": 457565
        },
        "2008-04": {
            "month": "2008-04",
            "price": "12.20",
            "revenue": 473382
        },
        "2008-05": {
            "month": "2008-05",
            "price": "15.52",
            "revenue": 449635
        },
        "2008-06": {
            "month": "2008-06",
            "price": "13.93",
            "revenue": 454991
        },
        "2008-07": {
            "month": "2008-07",
            "price": "13.08",
            "revenue": 429982
        },
        "2008-08": {
            "month": "2008-08",
            "price": "14.60",
            "revenue": 497410
        },
        "2008-09": {
            "month": "2008-09",
            "price": "14.51",
            "revenue": 528265
        },
        "2008-10": {
            "month": "2008-10",
            "price": "12.58",
            "revenue": 431544
        },
        "2008-11": {
            "month": "2008-11",
            "price": "10.94",
            "revenue": 352443
        },
        "2008-12": {
            "month": "2008-12",
            "price": "9.62",
            "revenue": 328123
        },
        "2009-01": {
            "month": "2009-01",
            "price": "9.65",
            "revenue": 254736
        },
        "2009-02": {
            "month": "2009-02",
            "price": "10.06",
            "revenue": 281651
        },
        "2009-03": {
            "month": "2009-03",
            "price": "12.90",
            "revenue": 326480
        },
        "2009-04": {
            "month": "2009-04",
            "price": "17.73",
            "revenue": 352689
        },
        "2009-05": {
            "month": "2009-05",
            "price": "23.54",
            "revenue": 351142
        },
        "2009-06": {
            "month": "2009-06",
            "price": "25.83",
            "revenue": 341742
        },
        "2009-07": {
            "month": "2009-07",
            "price": "29.92",
            "revenue": 381597
        },
        "2009-08": {
            "month": "2009-08",
            "price": "41.36",
            "revenue": 409209
        },
        "2009-09": {
            "month": "2009-09",
            "price": "49.61",
            "revenue": 446420
        },
        "2009-10": {
            "month": "2009-10",
            "price": "50.72",
            "revenue": 448755
        },
        "2009-11": {
            "month": "2009-11",
            "price": "48.86",
            "revenue": 485555
        },
        "2009-12": {
            "month": "2009-12",
            "price": "52.52",
            "revenue": 451709
        },
        "2010-01": {
            "month": "2010-01",
            "price": "51.22",
            "revenue": 404932
        },
        "2010-02": {
            "month": "2010-02",
            "price": "48.01",
            "revenue": 351913
        },
        "2010-03": {
            "month": "2010-03",
            "price": "48.73",
            "revenue": 489634
        },
        "2010-04": {
            "month": "2010-04",
            "price": "51.21",
            "revenue": 583015
        },
        "2010-05": {
            "month": "2010-05",
            "price": "54.72",
            "revenue": 544594
        },
        "2010-06": {
            "month": "2010-06",
            "price": "50.21",
            "revenue": 535046
        },
        "2010-07": {
            "month": "2010-07",
            "price": "47.85",
            "revenue": 555838
        },
        "2010-08": {
            "month": "2010-08",
            "price": "44.34",
            "revenue": 523666
        },
        "2010-09": {
            "month": "2010-09",
            "price": "42.76",
            "revenue": 578489
        },
        "2010-10": {
            "month": "2010-10",
            "price": "44.71",
            "revenue": 525945
        },
        "2010-11": {
            "month": "2010-11",
            "price": "42.14",
            "revenue": 528033
        },
        "2010-12": {
            "month": "2010-12",
            "price": "47.08",
            "revenue": 572223
        },
        "2011-01": {
            "month": "2011-01",
            "price": "45.08",
            "revenue": 523081
        },
        "2011-02": {
            "month": "2011-02",
            "price": "40.94",
            "revenue": 439976
        },
        "2011-03": {
            "month": "2011-03",
            "price": "39.24",
            "revenue": 562266
        },
        "2011-04": {
            "month": "2011-04",
            "price": "37.54",
            "revenue": 527668
        },
        "2011-05": {
            "month": "2011-05",
            "price": "38.55",
            "revenue": 507145
        },
        "2011-06": {
            "month": "2011-06",
            "price": "35.95",
            "revenue": 509802
        },
        "2011-07": {
            "month": "2011-07",
            "price": "33.51",
            "revenue": 552721
        },
        "2011-08": {
            "month": "2011-08",
            "price": "34.68",
            "revenue": 579549
        },
        "2011-09": {
            "month": "2011-09",
            "price": "35.93",
            "revenue": 622613
        },
        "2011-10": {
            "month": "2011-10",
            "price": "27.11",
            "revenue": 636132
        },
        "2011-11": {
            "month": "2011-11",
            "price": "27.52",
            "revenue": 614671
        },
        "2011-12": {
            "month": "2011-12",
            "price": "28.69",
            "revenue": 557012
        },
        "2012-01": {
            "month": "2012-01",
            "price": "30.34",
            "revenue": 514586
        },
        "2012-02": {
            "month": "2012-02",
            "price": "38.68",
            "revenue": 507857
        },
        "2012-03": {
            "month": "2012-03",
            "price": "41.78",
            "revenue": 557298
        },
        "2012-04": {
            "month": "2012-04",
            "price": "37.98",
            "revenue": 511268
        },
        "2012-05": {
            "month": "2012-05",
            "price": "34.05",
            "revenue": 530583
        },
        "2012-06": {
            "month": "2012-06",
            "price": "30.30",
            "revenue": 534983
        },
        "2012-07": {
            "month": "2012-07",
            "price": "29.49",
            "revenue": 562810
        },
        "2012-08": {
            "month": "2012-08",
            "price": "31.16",
            "revenue": 585169
        },
        "2012-09": {
            "month": "2012-09",
            "price": "33.46",
            "revenue": 616973
        },
        "2012-10": {
            "month": "2012-10",
            "price": "32.75",
            "revenue": 614460
        },
        "2012-11": {
            "month": "2012-11",
            "price": "28.71",
            "revenue": 555079
        },
        "2012-12": {
            "month": "2012-12",
            "price": "28.66",
            "revenue": 515108
        },
        "2013-01": {
            "month": "2013-01",
            "price": "27.46",
            "revenue": 537617
        },
        "2013-02": {
            "month": "2013-02",
            "price": "26.17",
            "revenue": 401769
        },
        "2013-03": {
            "month": "2013-03",
            "price": "24.85",
            "revenue": 510804
        },
        "2013-04": {
            "month": "2013-04",
            "price": "24.90",
            "revenue": 556145
        },
        "2013-05": {
            "month": "2013-05",
            "price": "25.12",
            "revenue": 548838
        },
        "2013-06": {
            "month": "2013-06",
            "price": "24.73",
            "revenue": 540350
        },
        "2013-07": {
            "month": "2013-07",
            "price": "24.74",
            "revenue": 542354
        },
        "2013-08": {
            "month": "2013-08",
            "price": "23.55",
            "revenue": 567175
        },
        "2013-09": {
            "month": "2013-09",
            "price": "26.16",
            "revenue": 615758
        },
        "2013-10": {
            "month": "2013-10",
            "price": "26.29",
            "revenue": 666752
        },
        "2013-11": {
            "month": "2013-11",
            "price": "24.48",
            "revenue": 618989
        },
        "2013-12": {
            "month": "2013-12",
            "price": "25.17",
            "revenue": 635596
        },
        "2014-01": {
            "month": "2014-01",
            "price": "28.05",
            "revenue": 619373
        },
        "2014-02": {
            "month": "2014-02",
            "price": "34.29",
            "revenue": 484642
        },
        "2014-03": {
            "month": "2014-03",
            "price": "41.47",
            "revenue": 623922
        },
        "2014-04": {
            "month": "2014-04",
            "price": "41.83",
            "revenue": 645373
        },
        "2014-05": {
            "month": "2014-05",
            "price": "38.47",
            "revenue": 607501
        },
        "2014-06": {
            "month": "2014-06",
            "price": "37.22",
            "revenue": 606072
        },
        "2014-07": {
            "month": "2014-07",
            "price": "36.14",
            "revenue": 604740
        },
        "2014-08": {
            "month": "2014-08",
            "price": "32.71",
            "revenue": 595238
        },
        "2014-09": {
            "month": "2014-09",
            "price": "30.83",
            "revenue": 645462
        },
        "2014-10": {
            "month": "2014-10",
            "price": "28.08",
            "revenue": 640033
        },
        "2014-11": {
            "month": "2014-11",
            "price": "27.70",
            "revenue": 608954
        },
        "2014-12": {
            "month": "2014-12",
            "price": "30.89",
            "revenue": 653399
        },
        "2015-01": {
            "month": "2015-01",
            "price": "33.65",
            "revenue": 652328
        },
        "2015-02": {
            "month": "2015-02",
            "price": "34.02",
            "revenue": 463046
        },
        "2015-03": {
            "month": "2015-03",
            "price": "34.81",
            "revenue": 593346
        },
        "2015-04": {
            "month": "2015-04",
            "price": "31.11",
            "revenue": 560088
        },
        "2015-05": {
            "month": "2015-05",
            "price": "27.15",
            "revenue": 557681
        },
        "2015-06": {
            "month": "2015-06",
            "price": "24.66",
            "revenue": 502385
        },
        "2015-07": {
            "month": "2015-07",
            "price": "22.80",
            "revenue": 510408
        },
        "2015-08": {
            "month": "2015-08",
            "price": "19.84",
            "revenue": 623663
        },
        "2015-09": {
            "month": "2015-09",
            "price": "22.62",
            "revenue": 723145
        },
        "2015-10": {
            "month": "2015-10",
            "price": "25.35",
            "revenue": 754962
        },
        "2015-11": {
            "month": "2015-11",
            "price": "24.95",
            "revenue": 809015
        },
        "2015-12": {
            "month": "2015-12",
            "price": "30.47",
            "revenue": 620543
        },
        "2016-01": {
            "month": "2016-01",
            "price": "27.04",
            "revenue": 678464
        },
        "2016-02": {
            "month": "2016-02",
            "price": "30.53",
            "revenue": 489850
        },
        "2016-03": {
            "month": "2016-03",
            "price": "33.26",
            "revenue": 662216
        },
        "2016-04": {
            "month": "2016-04",
            "price": "34.28",
            "revenue": 599060
        },
        "2016-05": {
            "month": "2016-05",
            "price": "32.66",
            "revenue": 574440
        },
        "2016-06": {
            "month": "2016-06",
            "price": "33.14",
            "revenue": 515237
        },
        "2016-07": {
            "month": "2016-07",
            "price": "33.84",
            "revenue": 514743
        },
        "2016-08": {
            "month": "2016-08",
            "price": "32.29",
            "revenue": 529550
        },
        "2016-09": {
            "month": "2016-09",
            "price": "29.78",
            "revenue": 545386
        },
        "2016-10": {
            "month": "2016-10",
            "price": "28.85",
            "revenue": 559195
        },
        "2016-11": {
            "month": "2016-11",
            "price": "27.25",
            "revenue": 571046
        },
        "2016-12": {
            "month": "2016-12",
            "price": "28.36",
            "revenue": 516271
        },
        "2017-01": {
            "month": "2017-01",
            "price": "27.69",
            "revenue": 449193
        },
        "2017-02": {
            "month": "2017-02",
            "price": "28.79",
            "revenue": 458084
        },
        "2017-03": {
            "month": "2017-03",
            "price": "30.85",
            "revenue": 506284
        },
        "2017-04": {
            "month": "2017-04",
            "price": "31.61",
            "revenue": 519174
        },
        "2017-05": {
            "month": "2017-05",
            "price": "35.89",
            "revenue": 526301
        },
        "2017-06": {
            "month": "2017-06",
            "price": "39.31",
            "revenue": 534218
        },
        "2017-07": {
            "month": "2017-07",
            "price": "39.43",
            "revenue": 538974
        },
        "2017-08": {
            "month": "2017-08",
            "price": "39.84",
            "revenue": 544724
        },
        "2017-09": {
            "month": "2017-09",
            "price": "50.87",
            "revenue": 569939
        },
        "2017-10": {
            "month": "2017-10",
            "price": "67.98",
            "revenue": 579862
        },
        "2017-11": {
            "month": "2017-11",
            "price": "66.93",
            "revenue": 539740
        },
        "2017-12": {
            "month": "2017-12",
            "price": "62.17",
            "revenue": 541472
        },
        "2018-01": {
            "month": "2018-01",
            "price": "74.97",
            "revenue": 743998
        },
        "2018-02": {
            "month": "2018-02",
            "price": "72.79",
            "revenue": 589053
        },
        "2018-03": {
            "month": "2018-03",
            "price": "57.34",
            "revenue": 608672
        },
        "2018-04": {
            "month": "2018-04",
            "price": "42.69",
            "revenue": 587542
        },
        "2018-05": {
            "month": "2018-05",
            "price": "38.10",
            "revenue": 571734
        },
        "2018-06": {
            "month": "2018-06",
            "price": "38.29",
            "revenue": 560353
        },
        "2018-07": {
            "month": "2018-07",
            "price": "38.85",
            "revenue": 572013
        },
        "2018-08": {
            "month": "2018-08",
            "price": "40.22",
            "revenue": 585035
        },
        "2018-09": {
            "month": "2018-09",
            "price": "33.03",
            "revenue": 583872
        },
        "2018-10": {
            "month": "2018-10",
            "price": "27.12",
            "revenue": 607644
        },
        "2018-11": {
            "month": "2018-11",
            "price": "26.23",
            "revenue": 622414
        },
        "2018-12": {
            "month": "2018-12",
            "price": "30.36",
            "revenue": 626534
        },
        "2019-01": {
            "month": "2019-01",
            "price": "41.35",
            "revenue": 630859
        },
        "2019-02": {
            "month": "2019-02",
            "price": "46.12",
            "revenue": 464394
        },
        "2019-03": {
            "month": "2019-03",
            "price": "47.46",
            "revenue": 631917
        },
        "2019-04": {
            "month": "2019-04",
            "price": "52.75",
            "revenue": 601088
        },
        "2019-05": {
            "month": "2019-05",
            "price": "48.32",
            "revenue": 602773
        },
        "2019-06": {
            "month": "2019-06",
            "price": "49.17",
            "revenue": 577403
        },
        "2019-07": {
            "month": "2019-07",
            "price": "53.47",
            "revenue": 584583
        },
        "2019-08": {
            "month": "2019-08",
            "price": "59.86",
            "revenue": 586503
        },
        "2019-09": {
            "month": "2019-09",
            "price": "63.19",
            "revenue": 593837
        },
        "2019-10": {
            "month": "2019-10",
            "price": "67.62",
            "revenue": 584963
        },
        "2019-11": {
            "month": "2019-11",
            "price": "70.93",
            "revenue": 580492
        },
        "2019-12": {
            "month": "2019-12",
            "price": "69.62",
            "revenue": 584898
        },
        "2020-01": {
            "month": "2020-01",
            "price": "65.09",
            "revenue": 444813
        },
        "2020-02": {
            "month": "2020-02",
            "price": "60.55",
            "revenue": 276132
        },
        "2020-03": {
            "month": "2020-03",
            "price": "50.53",
            "revenue": 521801
        },
        "2020-04": {
            "month": "2020-04",
            "price": "56.26",
            "revenue": 610473
        },
        "2020-05": {
            "month": "2020-05",
            "price": "62.36",
            "revenue": 550079
        },
        "2020-06": {
            "month": "2020-06",
            "price": "59.64",
            "revenue": 560102
        },
        "2020-07": {
            "month": "2020-07",
            "price": "58.18",
            "revenue": 569653
        },
        "2020-08": {
            "month": "2020-08",
            "price": "54.93",
            "revenue": 659506
        },
        "2020-09": {
            "month": "2020-09",
            "price": "55.33",
            "revenue": 614716
        },
        "2020-10": {
            "month": "2020-10",
            "price": "52.76",
            "revenue": 603937
        },
        "2020-11": {
            "month": "2020-11",
            "price": "53.74",
            "revenue": 592808
        },
        "2020-12": {
            "month": "2020-12",
            "price": "52.88",
            "revenue": 601042
        },
        "2021-01": {
            "month": "2021-01",
            "price": "52.32",
            "revenue": 601798
        },
        "2021-02": {
            "month": "2021-02",
            "price": "53.99",
            "revenue": 417069
        },
        "2021-03": {
            "month": "2021-03",
            "price": "61.37",
            "revenue": 773127
        },
        "2021-04": {
            "month": "2021-04",
            "price": "73.18",
            "revenue": 722821
        },
        "2021-05": {
            "month": "2021-05",
            "price": "60.50",
            "revenue": 619457
        },
        "2021-06": {
            "month": "2021-06",
            "price": "62.24",
            "revenue": 661737
        },
        "2021-07": {
            "month": "2021-07",
            "price": "69.72",
            "revenue": 673535
        },
        "2021-08": {
            "month": "2021-08",
            "price": "56.99",
            "revenue": 689098
        },
        "2021-09": {
            "month": "2021-09",
            "price": "54.65",
            "revenue": 702803
        },
        "2021-10": {
            "month": "2021-10",
            "price": "53.94",
            "revenue": 659671
        },
        "2021-11": {
            "month": "2021-11",
            "price": "54.02",
            "revenue": 732031
        },
        "2021-12": {
            "month": "2021-12",
            "price": "52.00",
            "revenue": 783753
        },
        "2022-01": {
            "month": "2022-01",
            "price": "51.71",
            "revenue": 660040
        },
        "2022-02": {
            "month": "2022-02",
            "price": "51.68",
            "revenue": 499202
        },
        "2022-03": {
            "month": "2022-03",
            "price": "51.63",
            "revenue": 679150
        },
        "2022-04": {
            "month": "2022-04",
            "price": "51.19",
            "revenue": 683327
        },
        "2022-05": {
            "month": "2022-05",
            "price": "53.83",
            "revenue": 629996
        },
        "2022-06": {
            "month": "2022-06",
            "price": "53.86",
            "revenue": 730214
        },
        "2022-07": {
            "month": "2022-07",
            "price": "52.71",
            "revenue": 656163
        },
        "2022-08": {
            "month": "2022-08",
            "price": "56.79",
            "revenue": 672104
        },
        "2022-09": {
            "month": "2022-09",
            "price": "56.12",
            "revenue": 723827
        },
        "2022-10": {
            "month": "2022-10",
            "price": "52.65",
            "revenue": 635351
        },
        "2022-11": {
            "month": "2022-11",
            "price": "55.89",
            "revenue": 602559
        },
        "2022-12": {
            "month": "2022-12",
            "price": "55.26",
            "revenue": 614018
        },
        "2023-01": {
            "month": "2023-01",
            "price": "54.17",
            "revenue": 520934
        },
        "2023-02": {
            "month": "2023-02",
            "price": "65.51",
            "revenue": 460847
        },
        "2023-03": {
            "month": "2023-03",
            "price": "69.98",
            "revenue": 609879
        },
        "2023-04": {
            "month": "2023-04",
            "price": "66.36",
            "revenue": 549675
        },
        "2023-05": {
            "month": "2023-05",
            "price": "58.53",
            "revenue": 593186
        },
        "2023-06": {
            "month": "2023-06",
            "price": "59.24",
            "revenue": 643762
        },
        "2023-07": {
            "month": "2023-07",
            "price": "62.60",
            "revenue": 641535
        },
        "2023-08": {
            "month": "2023-08",
            "price": "56.43",
            "revenue": 683888
        },
        "2023-09": {
            "month": "2023-09",
            "price": "58.93",
            "revenue": 680061
        },
        "2023-10": {
            "month": "2023-10",
            "price": "64.58",
            "revenue": 610147
        },
        "2023-11": {
            "month": "2023-11",
            "price": "64.03",
            "revenue": 705747
        },
        "2023-12": {
            "month": "2023-12",
            "price": "63.83",
            "revenue": 659332
        }
    }
}
