{
    "summary": {
        "stock_name": "沛亨",
        "stock_id": "6291",
        "category": "半導體",
        "main_business": "本公司所營事業如下: 研究, 開發, 生產, 製造, 銷售下列產品:<br>工業用電子產品, 通訊器材, 消費性電子產品及電腦用<br>類比積體電路(Analog ICs)及混成式(Hybrid)類比積體電路",
        "website_url": "http://www.analog.com.tw",
        "ceo": "黃睿豪",
        "pe_ratio": 54,
        "report_year_from": 2001,
        "report_year_to": 2023,
        "age": 22,
        "eps_negative_percentage": 55,
        "eps_growth_avg": {
            "last_all": 15.79,
            "last_2y": 76.67,
            "last_4y": 76.67,
            "last_8y": 76.67,
            "last_12y": 76.67,
            "last_16y": 12.64,
            "last_20y": null,
            "at_2006_last_3y": -6.75,
            "at_2007_last_3y": 5.9,
            "at_2008_last_3y": 2.47,
            "at_2009_last_3y": -30.04,
            "at_2010_last_3y": 0,
            "at_2011_last_3y": -100,
            "at_2012_last_3y": null,
            "at_2013_last_3y": null,
            "at_2014_last_3y": null,
            "at_2015_last_3y": null,
            "at_2016_last_3y": null,
            "at_2017_last_3y": null,
            "at_2018_last_3y": null,
            "at_2019_last_3y": null,
            "at_2020_last_3y": null,
            "at_2021_last_3y": 53.33,
            "at_2022_last_3y": 76.67,
            "at_2023_last_3y": 76.67,
            "at_2006_last_all": -6.75,
            "at_2007_last_all": 14.6,
            "at_2008_last_all": -4.5,
            "at_2009_last_all": -4.5,
            "at_2010_last_all": -4.5,
            "at_2011_last_all": -4.5,
            "at_2012_last_all": -4.5,
            "at_2013_last_all": -4.5,
            "at_2014_last_all": -4.5,
            "at_2015_last_all": -4.5,
            "at_2016_last_all": -4.5,
            "at_2017_last_all": -4.5,
            "at_2018_last_all": -4.5,
            "at_2019_last_all": -4.5,
            "at_2020_last_all": -4.5,
            "at_2021_last_all": 3.76,
            "at_2022_last_all": 15.79,
            "at_2023_last_all": 15.79
        },
        "latest_eps": 5.07,
        "latest_price": 273,
        "latest_roe": 21.91,
        "latest_gross_margin": 38.64,
        "latest_equity": 1145917,
        "latest_revenue": 407307,
        "latest_gross_profit": 157383,
        "latest_net_income": 84555,
        "latest_debt_ratio": 33.05,
        "latest_current_ratio": 260.84,
        "latest_account_receivable_turnover_ratio": 1.44,
        "latest_inventory_turnover_ratio": 0.97,
        "latest_reinvestment_rate": 24.69,
        "latest_research_to_sale_ratio": 3.49
    },
    "eps_dividends": {
        "2001": {
            "cash": 0,
            "stock": 0,
            "eps": 0
        },
        "2002": {
            "cash": 0,
            "stock": 0,
            "eps": 0.83
        },
        "2003": {
            "cash": 0,
            "stock": 1.05,
            "eps": 1.24
        },
        "2004": {
            "cash": 0,
            "stock": 1.02,
            "eps": 0.17
        },
        "2005": {
            "cash": 0,
            "stock": 0,
            "eps": 2.73
        },
        "2006": {
            "cash": 0.41,
            "stock": 1.73,
            "eps": 0.27
        },
        "2007": {
            "cash": 0,
            "stock": 0,
            "eps": 0.58
        },
        "2008": {
            "cash": 0,
            "stock": 0.9,
            "eps": -0.41
        },
        "2009": {
            "cash": 0,
            "stock": 0,
            "eps": -1.46
        },
        "2010": {
            "cash": 0,
            "stock": 0,
            "eps": -1.08
        },
        "2011": {
            "cash": 0,
            "stock": 0,
            "eps": -2.46
        },
        "2012": {
            "cash": 0,
            "stock": 0,
            "eps": -1.61
        },
        "2013": {
            "cash": 0,
            "stock": 0,
            "eps": -2.04
        },
        "2014": {
            "cash": 0,
            "stock": 0,
            "eps": -1.43
        },
        "2015": {
            "cash": 0,
            "stock": 0,
            "eps": -1.48
        },
        "2016": {
            "cash": 0,
            "stock": 0,
            "eps": -0.61
        },
        "2017": {
            "cash": 0,
            "stock": 0,
            "eps": -1.62
        },
        "2018": {
            "cash": 0,
            "stock": 0,
            "eps": -2.36
        },
        "2019": {
            "cash": 0,
            "stock": 0,
            "eps": -1.69
        },
        "2020": {
            "cash": 0,
            "stock": 0,
            "eps": 0.75
        },
        "2021": {
            "cash": 0,
            "stock": 0,
            "eps": 1.15
        },
        "2022": {
            "cash": 0,
            "stock": 0,
            "eps": 3.98
        },
        "2023": {
            "cash": 1.5,
            "stock": 0,
            "eps": 2.01
        }
    },
    "dividends": {
        "2003-05-20": {
            "cash": 0,
            "stock": 1.05
        },
        "2004-03-27": {
            "cash": 0,
            "stock": 1.02
        },
        "2006-04-18": {
            "cash": 0.41,
            "stock": 1.73
        },
        "2008-04-21": {
            "cash": 0,
            "stock": 0.9
        },
        "2023-04-18": {
            "cash": 1.5,
            "stock": 0
        }
    },
    "prices": {
        "200101": "無",
        "200102": "無",
        "200103": "無",
        "200104": "無",
        "200105": "無",
        "200106": "無",
        "200107": "無",
        "200108": "無",
        "200109": "無",
        "200110": "無",
        "200111": "無",
        "200112": "無",
        "200201": "無",
        "200202": "無",
        "200203": "無",
        "200204": "無",
        "200205": "無",
        "200206": "無",
        "200207": "無",
        "200208": "無",
        "200209": "無",
        "200210": "無",
        "200211": "無",
        "200212": "無",
        "200301": "無",
        "200302": "無",
        "200303": "無",
        "200304": "無",
        "200305": "無",
        "200306": "無",
        "200307": "無",
        "200308": "無",
        "200309": "無",
        "200310": "26.14",
        "200311": "29.47",
        "200312": "33.35",
        "200401": "31.97",
        "200402": "36.60",
        "200403": "35.59",
        "200404": "32.99",
        "200405": "22.72",
        "200406": "21.91",
        "200407": "18.87",
        "200408": "16.65",
        "200409": "15.82",
        "200410": "12.24",
        "200411": "10.76",
        "200412": "9.58",
        "200501": "8.91",
        "200502": "10.03",
        "200503": "12.13",
        "200504": "12.02",
        "200505": "15.50",
        "200506": "24.51",
        "200507": "25.76",
        "200508": "20.38",
        "200509": "20.18",
        "200510": "28.24",
        "200511": "35.89",
        "200512": "46.43",
        "200601": "46.77",
        "200602": "37.22",
        "200603": "40.38",
        "200604": "42.27",
        "200605": "37.83",
        "200606": "31.22",
        "200607": "27.54",
        "200608": "27.66",
        "200609": "29.45",
        "200610": "27.64",
        "200611": "24.71",
        "200612": "25.05",
        "200701": "28.62",
        "200702": "27.24",
        "200703": "28.77",
        "200704": "27.37",
        "200705": "24.61",
        "200706": "32.09",
        "200707": "36.06",
        "200708": "31.81",
        "200709": "33.04",
        "200710": "33.82",
        "200711": "28.11",
        "200712": "26.35",
        "200801": "22.32",
        "200802": "17.58",
        "200803": "18.94",
        "200804": "20.03",
        "200805": "21.55",
        "200806": "17.71",
        "200807": "13.04",
        "200808": "11.85",
        "200809": "8.44",
        "200810": "6.80",
        "200811": "5.80",
        "200812": "5.33",
        "200901": "5.79",
        "200902": "6.00",
        "200903": "7.58",
        "200904": "9.22",
        "200905": "10.26",
        "200906": "8.78",
        "200907": "9.30",
        "200908": "9.34",
        "200909": "9.90",
        "200910": "10.98",
        "200911": "10.79",
        "200912": "13.08",
        "201001": "18.05",
        "201002": "15.17",
        "201003": "16.97",
        "201004": "18.92",
        "201005": "16.79",
        "201006": "16.07",
        "201007": "16.68",
        "201008": "15.67",
        "201009": "14.38",
        "201010": "13.48",
        "201011": "10.47",
        "201012": "11.04",
        "201101": "11.12",
        "201102": "10.14",
        "201103": "9.17",
        "201104": "9.21",
        "201105": "8.87",
        "201106": "8.82",
        "201107": "7.66",
        "201108": "5.95",
        "201109": "5.39",
        "201110": "5.16",
        "201111": "5.77",
        "201112": "5.02",
        "201201": "4.84",
        "201202": "5.94",
        "201203": "5.88",
        "201204": "5.09",
        "201205": "3.39",
        "201206": "2.56",
        "201207": "2.71",
        "201208": "2.06",
        "201209": "2.17",
        "201210": "2.19",
        "201211": "2.13",
        "201212": "2.15",
        "201301": "2.20",
        "201302": "2.27",
        "201303": "2.12",
        "201304": "2.12",
        "201305": "2.35",
        "201306": "2.83",
        "201307": "2.57",
        "201308": "2.30",
        "201309": "4.88",
        "201310": "5.10",
        "201311": "4.29",
        "201312": "3.56",
        "201401": "4.10",
        "201402": "4.77",
        "201403": "4.61",
        "201404": "4.07",
        "201405": "4.26",
        "201406": "4.52",
        "201407": "4.28",
        "201408": "4.10",
        "201409": "4.03",
        "201410": "3.72",
        "201411": "3.58",
        "201412": "4.05",
        "201501": "3.89",
        "201502": "3.96",
        "201503": "4.04",
        "201504": "4.01",
        "201505": "3.85",
        "201506": "3.19",
        "201507": "3.42",
        "201508": "3.52",
        "201509": "3.15",
        "201510": "2.77",
        "201511": "2.72",
        "201512": "2.62",
        "201601": "2.33",
        "201602": "2.61",
        "201603": "2.29",
        "201604": "2.23",
        "201605": "1.82",
        "201606": "1.84",
        "201607": "1.93",
        "201608": "1.94",
        "201609": "2.31",
        "201610": "2.53",
        "201611": "2.66",
        "201612": "2.93",
        "201701": "3.24",
        "201702": "3.08",
        "201703": "3.40",
        "201704": "3.04",
        "201705": "2.65",
        "201706": "2.08",
        "201707": "2.44",
        "201708": "2.44",
        "201709": "4.17",
        "201710": "4.75",
        "201711": "4.60",
        "201712": "4.65",
        "201801": "3.83",
        "201802": "3.61",
        "201803": "3.84",
        "201804": "6.75",
        "201805": "6.43",
        "201806": "5.32",
        "201807": "6.01",
        "201808": "5.74",
        "201809": "6.21",
        "201810": "5.13",
        "201811": "4.92",
        "201812": "4.92",
        "201901": "5.26",
        "201902": "5.82",
        "201903": "13.85",
        "201904": "12.45",
        "201905": "12.66",
        "201906": "11.38",
        "201907": "12.86",
        "201908": "15.94",
        "201909": "15.97",
        "201910": "14.49",
        "201911": "13.06",
        "201912": "11.68",
        "202001": "12.40",
        "202002": "11.66",
        "202003": "13.22",
        "202004": "15.15",
        "202005": "16.50",
        "202006": "17.24",
        "202007": "18.57",
        "202008": "18.77",
        "202009": "17.03",
        "202010": "16.87",
        "202011": "18.48",
        "202012": "17.81",
        "202101": "16.19",
        "202102": "16.38",
        "202103": "22.86",
        "202104": "28.19",
        "202105": "26.60",
        "202106": "26.39",
        "202107": "31.50",
        "202108": "37.43",
        "202109": "38.14",
        "202110": "40.81",
        "202111": "43.64",
        "202112": "42.22",
        "202201": "40.94",
        "202202": "41.57",
        "202203": "43.43",
        "202204": "63.54",
        "202205": "69.26",
        "202206": "56.20",
        "202207": "50.36",
        "202208": "56.53",
        "202209": "76.09",
        "202210": "99.16",
        "202211": "96.40",
        "202212": "99.54",
        "202301": "98.18",
        "202302": "99.66",
        "202303": "128.80",
        "202304": "144.32",
        "202305": "181.34",
        "202306": "265.25"
    },
    "quarters": {
        "20011": {
            "year_quarter": 20011,
            "year": 2001,
            "quarter": 1,
            "eps": null,
            "eps_growth_year": null,
            "eps_4q": null,
            "eps_4q_growth_year": null,
            "roe": null,
            "roe_4q": 0,
            "gross_profit": null,
            "gross_margin": null,
            "gross_margin_4q_avg": 0,
            "net_income": null,
            "revenue": null,
            "common_shares": null,
            "book_valuer_per_share": null,
            "book_valuer_per_share_4q_avg": 0,
            "equity": null,
            "current_ratio": null,
            "debt_ratio": null,
            "inventory_turnover_ratio": null,
            "account_receivable_turnover_ratio": null,
            "reinvestment_rate": null,
            "research_to_sale_ratio": null,
            "price_fair": 0,
            "eps_avg_yearly": 0,
            "eps_latest_yearly": 0,
            "eps_growth_yearly": 0
        },
        "20012": {
            "year_quarter": 20012,
            "year": 2001,
            "quarter": 2,
            "eps": null,
            "eps_growth_year": null,
            "eps_4q": null,
            "eps_4q_growth_year": null,
            "roe": null,
            "roe_4q": 0,
            "gross_profit": null,
            "gross_margin": null,
            "gross_margin_4q_avg": 0,
            "net_income": null,
            "revenue": null,
            "common_shares": null,
            "book_valuer_per_share": null,
            "book_valuer_per_share_4q_avg": 0,
            "equity": null,
            "current_ratio": null,
            "debt_ratio": null,
            "inventory_turnover_ratio": null,
            "account_receivable_turnover_ratio": null,
            "reinvestment_rate": null,
            "research_to_sale_ratio": null,
            "price_fair": 0,
            "eps_avg_yearly": 0,
            "eps_latest_yearly": 0,
            "eps_growth_yearly": 0
        },
        "20013": {
            "year_quarter": 20013,
            "year": 2001,
            "quarter": 3,
            "eps": null,
            "eps_growth_year": null,
            "eps_4q": null,
            "eps_4q_growth_year": null,
            "roe": null,
            "roe_4q": 0,
            "gross_profit": null,
            "gross_margin": null,
            "gross_margin_4q_avg": 0,
            "net_income": null,
            "revenue": null,
            "common_shares": null,
            "book_valuer_per_share": null,
            "book_valuer_per_share_4q_avg": 0,
            "equity": null,
            "current_ratio": null,
            "debt_ratio": null,
            "inventory_turnover_ratio": null,
            "account_receivable_turnover_ratio": null,
            "reinvestment_rate": null,
            "research_to_sale_ratio": null,
            "price_fair": 0,
            "eps_avg_yearly": 0,
            "eps_latest_yearly": 0,
            "eps_growth_yearly": 0
        },
        "20014": {
            "year_quarter": 20014,
            "year": 2001,
            "quarter": 4,
            "eps": null,
            "eps_growth_year": null,
            "eps_4q": null,
            "eps_4q_growth_year": null,
            "roe": null,
            "roe_4q": 0,
            "gross_profit": null,
            "gross_margin": null,
            "gross_margin_4q_avg": 0,
            "net_income": null,
            "revenue": null,
            "common_shares": 285102,
            "book_valuer_per_share": 9.54,
            "book_valuer_per_share_4q_avg": 2.39,
            "equity": 271923,
            "current_ratio": 169.2,
            "debt_ratio": 51.52,
            "inventory_turnover_ratio": null,
            "account_receivable_turnover_ratio": null,
            "reinvestment_rate": null,
            "research_to_sale_ratio": null,
            "price_fair": 0,
            "eps_avg_yearly": 0,
            "eps_latest_yearly": 0,
            "eps_growth_yearly": 0
        },
        "20021": {
            "year_quarter": 20021,
            "year": 2002,
            "quarter": 1,
            "eps": null,
            "eps_growth_year": null,
            "eps_4q": null,
            "eps_4q_growth_year": null,
            "roe": null,
            "roe_4q": 0,
            "gross_profit": null,
            "gross_margin": null,
            "gross_margin_4q_avg": 0,
            "net_income": null,
            "revenue": null,
            "common_shares": null,
            "book_valuer_per_share": null,
            "book_valuer_per_share_4q_avg": 2.39,
            "equity": null,
            "current_ratio": null,
            "debt_ratio": null,
            "inventory_turnover_ratio": null,
            "account_receivable_turnover_ratio": null,
            "reinvestment_rate": null,
            "research_to_sale_ratio": null,
            "price_fair": 0,
            "eps_avg_yearly": 0,
            "eps_latest_yearly": 0,
            "eps_growth_yearly": 0
        },
        "20022": {
            "year_quarter": 20022,
            "year": 2002,
            "quarter": 2,
            "eps": null,
            "eps_growth_year": null,
            "eps_4q": null,
            "eps_4q_growth_year": null,
            "roe": null,
            "roe_4q": 0,
            "gross_profit": null,
            "gross_margin": null,
            "gross_margin_4q_avg": 0,
            "net_income": null,
            "revenue": null,
            "common_shares": null,
            "book_valuer_per_share": null,
            "book_valuer_per_share_4q_avg": 2.39,
            "equity": null,
            "current_ratio": null,
            "debt_ratio": null,
            "inventory_turnover_ratio": null,
            "account_receivable_turnover_ratio": null,
            "reinvestment_rate": null,
            "research_to_sale_ratio": null,
            "price_fair": 0,
            "eps_avg_yearly": 0,
            "eps_latest_yearly": 0,
            "eps_growth_yearly": 0
        },
        "20023": {
            "year_quarter": 20023,
            "year": 2002,
            "quarter": 3,
            "eps": 0.16,
            "eps_growth_year": null,
            "eps_4q": null,
            "eps_4q_growth_year": null,
            "roe": 1.48,
            "roe_4q": 1.48,
            "gross_profit": 34643,
            "gross_margin": 24.67,
            "gross_margin_4q_avg": 6.17,
            "net_income": 4556,
            "revenue": 140449,
            "common_shares": 285102,
            "book_valuer_per_share": 10.82,
            "book_valuer_per_share_4q_avg": 5.09,
            "equity": 308414,
            "current_ratio": 186.85,
            "debt_ratio": 43.66,
            "inventory_turnover_ratio": 0.47,
            "account_receivable_turnover_ratio": null,
            "reinvestment_rate": null,
            "research_to_sale_ratio": null,
            "price_fair": 0,
            "eps_avg_yearly": 0,
            "eps_latest_yearly": 0,
            "eps_growth_yearly": 0
        },
        "20024": {
            "year_quarter": 20024,
            "year": 2002,
            "quarter": 4,
            "eps": 0.67,
            "eps_growth_year": null,
            "eps_4q": null,
            "eps_4q_growth_year": null,
            "roe": 6.03,
            "roe_4q": 7.51,
            "gross_profit": 56749,
            "gross_margin": 29.94,
            "gross_margin_4q_avg": 13.65,
            "net_income": 19186,
            "revenue": 189545,
            "common_shares": 285102,
            "book_valuer_per_share": 11.49,
            "book_valuer_per_share_4q_avg": 5.58,
            "equity": 327600,
            "current_ratio": 209.67,
            "debt_ratio": 39.26,
            "inventory_turnover_ratio": 0.64,
            "account_receivable_turnover_ratio": null,
            "reinvestment_rate": null,
            "research_to_sale_ratio": null,
            "price_fair": 93.8,
            "eps_avg_yearly": 2.68,
            "eps_latest_yearly": 2.68,
            "eps_growth_yearly": 1275
        },
        "20031": {
            "year_quarter": 20031,
            "year": 2003,
            "quarter": 1,
            "eps": 0.25,
            "eps_growth_year": null,
            "eps_4q": null,
            "eps_4q_growth_year": null,
            "roe": 2.18,
            "roe_4q": 9.690000000000001,
            "gross_profit": 38070,
            "gross_margin": 22.66,
            "gross_margin_4q_avg": 19.32,
            "net_income": 7205,
            "revenue": 168031,
            "common_shares": 285102,
            "book_valuer_per_share": 11.74,
            "book_valuer_per_share_4q_avg": 8.51,
            "equity": 334805,
            "current_ratio": 280.46,
            "debt_ratio": 29.27,
            "inventory_turnover_ratio": 0.75,
            "account_receivable_turnover_ratio": null,
            "reinvestment_rate": null,
            "research_to_sale_ratio": null,
            "price_fair": 64.4,
            "eps_avg_yearly": 1.84,
            "eps_latest_yearly": 1,
            "eps_growth_yearly": 512.13
        },
        "20032": {
            "year_quarter": 20032,
            "year": 2003,
            "quarter": 2,
            "eps": 0.38,
            "eps_growth_year": null,
            "eps_4q": 1.33,
            "eps_4q_growth_year": null,
            "roe": 3.47,
            "roe_4q": 13.16,
            "gross_profit": 44400,
            "gross_margin": 21.96,
            "gross_margin_4q_avg": 24.81,
            "net_income": 12325,
            "revenue": 202188,
            "common_shares": 335600,
            "book_valuer_per_share": 11.2,
            "book_valuer_per_share_4q_avg": 11.31,
            "equity": 376032,
            "current_ratio": 214.04,
            "debt_ratio": 40.28,
            "inventory_turnover_ratio": 0.82,
            "account_receivable_turnover_ratio": null,
            "reinvestment_rate": null,
            "research_to_sale_ratio": null,
            "price_fair": 60.67,
            "eps_avg_yearly": 1.73,
            "eps_latest_yearly": 1.52,
            "eps_growth_yearly": 410.75
        },
        "20033": {
            "year_quarter": 20033,
            "year": 2003,
            "quarter": 3,
            "eps": 0.4,
            "eps_growth_year": 150,
            "eps_4q": 1.59,
            "eps_4q_growth_year": null,
            "roe": 3.39,
            "roe_4q": 15.07,
            "gross_profit": 45746,
            "gross_margin": 23.36,
            "gross_margin_4q_avg": 24.48,
            "net_income": 12982,
            "revenue": 195828,
            "common_shares": 335600,
            "book_valuer_per_share": 11.59,
            "book_valuer_per_share_4q_avg": 11.51,
            "equity": 389014,
            "current_ratio": 309.66,
            "debt_ratio": 26.72,
            "inventory_turnover_ratio": 0.72,
            "account_receivable_turnover_ratio": null,
            "reinvestment_rate": null,
            "research_to_sale_ratio": null,
            "price_fair": 59.5,
            "eps_avg_yearly": 1.7,
            "eps_latest_yearly": 1.6,
            "eps_growth_yearly": 313.33
        },
        "20034": {
            "year_quarter": 20034,
            "year": 2003,
            "quarter": 4,
            "eps": 0.21,
            "eps_growth_year": -68.66,
            "eps_4q": 1.22,
            "eps_4q_growth_year": null,
            "roe": 1.72,
            "roe_4q": 10.76,
            "gross_profit": 49760,
            "gross_margin": 24.19,
            "gross_margin_4q_avg": 23.04,
            "net_income": 6742,
            "revenue": 205742,
            "common_shares": 335600,
            "book_valuer_per_share": 11.79,
            "book_valuer_per_share_4q_avg": 11.58,
            "equity": 395756,
            "current_ratio": 255.89,
            "debt_ratio": 32.55,
            "inventory_turnover_ratio": 0.84,
            "account_receivable_turnover_ratio": null,
            "reinvestment_rate": null,
            "research_to_sale_ratio": null,
            "price_fair": 53.48,
            "eps_avg_yearly": 1.53,
            "eps_latest_yearly": 0.84,
            "eps_growth_yearly": 212.66
        },
        "20041": {
            "year_quarter": 20041,
            "year": 2004,
            "quarter": 1,
            "eps": 0.12,
            "eps_growth_year": -52,
            "eps_4q": 1.07,
            "eps_4q_growth_year": null,
            "roe": 1.02,
            "roe_4q": 9.600000000000001,
            "gross_profit": 40767,
            "gross_margin": 20.46,
            "gross_margin_4q_avg": 22.49,
            "net_income": 4040,
            "revenue": 199208,
            "common_shares": 335600,
            "book_valuer_per_share": 11.91,
            "book_valuer_per_share_4q_avg": 11.62,
            "equity": 399797,
            "current_ratio": 272.35,
            "debt_ratio": 30.76,
            "inventory_turnover_ratio": 0.86,
            "account_receivable_turnover_ratio": null,
            "reinvestment_rate": null,
            "research_to_sale_ratio": null,
            "price_fair": 47.37,
            "eps_avg_yearly": 1.35,
            "eps_latest_yearly": 0.48,
            "eps_growth_yearly": 148.65
        },
        "20042": {
            "year_quarter": 20042,
            "year": 2004,
            "quarter": 2,
            "eps": 0.51,
            "eps_growth_year": 34.21,
            "eps_4q": 1.21,
            "eps_4q_growth_year": -8.97,
            "roe": 4.22,
            "roe_4q": 10.35,
            "gross_profit": 57105,
            "gross_margin": 24.88,
            "gross_margin_4q_avg": 23.22,
            "net_income": 17204,
            "revenue": 229482,
            "common_shares": 335600,
            "book_valuer_per_share": 12.39,
            "book_valuer_per_share_4q_avg": 11.92,
            "equity": 415895,
            "current_ratio": 258.88,
            "debt_ratio": 33.16,
            "inventory_turnover_ratio": 0.93,
            "account_receivable_turnover_ratio": null,
            "reinvestment_rate": null,
            "research_to_sale_ratio": null,
            "price_fair": 50.8,
            "eps_avg_yearly": 1.45,
            "eps_latest_yearly": 2.04,
            "eps_growth_yearly": 313.13
        },
        "20043": {
            "year_quarter": 20043,
            "year": 2004,
            "quarter": 3,
            "eps": 0.03,
            "eps_growth_year": -92.5,
            "eps_4q": 0.96,
            "eps_4q_growth_year": -39.75,
            "roe": 0.22,
            "roe_4q": 7.179999999999999,
            "gross_profit": 44694,
            "gross_margin": 22.57,
            "gross_margin_4q_avg": 23.03,
            "net_income": 903,
            "revenue": 198051,
            "common_shares": 335600,
            "book_valuer_per_share": 12.13,
            "book_valuer_per_share_4q_avg": 12.06,
            "equity": 407100,
            "current_ratio": 265.53,
            "debt_ratio": 31.12,
            "inventory_turnover_ratio": 0.82,
            "account_receivable_turnover_ratio": null,
            "reinvestment_rate": null,
            "research_to_sale_ratio": null,
            "price_fair": 44.98,
            "eps_avg_yearly": 1.29,
            "eps_latest_yearly": 0.12,
            "eps_growth_yearly": 226.93
        },
        "20044": {
            "year_quarter": 20044,
            "year": 2004,
            "quarter": 4,
            "eps": -0.49,
            "eps_growth_year": -333.33,
            "eps_4q": 0.1,
            "eps_4q_growth_year": -91.82,
            "roe": -4.61,
            "roe_4q": 0.8499999999999992,
            "gross_profit": 26311,
            "gross_margin": 13.79,
            "gross_margin_4q_avg": 20.43,
            "net_income": -18356,
            "revenue": 190851,
            "common_shares": 374680,
            "book_valuer_per_share": 10.37,
            "book_valuer_per_share_4q_avg": 11.7,
            "equity": 388414,
            "current_ratio": 234.66,
            "debt_ratio": 38.86,
            "inventory_turnover_ratio": 0.83,
            "account_receivable_turnover_ratio": null,
            "reinvestment_rate": null,
            "research_to_sale_ratio": null,
            "price_fair": 44.98,
            "eps_avg_yearly": 1.29,
            "eps_latest_yearly": 0.12,
            "eps_growth_yearly": 226.93
        },
        "20051": {
            "year_quarter": 20051,
            "year": 2005,
            "quarter": 1,
            "eps": -0.15,
            "eps_growth_year": -225,
            "eps_4q": -0.16,
            "eps_4q_growth_year": -114.61,
            "roe": -1.47,
            "roe_4q": -1.6400000000000006,
            "gross_profit": 35843,
            "gross_margin": 17.74,
            "gross_margin_4q_avg": 19.75,
            "net_income": -5666,
            "revenue": 202031,
            "common_shares": 374680,
            "book_valuer_per_share": 10.22,
            "book_valuer_per_share_4q_avg": 11.28,
            "equity": 382749,
            "current_ratio": 253.71,
            "debt_ratio": 40.16,
            "inventory_turnover_ratio": 0.79,
            "account_receivable_turnover_ratio": null,
            "reinvestment_rate": null,
            "research_to_sale_ratio": null,
            "price_fair": 44.98,
            "eps_avg_yearly": 1.29,
            "eps_latest_yearly": 0.12,
            "eps_growth_yearly": 226.93
        },
        "20052": {
            "year_quarter": 20052,
            "year": 2005,
            "quarter": 2,
            "eps": 0.51,
            "eps_growth_year": 0,
            "eps_4q": -0.12,
            "eps_4q_growth_year": -110.21,
            "roe": 4.74,
            "roe_4q": -1.1199999999999999,
            "gross_profit": 61909,
            "gross_margin": 22.43,
            "gross_margin_4q_avg": 19.13,
            "net_income": 18599,
            "revenue": 276043,
            "common_shares": 375120,
            "book_valuer_per_share": 10.72,
            "book_valuer_per_share_4q_avg": 10.86,
            "equity": 402051,
            "current_ratio": 258.26,
            "debt_ratio": 40.13,
            "inventory_turnover_ratio": 1.06,
            "account_receivable_turnover_ratio": null,
            "reinvestment_rate": null,
            "research_to_sale_ratio": null,
            "price_fair": 44.98,
            "eps_avg_yearly": 1.29,
            "eps_latest_yearly": 0.12,
            "eps_growth_yearly": 226.93
        },
        "20053": {
            "year_quarter": 20053,
            "year": 2005,
            "quarter": 3,
            "eps": 0.94,
            "eps_growth_year": 3033.33,
            "eps_4q": 0.79,
            "eps_4q_growth_year": -17.31,
            "roe": 8.28,
            "roe_4q": 6.939999999999999,
            "gross_profit": 74647,
            "gross_margin": 30.11,
            "gross_margin_4q_avg": 21.02,
            "net_income": 34822,
            "revenue": 247940,
            "common_shares": 376285,
            "book_valuer_per_share": 11.66,
            "book_valuer_per_share_4q_avg": 10.74,
            "equity": 438848,
            "current_ratio": 272.86,
            "debt_ratio": 36.76,
            "inventory_turnover_ratio": 0.95,
            "account_receivable_turnover_ratio": null,
            "reinvestment_rate": null,
            "research_to_sale_ratio": null,
            "price_fair": 54.6,
            "eps_avg_yearly": 1.56,
            "eps_latest_yearly": 3.76,
            "eps_growth_yearly": 239.18
        },
        "20054": {
            "year_quarter": 20054,
            "year": 2005,
            "quarter": 4,
            "eps": 1.43,
            "eps_growth_year": null,
            "eps_4q": 2.72,
            "eps_4q_growth_year": 2624.34,
            "roe": 11.3,
            "roe_4q": 22.85,
            "gross_profit": 98674,
            "gross_margin": 34.85,
            "gross_margin_4q_avg": 26.28,
            "net_income": 52760,
            "revenue": 283160,
            "common_shares": 376285,
            "book_valuer_per_share": 13.14,
            "book_valuer_per_share_4q_avg": 11.44,
            "equity": 494599,
            "current_ratio": 287.87,
            "debt_ratio": 35.35,
            "inventory_turnover_ratio": 1.06,
            "account_receivable_turnover_ratio": null,
            "reinvestment_rate": null,
            "research_to_sale_ratio": null,
            "price_fair": 69.16,
            "eps_avg_yearly": 1.98,
            "eps_latest_yearly": 5.72,
            "eps_growth_yearly": 236.12
        },
        "20061": {
            "year_quarter": 20061,
            "year": 2006,
            "quarter": 1,
            "eps": 0.26,
            "eps_growth_year": null,
            "eps_4q": 3.15,
            "eps_4q_growth_year": null,
            "roe": 1.9,
            "roe_4q": 26.22,
            "gross_profit": 49289,
            "gross_margin": 24.17,
            "gross_margin_4q_avg": 27.89,
            "net_income": 9567,
            "revenue": 203928,
            "common_shares": 378435,
            "book_valuer_per_share": 13.49,
            "book_valuer_per_share_4q_avg": 12.25,
            "equity": 510473,
            "current_ratio": 317.49,
            "debt_ratio": 29.74,
            "inventory_turnover_ratio": 0.88,
            "account_receivable_turnover_ratio": null,
            "reinvestment_rate": null,
            "research_to_sale_ratio": null,
            "price_fair": 66.18,
            "eps_avg_yearly": 1.89,
            "eps_latest_yearly": 1.04,
            "eps_growth_yearly": 184.9
        },
        "20062": {
            "year_quarter": 20062,
            "year": 2006,
            "quarter": 2,
            "eps": 0.04,
            "eps_growth_year": -92.16,
            "eps_4q": 2.81,
            "eps_4q_growth_year": null,
            "roe": 0.28,
            "roe_4q": 21.759999999999998,
            "gross_profit": 46255,
            "gross_margin": 22.15,
            "gross_margin_4q_avg": 27.82,
            "net_income": 1403,
            "revenue": 208792,
            "common_shares": 378435,
            "book_valuer_per_share": 13.05,
            "book_valuer_per_share_4q_avg": 12.84,
            "equity": 493889,
            "current_ratio": 267.02,
            "debt_ratio": 34.18,
            "inventory_turnover_ratio": 0.89,
            "account_receivable_turnover_ratio": null,
            "reinvestment_rate": 22.1,
            "research_to_sale_ratio": null,
            "price_fair": 61.13,
            "eps_avg_yearly": 1.75,
            "eps_latest_yearly": 0.16,
            "eps_growth_yearly": 141.29
        },
        "20063": {
            "year_quarter": 20063,
            "year": 2006,
            "quarter": 3,
            "eps": 0.27,
            "eps_growth_year": -71.28,
            "eps_4q": 1.99,
            "eps_4q_growth_year": 150.71,
            "roe": 2.04,
            "roe_4q": 15.520000000000001,
            "gross_profit": 52941,
            "gross_margin": 23.25,
            "gross_margin_4q_avg": 26.11,
            "net_income": 10006,
            "revenue": 227675,
            "common_shares": 378435,
            "book_valuer_per_share": 12.86,
            "book_valuer_per_share_4q_avg": 13.14,
            "equity": 486486,
            "current_ratio": 267,
            "debt_ratio": 33.01,
            "inventory_turnover_ratio": 1.01,
            "account_receivable_turnover_ratio": null,
            "reinvestment_rate": -5.5,
            "research_to_sale_ratio": null,
            "price_fair": 59.34,
            "eps_avg_yearly": 1.7,
            "eps_latest_yearly": 1.08,
            "eps_growth_yearly": 307.34
        },
        "20064": {
            "year_quarter": 20064,
            "year": 2006,
            "quarter": 4,
            "eps": -0.3,
            "eps_growth_year": -120.98,
            "eps_4q": 0.17,
            "eps_4q_growth_year": -93.76,
            "roe": -2.83,
            "roe_4q": 1.39,
            "gross_profit": 35494,
            "gross_margin": 19.69,
            "gross_margin_4q_avg": 22.32,
            "net_income": -13567,
            "revenue": 180306,
            "common_shares": 453323,
            "book_valuer_per_share": 10.45,
            "book_valuer_per_share_4q_avg": 12.46,
            "equity": 473931,
            "current_ratio": 327.66,
            "debt_ratio": 28.24,
            "inventory_turnover_ratio": 0.89,
            "account_receivable_turnover_ratio": null,
            "reinvestment_rate": -5.31,
            "research_to_sale_ratio": null,
            "price_fair": 56.47,
            "eps_avg_yearly": 1.61,
            "eps_latest_yearly": 1.08,
            "eps_growth_yearly": 226.7
        },
        "20071": {
            "year_quarter": 20071,
            "year": 2007,
            "quarter": 1,
            "eps": -0.25,
            "eps_growth_year": -196.15,
            "eps_4q": -0.3,
            "eps_4q_growth_year": -109.5,
            "roe": -2.35,
            "roe_4q": -2.8599999999999994,
            "gross_profit": 36235,
            "gross_margin": 27.47,
            "gross_margin_4q_avg": 23.14,
            "net_income": -11012,
            "revenue": 131885,
            "common_shares": 453323,
            "book_valuer_per_share": 10.23,
            "book_valuer_per_share_4q_avg": 11.65,
            "equity": 463782,
            "current_ratio": 339.23,
            "debt_ratio": 24.14,
            "inventory_turnover_ratio": 0.55,
            "account_receivable_turnover_ratio": null,
            "reinvestment_rate": -5.78,
            "research_to_sale_ratio": null,
            "price_fair": 58.42,
            "eps_avg_yearly": 1.67,
            "eps_latest_yearly": 1.08,
            "eps_growth_yearly": 270.11
        },
        "20072": {
            "year_quarter": 20072,
            "year": 2007,
            "quarter": 2,
            "eps": 0.02,
            "eps_growth_year": -50,
            "eps_4q": -0.39,
            "eps_4q_growth_year": -113.9,
            "roe": 0.15,
            "roe_4q": -2.99,
            "gross_profit": 43170,
            "gross_margin": 23.38,
            "gross_margin_4q_avg": 23.45,
            "net_income": 710,
            "revenue": 184664,
            "common_shares": 453823,
            "book_valuer_per_share": 10.28,
            "book_valuer_per_share_4q_avg": 10.96,
            "equity": 466680,
            "current_ratio": 326.35,
            "debt_ratio": 25.12,
            "inventory_turnover_ratio": 0.84,
            "account_receivable_turnover_ratio": null,
            "reinvestment_rate": -7.71,
            "research_to_sale_ratio": null,
            "price_fair": 58.94,
            "eps_avg_yearly": 1.68,
            "eps_latest_yearly": 1.08,
            "eps_growth_yearly": 276.32
        },
        "20073": {
            "year_quarter": 20073,
            "year": 2007,
            "quarter": 3,
            "eps": 0.33,
            "eps_growth_year": 22.22,
            "eps_4q": -0.2,
            "eps_4q_growth_year": -110.12,
            "roe": 3.11,
            "roe_4q": -1.9200000000000004,
            "gross_profit": 65856,
            "gross_margin": 23.18,
            "gross_margin_4q_avg": 23.43,
            "net_income": 14822,
            "revenue": 284140,
            "common_shares": 455443,
            "book_valuer_per_share": 10.65,
            "book_valuer_per_share_4q_avg": 10.4,
            "equity": 485232,
            "current_ratio": 254.44,
            "debt_ratio": 33.52,
            "inventory_turnover_ratio": 1.37,
            "account_receivable_turnover_ratio": null,
            "reinvestment_rate": -6.02,
            "research_to_sale_ratio": null,
            "price_fair": 57.96,
            "eps_avg_yearly": 1.66,
            "eps_latest_yearly": 1.32,
            "eps_growth_yearly": 894.21
        },
        "20074": {
            "year_quarter": 20074,
            "year": 2007,
            "quarter": 4,
            "eps": 0.48,
            "eps_growth_year": null,
            "eps_4q": 0.58,
            "eps_4q_growth_year": 242.34,
            "roe": 4.29,
            "roe_4q": 5.200000000000001,
            "gross_profit": 67656,
            "gross_margin": 23.44,
            "gross_margin_4q_avg": 24.37,
            "net_income": 21276,
            "revenue": 288595,
            "common_shares": 455863,
            "book_valuer_per_share": 11.11,
            "book_valuer_per_share_4q_avg": 10.57,
            "equity": 506307,
            "current_ratio": 286.12,
            "debt_ratio": 32.11,
            "inventory_turnover_ratio": 1.33,
            "account_receivable_turnover_ratio": null,
            "reinvestment_rate": -2.83,
            "research_to_sale_ratio": null,
            "price_fair": 61.74,
            "eps_avg_yearly": 1.76,
            "eps_latest_yearly": 1.92,
            "eps_growth_yearly": 931.4
        },
        "20081": {
            "year_quarter": 20081,
            "year": 2008,
            "quarter": 1,
            "eps": -0.09,
            "eps_growth_year": null,
            "eps_4q": 0.78,
            "eps_4q_growth_year": null,
            "roe": -0.77,
            "roe_4q": 6.78,
            "gross_profit": 39641,
            "gross_margin": 22.39,
            "gross_margin_4q_avg": 23.1,
            "net_income": -3806,
            "revenue": 177041,
            "common_shares": 455863,
            "book_valuer_per_share": 10.65,
            "book_valuer_per_share_4q_avg": 10.67,
            "equity": 485320,
            "current_ratio": 389.29,
            "debt_ratio": 23.42,
            "inventory_turnover_ratio": 0.78,
            "account_receivable_turnover_ratio": null,
            "reinvestment_rate": -7.47,
            "research_to_sale_ratio": null,
            "price_fair": 66.73,
            "eps_avg_yearly": 1.91,
            "eps_latest_yearly": 1.92,
            "eps_growth_yearly": 1053.93
        },
        "20082": {
            "year_quarter": 20082,
            "year": 2008,
            "quarter": 2,
            "eps": 0.05,
            "eps_growth_year": 150,
            "eps_4q": 0.75,
            "eps_4q_growth_year": null,
            "roe": 0.48,
            "roe_4q": 7.109999999999999,
            "gross_profit": 42678,
            "gross_margin": 20.9,
            "gross_margin_4q_avg": 22.48,
            "net_income": 2320,
            "revenue": 204173,
            "common_shares": 456173,
            "book_valuer_per_share": 10.56,
            "book_valuer_per_share_4q_avg": 10.74,
            "equity": 481917,
            "current_ratio": 354.34,
            "debt_ratio": 25.75,
            "inventory_turnover_ratio": 0.92,
            "account_receivable_turnover_ratio": null,
            "reinvestment_rate": -13.44,
            "research_to_sale_ratio": null,
            "price_fair": 66.15,
            "eps_avg_yearly": 1.89,
            "eps_latest_yearly": 1.92,
            "eps_growth_yearly": 1023.17
        },
        "20083": {
            "year_quarter": 20083,
            "year": 2008,
            "quarter": 3,
            "eps": 0.09,
            "eps_growth_year": -72.73,
            "eps_4q": 0.5,
            "eps_4q_growth_year": null,
            "roe": 0.89,
            "roe_4q": 4.890000000000001,
            "gross_profit": 52159,
            "gross_margin": 29.54,
            "gross_margin_4q_avg": 24.07,
            "net_income": 4324,
            "revenue": 176555,
            "common_shares": 500181,
            "book_valuer_per_share": 9.75,
            "book_valuer_per_share_4q_avg": 10.52,
            "equity": 487695,
            "current_ratio": 410.22,
            "debt_ratio": 22.4,
            "inventory_turnover_ratio": 0.73,
            "account_receivable_turnover_ratio": null,
            "reinvestment_rate": -21.52,
            "research_to_sale_ratio": null,
            "price_fair": 67.2,
            "eps_avg_yearly": 1.92,
            "eps_latest_yearly": 0.36,
            "eps_growth_yearly": 1110.23
        },
        "20084": {
            "year_quarter": 20084,
            "year": 2008,
            "quarter": 4,
            "eps": -0.46,
            "eps_growth_year": -195.83,
            "eps_4q": -0.4,
            "eps_4q_growth_year": -168.73,
            "roe": -4.7,
            "roe_4q": -4.1,
            "gross_profit": 11527,
            "gross_margin": 11.7,
            "gross_margin_4q_avg": 21.13,
            "net_income": -22399,
            "revenue": 98553,
            "common_shares": 500181,
            "book_valuer_per_share": 9.31,
            "book_valuer_per_share_4q_avg": 10.07,
            "equity": 465712,
            "current_ratio": 592.08,
            "debt_ratio": 15.66,
            "inventory_turnover_ratio": 0.51,
            "account_receivable_turnover_ratio": 2.64,
            "reinvestment_rate": -27.71,
            "research_to_sale_ratio": null,
            "price_fair": 67.2,
            "eps_avg_yearly": 1.92,
            "eps_latest_yearly": 0.36,
            "eps_growth_yearly": 1110.23
        },
        "20091": {
            "year_quarter": 20091,
            "year": 2009,
            "quarter": 1,
            "eps": -0.46,
            "eps_growth_year": null,
            "eps_4q": -0.76,
            "eps_4q_growth_year": -197.13,
            "roe": -4.87,
            "roe_4q": -8.2,
            "gross_profit": 17434,
            "gross_margin": 20.21,
            "gross_margin_4q_avg": 20.59,
            "net_income": -22159,
            "revenue": 86278,
            "common_shares": 500180,
            "book_valuer_per_share": 8.9,
            "book_valuer_per_share_4q_avg": 9.63,
            "equity": 445121,
            "current_ratio": 674.85,
            "debt_ratio": 13.82,
            "inventory_turnover_ratio": 0.42,
            "account_receivable_turnover_ratio": 1.3,
            "reinvestment_rate": -29.86,
            "research_to_sale_ratio": null,
            "price_fair": 67.2,
            "eps_avg_yearly": 1.92,
            "eps_latest_yearly": 0.36,
            "eps_growth_yearly": 1110.23
        },
        "20092": {
            "year_quarter": 20092,
            "year": 2009,
            "quarter": 2,
            "eps": -0.5,
            "eps_growth_year": -1100,
            "eps_4q": -1.28,
            "eps_4q_growth_year": -272.23,
            "roe": -5.55,
            "roe_4q": -14.23,
            "gross_profit": 21524,
            "gross_margin": 20.76,
            "gross_margin_4q_avg": 20.55,
            "net_income": -24028,
            "revenue": 103656,
            "common_shares": 500181,
            "book_valuer_per_share": 8.4,
            "book_valuer_per_share_4q_avg": 9.09,
            "equity": 420015,
            "current_ratio": 550.48,
            "debt_ratio": 16.98,
            "inventory_turnover_ratio": 0.57,
            "account_receivable_turnover_ratio": 1.79,
            "reinvestment_rate": -64.1,
            "research_to_sale_ratio": null,
            "price_fair": 67.2,
            "eps_avg_yearly": 1.92,
            "eps_latest_yearly": 0.36,
            "eps_growth_yearly": 1110.23
        },
        "20093": {
            "year_quarter": 20093,
            "year": 2009,
            "quarter": 3,
            "eps": -0.29,
            "eps_growth_year": -422.22,
            "eps_4q": -1.65,
            "eps_4q_growth_year": -428.87,
            "roe": -3.38,
            "roe_4q": -18.5,
            "gross_profit": 31437,
            "gross_margin": 23.87,
            "gross_margin_4q_avg": 19.14,
            "net_income": -13976,
            "revenue": 131686,
            "common_shares": 500180,
            "book_valuer_per_share": 8.11,
            "book_valuer_per_share_4q_avg": 8.68,
            "equity": 405762,
            "current_ratio": 468.78,
            "debt_ratio": 19.84,
            "inventory_turnover_ratio": 0.83,
            "account_receivable_turnover_ratio": 1.93,
            "reinvestment_rate": -576.89,
            "research_to_sale_ratio": null,
            "price_fair": 58,
            "eps_avg_yearly": 1.66,
            "eps_latest_yearly": 0.36,
            "eps_growth_yearly": 1220.66
        },
        "20094": {
            "year_quarter": 20094,
            "year": 2009,
            "quarter": 4,
            "eps": -0.21,
            "eps_growth_year": null,
            "eps_4q": -1.46,
            "eps_4q_growth_year": null,
            "roe": -2.54,
            "roe_4q": -16.34,
            "gross_profit": 32731,
            "gross_margin": 27.38,
            "gross_margin_4q_avg": 23.06,
            "net_income": -10158,
            "revenue": 119539,
            "common_shares": 493231,
            "book_valuer_per_share": 8.2,
            "book_valuer_per_share_4q_avg": 8.4,
            "equity": 395559,
            "current_ratio": 426.28,
            "debt_ratio": 21.65,
            "inventory_turnover_ratio": 0.78,
            "account_receivable_turnover_ratio": 3.59,
            "reinvestment_rate": null,
            "research_to_sale_ratio": null,
            "price_fair": 34.3,
            "eps_avg_yearly": 0.98,
            "eps_latest_yearly": 0.36,
            "eps_growth_yearly": 1389.35
        },
        "20101": {
            "year_quarter": 20101,
            "year": 2010,
            "quarter": 1,
            "eps": -0.21,
            "eps_growth_year": null,
            "eps_4q": -1.21,
            "eps_4q_growth_year": null,
            "roe": -2.6,
            "roe_4q": -14.07,
            "gross_profit": 33692,
            "gross_margin": 26.2,
            "gross_margin_4q_avg": 24.55,
            "net_income": -10172,
            "revenue": 128617,
            "common_shares": 493231,
            "book_valuer_per_share": 8,
            "book_valuer_per_share_4q_avg": 8.18,
            "equity": 385835,
            "current_ratio": 449.62,
            "debt_ratio": 21.12,
            "inventory_turnover_ratio": 0.9,
            "account_receivable_turnover_ratio": 1.71,
            "reinvestment_rate": null,
            "research_to_sale_ratio": 16.31,
            "price_fair": 33.88,
            "eps_avg_yearly": 0.97,
            "eps_latest_yearly": 0.36,
            "eps_growth_yearly": 1732.67
        },
        "20102": {
            "year_quarter": 20102,
            "year": 2010,
            "quarter": 2,
            "eps": -0.14,
            "eps_growth_year": null,
            "eps_4q": -0.85,
            "eps_4q_growth_year": null,
            "roe": -1.79,
            "roe_4q": -10.31,
            "gross_profit": 40082,
            "gross_margin": 30.05,
            "gross_margin_4q_avg": 26.88,
            "net_income": -6856,
            "revenue": 133371,
            "common_shares": 493231,
            "book_valuer_per_share": 7.89,
            "book_valuer_per_share_4q_avg": 8.05,
            "equity": 380689,
            "current_ratio": 417.07,
            "debt_ratio": 22.48,
            "inventory_turnover_ratio": 0.99,
            "account_receivable_turnover_ratio": 1.66,
            "reinvestment_rate": null,
            "research_to_sale_ratio": 17.57,
            "price_fair": 40.95,
            "eps_avg_yearly": 1.17,
            "eps_latest_yearly": 0.36,
            "eps_growth_yearly": 2250.45
        },
        "20103": {
            "year_quarter": 20103,
            "year": 2010,
            "quarter": 3,
            "eps": -0.1,
            "eps_growth_year": null,
            "eps_4q": -0.66,
            "eps_4q_growth_year": null,
            "roe": -1.28,
            "roe_4q": -8.21,
            "gross_profit": 41595,
            "gross_margin": 30.57,
            "gross_margin_4q_avg": 28.55,
            "net_income": -4844,
            "revenue": 136075,
            "common_shares": 493231,
            "book_valuer_per_share": 7.79,
            "book_valuer_per_share_4q_avg": 7.97,
            "equity": 375645,
            "current_ratio": 371.48,
            "debt_ratio": 25.25,
            "inventory_turnover_ratio": 0.93,
            "account_receivable_turnover_ratio": 1.76,
            "reinvestment_rate": null,
            "research_to_sale_ratio": 16.58,
            "price_fair": 42,
            "eps_avg_yearly": 1.2,
            "eps_latest_yearly": 0.36,
            "eps_growth_yearly": 2233.94
        },
        "20104": {
            "year_quarter": 20104,
            "year": 2010,
            "quarter": 4,
            "eps": -0.63,
            "eps_growth_year": null,
            "eps_4q": -1.08,
            "eps_4q_growth_year": null,
            "roe": -8.43,
            "roe_4q": -14.1,
            "gross_profit": 18858,
            "gross_margin": 18.45,
            "gross_margin_4q_avg": 26.32,
            "net_income": -30368,
            "revenue": 102222,
            "common_shares": 493231,
            "book_valuer_per_share": 7.15,
            "book_valuer_per_share_4q_avg": 7.71,
            "equity": 344662,
            "current_ratio": 369.24,
            "debt_ratio": 25.07,
            "inventory_turnover_ratio": 0.68,
            "account_receivable_turnover_ratio": 1.57,
            "reinvestment_rate": null,
            "research_to_sale_ratio": 24.07,
            "price_fair": 42,
            "eps_avg_yearly": 1.2,
            "eps_latest_yearly": 0.36,
            "eps_growth_yearly": 2233.94
        },
        "20111": {
            "year_quarter": 20111,
            "year": 2011,
            "quarter": 1,
            "eps": -0.81,
            "eps_growth_year": null,
            "eps_4q": -1.67,
            "eps_4q_growth_year": null,
            "roe": -11.89,
            "roe_4q": -23.39,
            "gross_profit": 8447,
            "gross_margin": 12.67,
            "gross_margin_4q_avg": 22.94,
            "net_income": -39345,
            "revenue": 66680,
            "common_shares": 493231,
            "book_valuer_per_share": 6.49,
            "book_valuer_per_share_4q_avg": 7.33,
            "equity": 317047,
            "current_ratio": 321.8,
            "debt_ratio": 28.57,
            "inventory_turnover_ratio": 0.42,
            "account_receivable_turnover_ratio": 1.46,
            "reinvestment_rate": null,
            "research_to_sale_ratio": 35.47,
            "price_fair": 42,
            "eps_avg_yearly": 1.2,
            "eps_latest_yearly": 0.36,
            "eps_growth_yearly": 2233.94
        },
        "20112": {
            "year_quarter": 20112,
            "year": 2011,
            "quarter": 2,
            "eps": -0.58,
            "eps_growth_year": null,
            "eps_4q": -2.11,
            "eps_4q_growth_year": null,
            "roe": -9.36,
            "roe_4q": -30.96,
            "gross_profit": 16845,
            "gross_margin": 15.73,
            "gross_margin_4q_avg": 19.36,
            "net_income": -28386,
            "revenue": 107105,
            "common_shares": 488231,
            "book_valuer_per_share": 5.93,
            "book_valuer_per_share_4q_avg": 6.84,
            "equity": 289374,
            "current_ratio": 266.19,
            "debt_ratio": 34.66,
            "inventory_turnover_ratio": 0.63,
            "account_receivable_turnover_ratio": 2.16,
            "reinvestment_rate": null,
            "research_to_sale_ratio": 19.67,
            "price_fair": 42,
            "eps_avg_yearly": 1.2,
            "eps_latest_yearly": 0.36,
            "eps_growth_yearly": 2233.94
        },
        "20113": {
            "year_quarter": 20113,
            "year": 2011,
            "quarter": 3,
            "eps": -0.62,
            "eps_growth_year": null,
            "eps_4q": -2.63,
            "eps_4q_growth_year": null,
            "roe": -10.95,
            "roe_4q": -40.63,
            "gross_profit": 16392,
            "gross_margin": 18.01,
            "gross_margin_4q_avg": 16.22,
            "net_income": -30343,
            "revenue": 91004,
            "common_shares": 488231,
            "book_valuer_per_share": 5.43,
            "book_valuer_per_share_4q_avg": 6.25,
            "equity": 265057,
            "current_ratio": 238.55,
            "debt_ratio": 38.66,
            "inventory_turnover_ratio": 0.53,
            "account_receivable_turnover_ratio": 1.48,
            "reinvestment_rate": null,
            "research_to_sale_ratio": 22.87,
            "price_fair": 39.9,
            "eps_avg_yearly": 1.14,
            "eps_latest_yearly": 0.36,
            "eps_growth_yearly": 250.91
        },
        "20114": {
            "year_quarter": 20114,
            "year": 2011,
            "quarter": 4,
            "eps": -0.45,
            "eps_growth_year": null,
            "eps_4q": -2.46,
            "eps_4q_growth_year": null,
            "roe": -8.55,
            "roe_4q": -40.75,
            "gross_profit": 19616,
            "gross_margin": 23.16,
            "gross_margin_4q_avg": 17.39,
            "net_income": -21802,
            "revenue": 84706,
            "common_shares": 488231,
            "book_valuer_per_share": 5.01,
            "book_valuer_per_share_4q_avg": 5.72,
            "equity": 244826,
            "current_ratio": 225.04,
            "debt_ratio": 40.4,
            "inventory_turnover_ratio": 0.48,
            "account_receivable_turnover_ratio": 1.52,
            "reinvestment_rate": null,
            "research_to_sale_ratio": 21.19,
            "price_fair": 12.6,
            "eps_avg_yearly": 0.36,
            "eps_latest_yearly": 0.36,
            "eps_growth_yearly": 320
        },
        "20121": {
            "year_quarter": 20121,
            "year": 2012,
            "quarter": 1,
            "eps": -0.46,
            "eps_growth_year": null,
            "eps_4q": -2.11,
            "eps_4q_growth_year": null,
            "roe": -9.64,
            "roe_4q": -38.5,
            "gross_profit": 16894,
            "gross_margin": 18.01,
            "gross_margin_4q_avg": 18.73,
            "net_income": -22432,
            "revenue": 93788,
            "common_shares": 488231,
            "book_valuer_per_share": 4.52,
            "book_valuer_per_share_4q_avg": 5.22,
            "equity": 220778,
            "current_ratio": 231.44,
            "debt_ratio": 43.76,
            "inventory_turnover_ratio": 0.67,
            "account_receivable_turnover_ratio": 1.89,
            "reinvestment_rate": null,
            "research_to_sale_ratio": 18.77,
            "price_fair": 12.6,
            "eps_avg_yearly": 0.36,
            "eps_latest_yearly": 0.36,
            "eps_growth_yearly": 320
        },
        "20122": {
            "year_quarter": 20122,
            "year": 2012,
            "quarter": 2,
            "eps": -0.43,
            "eps_growth_year": null,
            "eps_4q": -1.96,
            "eps_4q_growth_year": null,
            "roe": -9.99,
            "roe_4q": -39.13,
            "gross_profit": 17887,
            "gross_margin": 18.21,
            "gross_margin_4q_avg": 19.35,
            "net_income": -21000,
            "revenue": 98217,
            "common_shares": 488231,
            "book_valuer_per_share": 4.09,
            "book_valuer_per_share_4q_avg": 4.76,
            "equity": 199846,
            "current_ratio": 193.74,
            "debt_ratio": 50.17,
            "inventory_turnover_ratio": 0.76,
            "account_receivable_turnover_ratio": 1.79,
            "reinvestment_rate": null,
            "research_to_sale_ratio": 18.09,
            "price_fair": 12.6,
            "eps_avg_yearly": 0.36,
            "eps_latest_yearly": 0.36,
            "eps_growth_yearly": 320
        },
        "20123": {
            "year_quarter": 20123,
            "year": 2012,
            "quarter": 3,
            "eps": -0.3,
            "eps_growth_year": null,
            "eps_4q": -1.64,
            "eps_4q_growth_year": null,
            "roe": -7.68,
            "roe_4q": -35.86,
            "gross_profit": 21282,
            "gross_margin": 20.19,
            "gross_margin_4q_avg": 19.89,
            "net_income": -14774,
            "revenue": 105398,
            "common_shares": 488231,
            "book_valuer_per_share": 3.79,
            "book_valuer_per_share_4q_avg": 4.35,
            "equity": 184926,
            "current_ratio": 177.26,
            "debt_ratio": 53.51,
            "inventory_turnover_ratio": 0.71,
            "account_receivable_turnover_ratio": 1.6,
            "reinvestment_rate": null,
            "research_to_sale_ratio": 15.58,
            "price_fair": 0,
            "eps_avg_yearly": 0,
            "eps_latest_yearly": 0,
            "eps_growth_yearly": 0
        },
        "20124": {
            "year_quarter": 20124,
            "year": 2012,
            "quarter": 4,
            "eps": -0.42,
            "eps_growth_year": null,
            "eps_4q": -1.61,
            "eps_4q_growth_year": null,
            "roe": -11.59,
            "roe_4q": -38.9,
            "gross_profit": 15957,
            "gross_margin": 14.58,
            "gross_margin_4q_avg": 17.75,
            "net_income": -20283,
            "revenue": 109426,
            "common_shares": 488231,
            "book_valuer_per_share": 3.38,
            "book_valuer_per_share_4q_avg": 3.95,
            "equity": 165199,
            "current_ratio": 174.36,
            "debt_ratio": 53.55,
            "inventory_turnover_ratio": 0.77,
            "account_receivable_turnover_ratio": 1.59,
            "reinvestment_rate": null,
            "research_to_sale_ratio": 14.35,
            "price_fair": 0,
            "eps_avg_yearly": 0,
            "eps_latest_yearly": 0,
            "eps_growth_yearly": 0
        },
        "20131": {
            "year_quarter": 20131,
            "year": 2013,
            "quarter": 1,
            "eps": -0.33,
            "eps_growth_year": null,
            "eps_4q": -1.48,
            "eps_4q_growth_year": null,
            "roe": -10.12,
            "roe_4q": -39.38,
            "gross_profit": 18476,
            "gross_margin": 20.47,
            "gross_margin_4q_avg": 18.36,
            "net_income": -16055,
            "revenue": 90266,
            "common_shares": 488231,
            "book_valuer_per_share": 3.11,
            "book_valuer_per_share_4q_avg": 3.59,
            "equity": 152034,
            "current_ratio": 167.35,
            "debt_ratio": 53.38,
            "inventory_turnover_ratio": 0.62,
            "account_receivable_turnover_ratio": 1.57,
            "reinvestment_rate": null,
            "research_to_sale_ratio": 17.17,
            "price_fair": 0,
            "eps_avg_yearly": 0,
            "eps_latest_yearly": 0,
            "eps_growth_yearly": 0
        },
        "20132": {
            "year_quarter": 20132,
            "year": 2013,
            "quarter": 2,
            "eps": -0.32,
            "eps_growth_year": null,
            "eps_4q": -1.37,
            "eps_4q_growth_year": null,
            "roe": -10.9,
            "roe_4q": -40.29,
            "gross_profit": 21027,
            "gross_margin": 21.94,
            "gross_margin_4q_avg": 19.3,
            "net_income": -15701,
            "revenue": 95818,
            "common_shares": 488231,
            "book_valuer_per_share": 2.79,
            "book_valuer_per_share_4q_avg": 3.27,
            "equity": 135978,
            "current_ratio": 158.57,
            "debt_ratio": 58.21,
            "inventory_turnover_ratio": 0.67,
            "account_receivable_turnover_ratio": 1.89,
            "reinvestment_rate": null,
            "research_to_sale_ratio": 16.85,
            "price_fair": 0,
            "eps_avg_yearly": 0,
            "eps_latest_yearly": 0,
            "eps_growth_yearly": 0
        },
        "20133": {
            "year_quarter": 20133,
            "year": 2013,
            "quarter": 3,
            "eps": -0.68,
            "eps_growth_year": null,
            "eps_4q": -2.81,
            "eps_4q_growth_year": null,
            "roe": -13.02,
            "roe_4q": -45.629999999999995,
            "gross_profit": 16838,
            "gross_margin": 19.01,
            "gross_margin_4q_avg": 19,
            "net_income": -16625,
            "revenue": 88574,
            "common_shares": 244116,
            "book_valuer_per_share": 4.89,
            "book_valuer_per_share_4q_avg": 3.54,
            "equity": 119352,
            "current_ratio": 149.62,
            "debt_ratio": 60.2,
            "inventory_turnover_ratio": 0.66,
            "account_receivable_turnover_ratio": 1.67,
            "reinvestment_rate": null,
            "research_to_sale_ratio": 16.75,
            "price_fair": 0,
            "eps_avg_yearly": 0,
            "eps_latest_yearly": 0,
            "eps_growth_yearly": 0
        },
        "20134": {
            "year_quarter": 20134,
            "year": 2013,
            "quarter": 4,
            "eps": -0.71,
            "eps_growth_year": null,
            "eps_4q": -2.69,
            "eps_4q_growth_year": null,
            "roe": -15.33,
            "roe_4q": -49.37,
            "gross_profit": 14797,
            "gross_margin": 19.64,
            "gross_margin_4q_avg": 20.27,
            "net_income": -17242,
            "revenue": 75357,
            "common_shares": 244116,
            "book_valuer_per_share": 4.33,
            "book_valuer_per_share_4q_avg": 3.78,
            "equity": 105593,
            "current_ratio": 144.6,
            "debt_ratio": 60.04,
            "inventory_turnover_ratio": 0.59,
            "account_receivable_turnover_ratio": 1.5,
            "reinvestment_rate": null,
            "research_to_sale_ratio": 20.17,
            "price_fair": 0,
            "eps_avg_yearly": 0,
            "eps_latest_yearly": 0,
            "eps_growth_yearly": 0
        },
        "20141": {
            "year_quarter": 20141,
            "year": 2014,
            "quarter": 1,
            "eps": -0.44,
            "eps_growth_year": null,
            "eps_4q": -2.47,
            "eps_4q_growth_year": null,
            "roe": -10.74,
            "roe_4q": -49.99,
            "gross_profit": 20039,
            "gross_margin": 27.45,
            "gross_margin_4q_avg": 22.01,
            "net_income": -10758,
            "revenue": 73009,
            "common_shares": 244116,
            "book_valuer_per_share": 3.88,
            "book_valuer_per_share_4q_avg": 3.97,
            "equity": 94651,
            "current_ratio": 140.04,
            "debt_ratio": 62.87,
            "inventory_turnover_ratio": 0.56,
            "account_receivable_turnover_ratio": 1.52,
            "reinvestment_rate": null,
            "research_to_sale_ratio": 18.91,
            "price_fair": 0,
            "eps_avg_yearly": 0,
            "eps_latest_yearly": 0,
            "eps_growth_yearly": 0
        },
        "20142": {
            "year_quarter": 20142,
            "year": 2014,
            "quarter": 2,
            "eps": -0.31,
            "eps_growth_year": null,
            "eps_4q": -2.01,
            "eps_4q_growth_year": null,
            "roe": -8.15,
            "roe_4q": -47.239999999999995,
            "gross_profit": 21975,
            "gross_margin": 27.83,
            "gross_margin_4q_avg": 23.48,
            "net_income": -7792,
            "revenue": 78973,
            "common_shares": 261116,
            "book_valuer_per_share": 3.7,
            "book_valuer_per_share_4q_avg": 4.2,
            "equity": 96546,
            "current_ratio": 144.12,
            "debt_ratio": 61.1,
            "inventory_turnover_ratio": 0.6,
            "account_receivable_turnover_ratio": 1.61,
            "reinvestment_rate": null,
            "research_to_sale_ratio": 15.37,
            "price_fair": 0,
            "eps_avg_yearly": 0,
            "eps_latest_yearly": 0,
            "eps_growth_yearly": 0
        },
        "20143": {
            "year_quarter": 20143,
            "year": 2014,
            "quarter": 3,
            "eps": -0.15,
            "eps_growth_year": null,
            "eps_4q": -1.52,
            "eps_4q_growth_year": null,
            "roe": -4.05,
            "roe_4q": -38.269999999999996,
            "gross_profit": 23674,
            "gross_margin": 30.54,
            "gross_margin_4q_avg": 26.37,
            "net_income": -3834,
            "revenue": 77524,
            "common_shares": 261116,
            "book_valuer_per_share": 3.55,
            "book_valuer_per_share_4q_avg": 3.87,
            "equity": 92641,
            "current_ratio": 142.16,
            "debt_ratio": 61.66,
            "inventory_turnover_ratio": 0.57,
            "account_receivable_turnover_ratio": 1.54,
            "reinvestment_rate": null,
            "research_to_sale_ratio": 15.32,
            "price_fair": 0,
            "eps_avg_yearly": 0,
            "eps_latest_yearly": 0,
            "eps_growth_yearly": 0
        },
        "20144": {
            "year_quarter": 20144,
            "year": 2014,
            "quarter": 4,
            "eps": -0.53,
            "eps_growth_year": null,
            "eps_4q": -1.39,
            "eps_4q_growth_year": null,
            "roe": -16.12,
            "roe_4q": -39.06,
            "gross_profit": 12179,
            "gross_margin": 19.9,
            "gross_margin_4q_avg": 26.43,
            "net_income": -13823,
            "revenue": 61195,
            "common_shares": 261116,
            "book_valuer_per_share": 3.02,
            "book_valuer_per_share_4q_avg": 3.54,
            "equity": 78881,
            "current_ratio": 130.21,
            "debt_ratio": 67.04,
            "inventory_turnover_ratio": 0.55,
            "account_receivable_turnover_ratio": 1.37,
            "reinvestment_rate": null,
            "research_to_sale_ratio": 18.13,
            "price_fair": 0,
            "eps_avg_yearly": 0,
            "eps_latest_yearly": 0,
            "eps_growth_yearly": 0
        },
        "20151": {
            "year_quarter": 20151,
            "year": 2015,
            "quarter": 1,
            "eps": -0.44,
            "eps_growth_year": null,
            "eps_4q": -1.41,
            "eps_4q_growth_year": null,
            "roe": -15.64,
            "roe_4q": -43.96,
            "gross_profit": 15045,
            "gross_margin": 25.54,
            "gross_margin_4q_avg": 25.95,
            "net_income": -11444,
            "revenue": 58911,
            "common_shares": 261116,
            "book_valuer_per_share": 2.58,
            "book_valuer_per_share_4q_avg": 3.21,
            "equity": 67440,
            "current_ratio": 122.92,
            "debt_ratio": 69.6,
            "inventory_turnover_ratio": 0.53,
            "account_receivable_turnover_ratio": 1.56,
            "reinvestment_rate": null,
            "research_to_sale_ratio": 18.32,
            "price_fair": 0,
            "eps_avg_yearly": 0,
            "eps_latest_yearly": 0,
            "eps_growth_yearly": 0
        },
        "20152": {
            "year_quarter": 20152,
            "year": 2015,
            "quarter": 2,
            "eps": -0.17,
            "eps_growth_year": null,
            "eps_4q": -1.28,
            "eps_4q_growth_year": null,
            "roe": -6.75,
            "roe_4q": -42.56,
            "gross_profit": 22376,
            "gross_margin": 31.53,
            "gross_margin_4q_avg": 26.88,
            "net_income": -4405,
            "revenue": 70971,
            "common_shares": 261116,
            "book_valuer_per_share": 2.41,
            "book_valuer_per_share_4q_avg": 2.89,
            "equity": 63036,
            "current_ratio": 127.28,
            "debt_ratio": 72.9,
            "inventory_turnover_ratio": 0.61,
            "account_receivable_turnover_ratio": 1.66,
            "reinvestment_rate": null,
            "research_to_sale_ratio": 15.01,
            "price_fair": 0,
            "eps_avg_yearly": 0,
            "eps_latest_yearly": 0,
            "eps_growth_yearly": 0
        },
        "20153": {
            "year_quarter": 20153,
            "year": 2015,
            "quarter": 3,
            "eps": -0.45,
            "eps_growth_year": null,
            "eps_4q": -1.59,
            "eps_4q_growth_year": null,
            "roe": -20.78,
            "roe_4q": -59.290000000000006,
            "gross_profit": 15209,
            "gross_margin": 26.48,
            "gross_margin_4q_avg": 25.86,
            "net_income": -11867,
            "revenue": 57441,
            "common_shares": 261116,
            "book_valuer_per_share": 1.96,
            "book_valuer_per_share_4q_avg": 2.49,
            "equity": 51154,
            "current_ratio": 122.6,
            "debt_ratio": 76.23,
            "inventory_turnover_ratio": 0.54,
            "account_receivable_turnover_ratio": 1.39,
            "reinvestment_rate": null,
            "research_to_sale_ratio": 20.22,
            "price_fair": 0,
            "eps_avg_yearly": 0,
            "eps_latest_yearly": 0,
            "eps_growth_yearly": 0
        },
        "20154": {
            "year_quarter": 20154,
            "year": 2015,
            "quarter": 4,
            "eps": -0.42,
            "eps_growth_year": null,
            "eps_4q": -1.48,
            "eps_4q_growth_year": null,
            "roe": -23.95,
            "roe_4q": -67.12,
            "gross_profit": 15475,
            "gross_margin": 27.35,
            "gross_margin_4q_avg": 27.73,
            "net_income": -10970,
            "revenue": 56586,
            "common_shares": 261116,
            "book_valuer_per_share": 1.55,
            "book_valuer_per_share_4q_avg": 2.13,
            "equity": 40438,
            "current_ratio": 115.44,
            "debt_ratio": 79.93,
            "inventory_turnover_ratio": 0.56,
            "account_receivable_turnover_ratio": 1.61,
            "reinvestment_rate": null,
            "research_to_sale_ratio": 19.82,
            "price_fair": 0,
            "eps_avg_yearly": 0,
            "eps_latest_yearly": 0,
            "eps_growth_yearly": 0
        },
        "20161": {
            "year_quarter": 20161,
            "year": 2016,
            "quarter": 1,
            "eps": -0.33,
            "eps_growth_year": null,
            "eps_4q": -1.24,
            "eps_4q_growth_year": null,
            "roe": -22.32,
            "roe_4q": -73.8,
            "gross_profit": 15482,
            "gross_margin": 28.54,
            "gross_margin_4q_avg": 28.48,
            "net_income": -9128,
            "revenue": 54242,
            "common_shares": 294000,
            "book_valuer_per_share": 1.41,
            "book_valuer_per_share_4q_avg": 1.83,
            "equity": 41347,
            "current_ratio": 115.91,
            "debt_ratio": 78.31,
            "inventory_turnover_ratio": 0.58,
            "account_receivable_turnover_ratio": 1.59,
            "reinvestment_rate": null,
            "research_to_sale_ratio": 18.95,
            "price_fair": 0,
            "eps_avg_yearly": 0,
            "eps_latest_yearly": 0,
            "eps_growth_yearly": 0
        },
        "20162": {
            "year_quarter": 20162,
            "year": 2016,
            "quarter": 2,
            "eps": 0.03,
            "eps_growth_year": null,
            "eps_4q": -1.06,
            "eps_4q_growth_year": null,
            "roe": 1.88,
            "roe_4q": -65.17,
            "gross_profit": 26174,
            "gross_margin": 40.58,
            "gross_margin_4q_avg": 30.74,
            "net_income": 783,
            "revenue": 64503,
            "common_shares": 294000,
            "book_valuer_per_share": 1.43,
            "book_valuer_per_share_4q_avg": 1.59,
            "equity": 42125,
            "current_ratio": 115.31,
            "debt_ratio": 79.68,
            "inventory_turnover_ratio": 0.61,
            "account_receivable_turnover_ratio": 1.62,
            "reinvestment_rate": null,
            "research_to_sale_ratio": 14.67,
            "price_fair": 0,
            "eps_avg_yearly": 0,
            "eps_latest_yearly": 0,
            "eps_growth_yearly": 0
        },
        "20163": {
            "year_quarter": 20163,
            "year": 2016,
            "quarter": 3,
            "eps": 0.01,
            "eps_growth_year": null,
            "eps_4q": -0.65,
            "eps_4q_growth_year": null,
            "roe": 0.49,
            "roe_4q": -43.9,
            "gross_profit": 26233,
            "gross_margin": 40.87,
            "gross_margin_4q_avg": 34.34,
            "net_income": 205,
            "revenue": 64187,
            "common_shares": 294000,
            "book_valuer_per_share": 1.44,
            "book_valuer_per_share_4q_avg": 1.46,
            "equity": 42329,
            "current_ratio": 115.44,
            "debt_ratio": 79.11,
            "inventory_turnover_ratio": 0.64,
            "account_receivable_turnover_ratio": 1.48,
            "reinvestment_rate": null,
            "research_to_sale_ratio": 16.18,
            "price_fair": 0.12,
            "eps_avg_yearly": 0.04,
            "eps_latest_yearly": 0.04,
            "eps_growth_yearly": -266.67
        },
        "20164": {
            "year_quarter": 20164,
            "year": 2016,
            "quarter": 4,
            "eps": -0.32,
            "eps_growth_year": null,
            "eps_4q": -0.57,
            "eps_4q_growth_year": null,
            "roe": -25.85,
            "roe_4q": -45.800000000000004,
            "gross_profit": 16512,
            "gross_margin": 33.24,
            "gross_margin_4q_avg": 35.81,
            "net_income": -10553,
            "revenue": 49677,
            "common_shares": 330000,
            "book_valuer_per_share": 1.19,
            "book_valuer_per_share_4q_avg": 1.37,
            "equity": 39317,
            "current_ratio": 112.14,
            "debt_ratio": 79.69,
            "inventory_turnover_ratio": 0.59,
            "account_receivable_turnover_ratio": 1.37,
            "reinvestment_rate": null,
            "research_to_sale_ratio": 21.49,
            "price_fair": 0.12,
            "eps_avg_yearly": 0.04,
            "eps_latest_yearly": 0.04,
            "eps_growth_yearly": -266.67
        },
        "20171": {
            "year_quarter": 20171,
            "year": 2017,
            "quarter": 1,
            "eps": -0.3,
            "eps_growth_year": null,
            "eps_4q": -0.58,
            "eps_4q_growth_year": null,
            "roe": -28.25,
            "roe_4q": -51.73,
            "gross_profit": 17688,
            "gross_margin": 35.05,
            "gross_margin_4q_avg": 37.44,
            "net_income": -9735,
            "revenue": 50461,
            "common_shares": 330000,
            "book_valuer_per_share": 0.9,
            "book_valuer_per_share_4q_avg": 1.24,
            "equity": 29595,
            "current_ratio": 106.88,
            "debt_ratio": 83.14,
            "inventory_turnover_ratio": 0.57,
            "account_receivable_turnover_ratio": 1.65,
            "reinvestment_rate": null,
            "research_to_sale_ratio": 22.58,
            "price_fair": 0.12,
            "eps_avg_yearly": 0.04,
            "eps_latest_yearly": 0.04,
            "eps_growth_yearly": -266.67
        },
        "20172": {
            "year_quarter": 20172,
            "year": 2017,
            "quarter": 2,
            "eps": -0.39,
            "eps_growth_year": -1400,
            "eps_4q": -0.85,
            "eps_4q_growth_year": null,
            "roe": -30.58,
            "roe_4q": -84.19000000000001,
            "gross_profit": 18794,
            "gross_margin": 36.36,
            "gross_margin_4q_avg": 36.38,
            "net_income": -7852,
            "revenue": 51689,
            "common_shares": 330000,
            "book_valuer_per_share": 0.66,
            "book_valuer_per_share_4q_avg": 1.05,
            "equity": 21754,
            "current_ratio": 100.04,
            "debt_ratio": 88.02,
            "inventory_turnover_ratio": 0.61,
            "account_receivable_turnover_ratio": 1.75,
            "reinvestment_rate": null,
            "research_to_sale_ratio": 22.69,
            "price_fair": 0.12,
            "eps_avg_yearly": 0.04,
            "eps_latest_yearly": 0.04,
            "eps_growth_yearly": -266.67
        },
        "20173": {
            "year_quarter": 20173,
            "year": 2017,
            "quarter": 3,
            "eps": -0.52,
            "eps_growth_year": -5300,
            "eps_4q": -1.73,
            "eps_4q_growth_year": null,
            "roe": -50.75,
            "roe_4q": -135.43,
            "gross_profit": 17598,
            "gross_margin": 34.69,
            "gross_margin_4q_avg": 34.84,
            "net_income": -10392,
            "revenue": 50728,
            "common_shares": 223000,
            "book_valuer_per_share": 0.86,
            "book_valuer_per_share_4q_avg": 0.9,
            "equity": 19199,
            "current_ratio": 101.94,
            "debt_ratio": 89.76,
            "inventory_turnover_ratio": 0.65,
            "account_receivable_turnover_ratio": 1.63,
            "reinvestment_rate": null,
            "research_to_sale_ratio": 24.13,
            "price_fair": 0.12,
            "eps_avg_yearly": 0.04,
            "eps_latest_yearly": 0.04,
            "eps_growth_yearly": -266.67
        },
        "20174": {
            "year_quarter": 20174,
            "year": 2017,
            "quarter": 4,
            "eps": -0.41,
            "eps_growth_year": null,
            "eps_4q": -1.66,
            "eps_4q_growth_year": null,
            "roe": -62.05,
            "roe_4q": -171.63,
            "gross_profit": 14301,
            "gross_margin": 35.05,
            "gross_margin_4q_avg": 35.29,
            "net_income": -9061,
            "revenue": 40800,
            "common_shares": 223000,
            "book_valuer_per_share": 0.45,
            "book_valuer_per_share_4q_avg": 0.72,
            "equity": 10007,
            "current_ratio": 104.38,
            "debt_ratio": 94.24,
            "inventory_turnover_ratio": 0.51,
            "account_receivable_turnover_ratio": 1.5,
            "reinvestment_rate": null,
            "research_to_sale_ratio": 24.06,
            "price_fair": 0.12,
            "eps_avg_yearly": 0.04,
            "eps_latest_yearly": 0.04,
            "eps_growth_yearly": -266.67
        },
        "20181": {
            "year_quarter": 20181,
            "year": 2018,
            "quarter": 1,
            "eps": -0.69,
            "eps_growth_year": null,
            "eps_4q": -1.59,
            "eps_4q_growth_year": null,
            "roe": -159.95,
            "roe_4q": -303.33,
            "gross_profit": 7484,
            "gross_margin": 21.37,
            "gross_margin_4q_avg": 31.87,
            "net_income": -15630,
            "revenue": 35019,
            "common_shares": 270000,
            "book_valuer_per_share": 0.35,
            "book_valuer_per_share_4q_avg": 0.58,
            "equity": 9537,
            "current_ratio": 98.38,
            "debt_ratio": 94.11,
            "inventory_turnover_ratio": 0.52,
            "account_receivable_turnover_ratio": 1.55,
            "reinvestment_rate": null,
            "research_to_sale_ratio": 27.38,
            "price_fair": 0.12,
            "eps_avg_yearly": 0.04,
            "eps_latest_yearly": 0.04,
            "eps_growth_yearly": -266.67
        },
        "20182": {
            "year_quarter": 20182,
            "year": 2018,
            "quarter": 2,
            "eps": -0.37,
            "eps_growth_year": null,
            "eps_4q": -0.91,
            "eps_4q_growth_year": null,
            "roe": -26.32,
            "roe_4q": -299.07,
            "gross_profit": 10712,
            "gross_margin": 25.91,
            "gross_margin_4q_avg": 29.26,
            "net_income": -10244,
            "revenue": 41340,
            "common_shares": 500000,
            "book_valuer_per_share": 1.37,
            "book_valuer_per_share_4q_avg": 0.76,
            "equity": 68295,
            "current_ratio": 136.09,
            "debt_ratio": 71.17,
            "inventory_turnover_ratio": 0.58,
            "account_receivable_turnover_ratio": 1.64,
            "reinvestment_rate": null,
            "research_to_sale_ratio": 19.22,
            "price_fair": 0.12,
            "eps_avg_yearly": 0.04,
            "eps_latest_yearly": 0.04,
            "eps_growth_yearly": -266.67
        },
        "20183": {
            "year_quarter": 20183,
            "year": 2018,
            "quarter": 3,
            "eps": 0.09,
            "eps_growth_year": null,
            "eps_4q": -0.61,
            "eps_4q_growth_year": null,
            "roe": 6.62,
            "roe_4q": -241.7,
            "gross_profit": 10862,
            "gross_margin": 27.52,
            "gross_margin_4q_avg": 27.46,
            "net_income": 4672,
            "revenue": 39476,
            "common_shares": 500000,
            "book_valuer_per_share": 1.46,
            "book_valuer_per_share_4q_avg": 0.91,
            "equity": 72943,
            "current_ratio": 167.14,
            "debt_ratio": 59.44,
            "inventory_turnover_ratio": 0.53,
            "account_receivable_turnover_ratio": 1.53,
            "reinvestment_rate": null,
            "research_to_sale_ratio": 14.02,
            "price_fair": 0.12,
            "eps_avg_yearly": 0.04,
            "eps_latest_yearly": 0.04,
            "eps_growth_yearly": -266.67
        },
        "20184": {
            "year_quarter": 20184,
            "year": 2018,
            "quarter": 4,
            "eps": -1.39,
            "eps_growth_year": null,
            "eps_4q": -2.56,
            "eps_4q_growth_year": null,
            "roe": -37.62,
            "roe_4q": -217.26999999999998,
            "gross_profit": -5893,
            "gross_margin": -20.97,
            "gross_margin_4q_avg": 13.46,
            "net_income": -24950,
            "revenue": 28105,
            "common_shares": 180000,
            "book_valuer_per_share": 3.32,
            "book_valuer_per_share_4q_avg": 1.63,
            "equity": 59690,
            "current_ratio": 138.84,
            "debt_ratio": 59.26,
            "inventory_turnover_ratio": 0.73,
            "account_receivable_turnover_ratio": 1.24,
            "reinvestment_rate": null,
            "research_to_sale_ratio": 22.61,
            "price_fair": 0.12,
            "eps_avg_yearly": 0.04,
            "eps_latest_yearly": 0.04,
            "eps_growth_yearly": -266.67
        },
        "20191": {
            "year_quarter": 20191,
            "year": 2019,
            "quarter": 1,
            "eps": -0.51,
            "eps_growth_year": null,
            "eps_4q": -2.21,
            "eps_4q_growth_year": null,
            "roe": -16.8,
            "roe_4q": -74.12,
            "gross_profit": 8239,
            "gross_margin": 21.19,
            "gross_margin_4q_avg": 13.41,
            "net_income": -9254,
            "revenue": 38890,
            "common_shares": 180000,
            "book_valuer_per_share": 2.8,
            "book_valuer_per_share_4q_avg": 2.24,
            "equity": 50444,
            "current_ratio": 122.74,
            "debt_ratio": 64.65,
            "inventory_turnover_ratio": 0.78,
            "account_receivable_turnover_ratio": 2.1,
            "reinvestment_rate": null,
            "research_to_sale_ratio": 13.14,
            "price_fair": 0.12,
            "eps_avg_yearly": 0.04,
            "eps_latest_yearly": 0.04,
            "eps_growth_yearly": -266.67
        },
        "20192": {
            "year_quarter": 20192,
            "year": 2019,
            "quarter": 2,
            "eps": -0.51,
            "eps_growth_year": null,
            "eps_4q": -1.44,
            "eps_4q_growth_year": null,
            "roe": -10,
            "roe_4q": -57.800000000000004,
            "gross_profit": 7365,
            "gross_margin": 22.14,
            "gross_margin_4q_avg": 12.47,
            "net_income": -9307,
            "revenue": 33264,
            "common_shares": 270000,
            "book_valuer_per_share": 5.02,
            "book_valuer_per_share_4q_avg": 3.15,
            "equity": 135671,
            "current_ratio": 229.29,
            "debt_ratio": 38.2,
            "inventory_turnover_ratio": 0.69,
            "account_receivable_turnover_ratio": 1.59,
            "reinvestment_rate": null,
            "research_to_sale_ratio": 16.36,
            "price_fair": 0.12,
            "eps_avg_yearly": 0.04,
            "eps_latest_yearly": 0.04,
            "eps_growth_yearly": -266.67
        },
        "20193": {
            "year_quarter": 20193,
            "year": 2019,
            "quarter": 3,
            "eps": -0.11,
            "eps_growth_year": -222.22,
            "eps_4q": -1.73,
            "eps_4q_growth_year": null,
            "roe": -2.3,
            "roe_4q": -66.72,
            "gross_profit": 8032,
            "gross_margin": 20.75,
            "gross_margin_4q_avg": 10.78,
            "net_income": -3084,
            "revenue": 38714,
            "common_shares": 270000,
            "book_valuer_per_share": 4.91,
            "book_valuer_per_share_4q_avg": 4.01,
            "equity": 132591,
            "current_ratio": 401.97,
            "debt_ratio": 21.57,
            "inventory_turnover_ratio": 0.82,
            "account_receivable_turnover_ratio": 1.64,
            "reinvestment_rate": null,
            "research_to_sale_ratio": 9.35,
            "price_fair": 0.12,
            "eps_avg_yearly": 0.04,
            "eps_latest_yearly": 0.04,
            "eps_growth_yearly": -266.67
        },
        "20194": {
            "year_quarter": 20194,
            "year": 2019,
            "quarter": 4,
            "eps": -0.56,
            "eps_growth_year": null,
            "eps_4q": -1.36,
            "eps_4q_growth_year": null,
            "roe": -12.11,
            "roe_4q": -41.21,
            "gross_profit": 6889,
            "gross_margin": 16.34,
            "gross_margin_4q_avg": 20.11,
            "net_income": -15137,
            "revenue": 42153,
            "common_shares": 270000,
            "book_valuer_per_share": 4.35,
            "book_valuer_per_share_4q_avg": 4.27,
            "equity": 117421,
            "current_ratio": 365,
            "debt_ratio": 24.53,
            "inventory_turnover_ratio": 0.93,
            "account_receivable_turnover_ratio": 2.02,
            "reinvestment_rate": null,
            "research_to_sale_ratio": 10.24,
            "price_fair": 0.12,
            "eps_avg_yearly": 0.04,
            "eps_latest_yearly": 0.04,
            "eps_growth_yearly": -266.67
        },
        "20201": {
            "year_quarter": 20201,
            "year": 2020,
            "quarter": 1,
            "eps": 0.15,
            "eps_growth_year": null,
            "eps_4q": -0.87,
            "eps_4q_growth_year": null,
            "roe": 3.35,
            "roe_4q": -21.06,
            "gross_profit": 11453,
            "gross_margin": 31.91,
            "gross_margin_4q_avg": 22.79,
            "net_income": 4000,
            "revenue": 35894,
            "common_shares": 270000,
            "book_valuer_per_share": 4.5,
            "book_valuer_per_share_4q_avg": 4.7,
            "equity": 121401,
            "current_ratio": 529.2,
            "debt_ratio": 16.83,
            "inventory_turnover_ratio": 0.65,
            "account_receivable_turnover_ratio": 1.76,
            "reinvestment_rate": null,
            "research_to_sale_ratio": 8.08,
            "price_fair": 0.12,
            "eps_avg_yearly": 0.04,
            "eps_latest_yearly": 0.04,
            "eps_growth_yearly": -266.67
        },
        "20202": {
            "year_quarter": 20202,
            "year": 2020,
            "quarter": 2,
            "eps": 0.15,
            "eps_growth_year": null,
            "eps_4q": -0.38,
            "eps_4q_growth_year": null,
            "roe": 3.27,
            "roe_4q": -7.789999999999999,
            "gross_profit": 12430,
            "gross_margin": 28.22,
            "gross_margin_4q_avg": 24.31,
            "net_income": 4035,
            "revenue": 44045,
            "common_shares": 270000,
            "book_valuer_per_share": 4.65,
            "book_valuer_per_share_4q_avg": 4.6,
            "equity": 125439,
            "current_ratio": 467.54,
            "debt_ratio": 19.22,
            "inventory_turnover_ratio": 0.86,
            "account_receivable_turnover_ratio": 1.94,
            "reinvestment_rate": null,
            "research_to_sale_ratio": 5.98,
            "price_fair": 0.96,
            "eps_avg_yearly": 0.32,
            "eps_latest_yearly": 0.6,
            "eps_growth_yearly": -133.33
        },
        "20203": {
            "year_quarter": 20203,
            "year": 2020,
            "quarter": 3,
            "eps": 0.27,
            "eps_growth_year": null,
            "eps_4q": 0.01,
            "eps_4q_growth_year": null,
            "roe": 5.65,
            "roe_4q": 0.16000000000000014,
            "gross_profit": 17026,
            "gross_margin": 29.26,
            "gross_margin_4q_avg": 26.43,
            "net_income": 7288,
            "revenue": 58187,
            "common_shares": 270000,
            "book_valuer_per_share": 4.92,
            "book_valuer_per_share_4q_avg": 4.61,
            "equity": 132753,
            "current_ratio": 414.82,
            "debt_ratio": 21.89,
            "inventory_turnover_ratio": 1.1,
            "account_receivable_turnover_ratio": 2.45,
            "reinvestment_rate": null,
            "research_to_sale_ratio": 5.39,
            "price_fair": 29.4,
            "eps_avg_yearly": 0.84,
            "eps_latest_yearly": 1.08,
            "eps_growth_yearly": 160
        },
        "20204": {
            "year_quarter": 20204,
            "year": 2020,
            "quarter": 4,
            "eps": 0.18,
            "eps_growth_year": null,
            "eps_4q": 0.74,
            "eps_4q_growth_year": null,
            "roe": 3.54,
            "roe_4q": 15.81,
            "gross_profit": 15769,
            "gross_margin": 35.27,
            "gross_margin_4q_avg": 31.17,
            "net_income": 4785,
            "revenue": 44705,
            "common_shares": 270000,
            "book_valuer_per_share": 5.1,
            "book_valuer_per_share_4q_avg": 4.79,
            "equity": 137603,
            "current_ratio": 523.71,
            "debt_ratio": 17.23,
            "inventory_turnover_ratio": 0.83,
            "account_receivable_turnover_ratio": 2.06,
            "reinvestment_rate": null,
            "research_to_sale_ratio": 8.02,
            "price_fair": 28,
            "eps_avg_yearly": 0.8,
            "eps_latest_yearly": 0.72,
            "eps_growth_yearly": 62.22
        },
        "20211": {
            "year_quarter": 20211,
            "year": 2021,
            "quarter": 1,
            "eps": 0.26,
            "eps_growth_year": 73.33,
            "eps_4q": 0.86,
            "eps_4q_growth_year": null,
            "roe": 4.98,
            "roe_4q": 17.44,
            "gross_profit": 15209,
            "gross_margin": 35.95,
            "gross_margin_4q_avg": 32.18,
            "net_income": 7026,
            "revenue": 42304,
            "common_shares": 270000,
            "book_valuer_per_share": 5.36,
            "book_valuer_per_share_4q_avg": 5.01,
            "equity": 144587,
            "current_ratio": 492.87,
            "debt_ratio": 18.38,
            "inventory_turnover_ratio": 0.85,
            "account_receivable_turnover_ratio": 1.83,
            "reinvestment_rate": null,
            "research_to_sale_ratio": 8.22,
            "price_fair": 30.1,
            "eps_avg_yearly": 0.86,
            "eps_latest_yearly": 1.04,
            "eps_growth_yearly": 91.11
        },
        "20212": {
            "year_quarter": 20212,
            "year": 2021,
            "quarter": 2,
            "eps": 0.27,
            "eps_growth_year": 80,
            "eps_4q": 0.98,
            "eps_4q_growth_year": null,
            "roe": 4.94,
            "roe_4q": 19.11,
            "gross_profit": 16669,
            "gross_margin": 33.38,
            "gross_margin_4q_avg": 33.47,
            "net_income": 7322,
            "revenue": 49942,
            "common_shares": 270000,
            "book_valuer_per_share": 5.63,
            "book_valuer_per_share_4q_avg": 5.25,
            "equity": 151925,
            "current_ratio": 493.87,
            "debt_ratio": 18.45,
            "inventory_turnover_ratio": 1.03,
            "account_receivable_turnover_ratio": 1.98,
            "reinvestment_rate": null,
            "research_to_sale_ratio": 6.75,
            "price_fair": 31.64,
            "eps_avg_yearly": 0.9,
            "eps_latest_yearly": 1.08,
            "eps_growth_yearly": 75.97
        },
        "20213": {
            "year_quarter": 20213,
            "year": 2021,
            "quarter": 3,
            "eps": 0.2,
            "eps_growth_year": -25.93,
            "eps_4q": 0.48,
            "eps_4q_growth_year": 6859.65,
            "roe": 1.49,
            "roe_4q": 14.95,
            "gross_profit": 38963,
            "gross_margin": 16.8,
            "gross_margin_4q_avg": 30.35,
            "net_income": 2919,
            "revenue": 231902,
            "common_shares": 530000,
            "book_valuer_per_share": 4.48,
            "book_valuer_per_share_4q_avg": 5.14,
            "equity": 240104,
            "current_ratio": 136.18,
            "debt_ratio": 60.65,
            "inventory_turnover_ratio": 1.91,
            "account_receivable_turnover_ratio": 3.08,
            "reinvestment_rate": null,
            "research_to_sale_ratio": 6.89,
            "price_fair": 31.03,
            "eps_avg_yearly": 0.89,
            "eps_latest_yearly": 0.8,
            "eps_growth_yearly": 46.02
        },
        "20214": {
            "year_quarter": 20214,
            "year": 2021,
            "quarter": 4,
            "eps": 0.42,
            "eps_growth_year": 137.01,
            "eps_4q": 0.93,
            "eps_4q_growth_year": 24.26,
            "roe": 34.5,
            "roe_4q": 45.91,
            "gross_profit": 165155,
            "gross_margin": 37.18,
            "gross_margin_4q_avg": 30.83,
            "net_income": 77216,
            "revenue": 444157,
            "common_shares": 530000,
            "book_valuer_per_share": 5.01,
            "book_valuer_per_share_4q_avg": 5.12,
            "equity": 207481,
            "current_ratio": 93.94,
            "debt_ratio": 80.93,
            "inventory_turnover_ratio": 1.32,
            "account_receivable_turnover_ratio": 2.38,
            "reinvestment_rate": 265.78,
            "research_to_sale_ratio": 3.42,
            "price_fair": 35,
            "eps_avg_yearly": 1,
            "eps_latest_yearly": 1.68,
            "eps_growth_yearly": 102.3
        },
        "20221": {
            "year_quarter": 20221,
            "year": 2022,
            "quarter": 1,
            "eps": 1.07,
            "eps_growth_year": 311.54,
            "eps_4q": 1.39,
            "eps_4q_growth_year": 62.43,
            "roe": 10.31,
            "roe_4q": 51.24,
            "gross_profit": 108264,
            "gross_margin": 31.35,
            "gross_margin_4q_avg": 29.68,
            "net_income": 51946,
            "revenue": 345375,
            "common_shares": 630000,
            "book_valuer_per_share": 13.43,
            "book_valuer_per_share_4q_avg": 7.14,
            "equity": 800626,
            "current_ratio": 177.97,
            "debt_ratio": 46.66,
            "inventory_turnover_ratio": 0.89,
            "account_receivable_turnover_ratio": 1.38,
            "reinvestment_rate": 90.22,
            "research_to_sale_ratio": 3.62,
            "price_fair": 49.35,
            "eps_avg_yearly": 1.41,
            "eps_latest_yearly": 4.28,
            "eps_growth_yearly": 166.9
        },
        "20222": {
            "year_quarter": 20222,
            "year": 2022,
            "quarter": 2,
            "eps": 0.43,
            "eps_growth_year": 59.26,
            "eps_4q": 1.67,
            "eps_4q_growth_year": 70.94,
            "roe": 3.1,
            "roe_4q": 49.4,
            "gross_profit": 114054,
            "gross_margin": 31.17,
            "gross_margin_4q_avg": 29.13,
            "net_income": 25715,
            "revenue": 365910,
            "common_shares": 630000,
            "book_valuer_per_share": 14.18,
            "book_valuer_per_share_4q_avg": 9.28,
            "equity": 860039,
            "current_ratio": 207.46,
            "debt_ratio": 39.73,
            "inventory_turnover_ratio": 0.89,
            "account_receivable_turnover_ratio": 1.31,
            "reinvestment_rate": 66.07,
            "research_to_sale_ratio": 4.25,
            "price_fair": 50.56,
            "eps_avg_yearly": 1.44,
            "eps_latest_yearly": 1.72,
            "eps_growth_yearly": 121.77
        },
        "20223": {
            "year_quarter": 20223,
            "year": 2022,
            "quarter": 3,
            "eps": 1.7,
            "eps_growth_year": 750,
            "eps_4q": 3.93,
            "eps_4q_growth_year": 718.81,
            "roe": 7.42,
            "roe_4q": 55.33,
            "gross_profit": 130282,
            "gross_margin": 33.32,
            "gross_margin_4q_avg": 33.26,
            "net_income": 70139,
            "revenue": 390979,
            "common_shares": 420000,
            "book_valuer_per_share": 24.43,
            "book_valuer_per_share_4q_avg": 14.26,
            "equity": 1029542,
            "current_ratio": 302.94,
            "debt_ratio": 27.23,
            "inventory_turnover_ratio": 0.95,
            "account_receivable_turnover_ratio": 1.19,
            "reinvestment_rate": 44.64,
            "research_to_sale_ratio": 3.05,
            "price_fair": 69.3,
            "eps_avg_yearly": 1.98,
            "eps_latest_yearly": 6.8,
            "eps_growth_yearly": 227.73
        },
        "20224": {
            "year_quarter": 20224,
            "year": 2022,
            "quarter": 4,
            "eps": 0.78,
            "eps_growth_year": 85.35,
            "eps_4q": 4.3,
            "eps_4q_growth_year": 364.25,
            "roe": 3.14,
            "roe_4q": 23.97,
            "gross_profit": 109654,
            "gross_margin": 34.86,
            "gross_margin_4q_avg": 32.68,
            "net_income": 32852,
            "revenue": 314562,
            "common_shares": 420000,
            "book_valuer_per_share": 25.18,
            "book_valuer_per_share_4q_avg": 19.31,
            "equity": 1061028,
            "current_ratio": 305.95,
            "debt_ratio": 27.49,
            "inventory_turnover_ratio": 0.77,
            "account_receivable_turnover_ratio": 1,
            "reinvestment_rate": 33.37,
            "research_to_sale_ratio": 3.7,
            "price_fair": 72.93,
            "eps_avg_yearly": 2.08,
            "eps_latest_yearly": 3.12,
            "eps_growth_yearly": 187.35
        },
        "20231": {
            "year_quarter": 20231,
            "year": 2023,
            "quarter": 1,
            "eps": 2.01,
            "eps_growth_year": 87.85,
            "eps_4q": 5.07,
            "eps_4q_growth_year": 264.49,
            "roe": 7.66,
            "roe_4q": 21.32,
            "gross_profit": 157383,
            "gross_margin": 38.64,
            "gross_margin_4q_avg": 34.5,
            "net_income": 84555,
            "revenue": 407307,
            "common_shares": 420000,
            "book_valuer_per_share": 27.2,
            "book_valuer_per_share_4q_avg": 22.75,
            "equity": 1145917,
            "current_ratio": 260.84,
            "debt_ratio": 33.05,
            "inventory_turnover_ratio": 0.97,
            "account_receivable_turnover_ratio": 1.44,
            "reinvestment_rate": 24.69,
            "research_to_sale_ratio": 3.49,
            "price_fair": 90.3,
            "eps_avg_yearly": 2.58,
            "eps_latest_yearly": 8.04,
            "eps_growth_yearly": 224.3
        }
    },
    "months": {
        "2003-10": {
            "month": "2003-10",
            "price": "26.14",
            "revenue": 70224
        },
        "2003-11": {
            "month": "2003-11",
            "price": "29.47",
            "revenue": 73094
        },
        "2003-12": {
            "month": "2003-12",
            "price": "33.35",
            "revenue": 62424
        },
        "2004-01": {
            "month": "2004-01",
            "price": "31.97",
            "revenue": 63059
        },
        "2004-02": {
            "month": "2004-02",
            "price": "36.60",
            "revenue": 64069
        },
        "2004-03": {
            "month": "2004-03",
            "price": "35.59",
            "revenue": 72079
        },
        "2004-04": {
            "month": "2004-04",
            "price": "32.99",
            "revenue": 72527
        },
        "2004-05": {
            "month": "2004-05",
            "price": "22.72",
            "revenue": 80071
        },
        "2004-06": {
            "month": "2004-06",
            "price": "21.91",
            "revenue": 76884
        },
        "2004-07": {
            "month": "2004-07",
            "price": "18.87",
            "revenue": 65043
        },
        "2004-08": {
            "month": "2004-08",
            "price": "16.65",
            "revenue": 65112
        },
        "2004-09": {
            "month": "2004-09",
            "price": "15.82",
            "revenue": 67896
        },
        "2004-10": {
            "month": "2004-10",
            "price": "12.24",
            "revenue": 63217
        },
        "2004-11": {
            "month": "2004-11",
            "price": "10.76",
            "revenue": 67171
        },
        "2004-12": {
            "month": "2004-12",
            "price": "9.58",
            "revenue": 60463
        },
        "2005-01": {
            "month": "2005-01",
            "price": "8.91",
            "revenue": 65269
        },
        "2005-02": {
            "month": "2005-02",
            "price": "10.03",
            "revenue": 63434
        },
        "2005-03": {
            "month": "2005-03",
            "price": "12.13",
            "revenue": 73328
        },
        "2005-04": {
            "month": "2005-04",
            "price": "12.02",
            "revenue": 81031
        },
        "2005-05": {
            "month": "2005-05",
            "price": "15.50",
            "revenue": 102152
        },
        "2005-06": {
            "month": "2005-06",
            "price": "24.51",
            "revenue": 93361
        },
        "2005-07": {
            "month": "2005-07",
            "price": "25.76",
            "revenue": 72327
        },
        "2005-08": {
            "month": "2005-08",
            "price": "20.38",
            "revenue": 81418
        },
        "2005-09": {
            "month": "2005-09",
            "price": "20.18",
            "revenue": 94196
        },
        "2005-10": {
            "month": "2005-10",
            "price": "28.24",
            "revenue": 103371
        },
        "2005-11": {
            "month": "2005-11",
            "price": "35.89",
            "revenue": 104114
        },
        "2005-12": {
            "month": "2005-12",
            "price": "46.43",
            "revenue": 75674
        },
        "2006-01": {
            "month": "2006-01",
            "price": "46.77",
            "revenue": 66153
        },
        "2006-02": {
            "month": "2006-02",
            "price": "37.22",
            "revenue": 63733
        },
        "2006-03": {
            "month": "2006-03",
            "price": "40.38",
            "revenue": 74042
        },
        "2006-04": {
            "month": "2006-04",
            "price": "42.27",
            "revenue": 66667
        },
        "2006-05": {
            "month": "2006-05",
            "price": "37.83",
            "revenue": 70279
        },
        "2006-06": {
            "month": "2006-06",
            "price": "31.22",
            "revenue": 71845
        },
        "2006-07": {
            "month": "2006-07",
            "price": "27.54",
            "revenue": 66969
        },
        "2006-08": {
            "month": "2006-08",
            "price": "27.66",
            "revenue": 80227
        },
        "2006-09": {
            "month": "2006-09",
            "price": "29.45",
            "revenue": 80478
        },
        "2006-10": {
            "month": "2006-10",
            "price": "27.64",
            "revenue": 72212
        },
        "2006-11": {
            "month": "2006-11",
            "price": "24.71",
            "revenue": 58466
        },
        "2006-12": {
            "month": "2006-12",
            "price": "25.05",
            "revenue": 57718
        },
        "2007-01": {
            "month": "2007-01",
            "price": "28.62",
            "revenue": 42293
        },
        "2007-02": {
            "month": "2007-02",
            "price": "27.24",
            "revenue": 40524
        },
        "2007-03": {
            "month": "2007-03",
            "price": "28.77",
            "revenue": 47269
        },
        "2007-04": {
            "month": "2007-04",
            "price": "27.37",
            "revenue": 52069
        },
        "2007-05": {
            "month": "2007-05",
            "price": "24.61",
            "revenue": 61296
        },
        "2007-06": {
            "month": "2007-06",
            "price": "32.09",
            "revenue": 71299
        },
        "2007-07": {
            "month": "2007-07",
            "price": "36.06",
            "revenue": 81625
        },
        "2007-08": {
            "month": "2007-08",
            "price": "31.81",
            "revenue": 95166
        },
        "2007-09": {
            "month": "2007-09",
            "price": "33.04",
            "revenue": 107349
        },
        "2007-10": {
            "month": "2007-10",
            "price": "33.82",
            "revenue": 111283
        },
        "2007-11": {
            "month": "2007-11",
            "price": "28.11",
            "revenue": 101108
        },
        "2007-12": {
            "month": "2007-12",
            "price": "26.35",
            "revenue": 76555
        },
        "2008-01": {
            "month": "2008-01",
            "price": "22.32",
            "revenue": 62173
        },
        "2008-02": {
            "month": "2008-02",
            "price": "17.58",
            "revenue": 51071
        },
        "2008-03": {
            "month": "2008-03",
            "price": "18.94",
            "revenue": 63796
        },
        "2008-04": {
            "month": "2008-04",
            "price": "20.03",
            "revenue": 72152
        },
        "2008-05": {
            "month": "2008-05",
            "price": "21.55",
            "revenue": 70013
        },
        "2008-06": {
            "month": "2008-06",
            "price": "17.71",
            "revenue": 62008
        },
        "2008-07": {
            "month": "2008-07",
            "price": "13.04",
            "revenue": 43052
        },
        "2008-08": {
            "month": "2008-08",
            "price": "11.85",
            "revenue": 60326
        },
        "2008-09": {
            "month": "2008-09",
            "price": "8.44",
            "revenue": 73177
        },
        "2008-10": {
            "month": "2008-10",
            "price": "6.80",
            "revenue": 45416
        },
        "2008-11": {
            "month": "2008-11",
            "price": "5.80",
            "revenue": 28311
        },
        "2008-12": {
            "month": "2008-12",
            "price": "5.33",
            "revenue": 24826
        },
        "2009-01": {
            "month": "2009-01",
            "price": "5.79",
            "revenue": 25024
        },
        "2009-02": {
            "month": "2009-02",
            "price": "6.00",
            "revenue": 27218
        },
        "2009-03": {
            "month": "2009-03",
            "price": "7.58",
            "revenue": 34037
        },
        "2009-04": {
            "month": "2009-04",
            "price": "9.22",
            "revenue": 37513
        },
        "2009-05": {
            "month": "2009-05",
            "price": "10.26",
            "revenue": 30028
        },
        "2009-06": {
            "month": "2009-06",
            "price": "8.78",
            "revenue": 36114
        },
        "2009-07": {
            "month": "2009-07",
            "price": "9.30",
            "revenue": 45586
        },
        "2009-08": {
            "month": "2009-08",
            "price": "9.34",
            "revenue": 40036
        },
        "2009-09": {
            "month": "2009-09",
            "price": "9.90",
            "revenue": 46063
        },
        "2009-10": {
            "month": "2009-10",
            "price": "10.98",
            "revenue": 46133
        },
        "2009-11": {
            "month": "2009-11",
            "price": "10.79",
            "revenue": 38183
        },
        "2009-12": {
            "month": "2009-12",
            "price": "13.08",
            "revenue": 35223
        },
        "2010-01": {
            "month": "2010-01",
            "price": "18.05",
            "revenue": 42540
        },
        "2010-02": {
            "month": "2010-02",
            "price": "15.17",
            "revenue": 39049
        },
        "2010-03": {
            "month": "2010-03",
            "price": "16.97",
            "revenue": 47028
        },
        "2010-04": {
            "month": "2010-04",
            "price": "18.92",
            "revenue": 48016
        },
        "2010-05": {
            "month": "2010-05",
            "price": "16.79",
            "revenue": 42015
        },
        "2010-06": {
            "month": "2010-06",
            "price": "16.07",
            "revenue": 43340
        },
        "2010-07": {
            "month": "2010-07",
            "price": "16.68",
            "revenue": 48012
        },
        "2010-08": {
            "month": "2010-08",
            "price": "15.67",
            "revenue": 43046
        },
        "2010-09": {
            "month": "2010-09",
            "price": "14.38",
            "revenue": 45017
        },
        "2010-10": {
            "month": "2010-10",
            "price": "13.48",
            "revenue": 36782
        },
        "2010-11": {
            "month": "2010-11",
            "price": "10.47",
            "revenue": 34227
        },
        "2010-12": {
            "month": "2010-12",
            "price": "11.04",
            "revenue": 31212
        },
        "2011-01": {
            "month": "2011-01",
            "price": "11.12",
            "revenue": 20426
        },
        "2011-02": {
            "month": "2011-02",
            "price": "10.14",
            "revenue": 18007
        },
        "2011-03": {
            "month": "2011-03",
            "price": "9.17",
            "revenue": 28248
        },
        "2011-04": {
            "month": "2011-04",
            "price": "9.21",
            "revenue": 38019
        },
        "2011-05": {
            "month": "2011-05",
            "price": "8.87",
            "revenue": 35080
        },
        "2011-06": {
            "month": "2011-06",
            "price": "8.82",
            "revenue": 34005
        },
        "2011-07": {
            "month": "2011-07",
            "price": "7.66",
            "revenue": 30627
        },
        "2011-08": {
            "month": "2011-08",
            "price": "5.95",
            "revenue": 30347
        },
        "2011-09": {
            "month": "2011-09",
            "price": "5.39",
            "revenue": 30031
        },
        "2011-10": {
            "month": "2011-10",
            "price": "5.16",
            "revenue": 27179
        },
        "2011-11": {
            "month": "2011-11",
            "price": "5.77",
            "revenue": 28052
        },
        "2011-12": {
            "month": "2011-12",
            "price": "5.02",
            "revenue": 27960
        },
        "2012-01": {
            "month": "2012-01",
            "price": "4.84",
            "revenue": 30116
        },
        "2012-02": {
            "month": "2012-02",
            "price": "5.94",
            "revenue": 31653
        },
        "2012-03": {
            "month": "2012-03",
            "price": "5.88",
            "revenue": 32020
        },
        "2012-04": {
            "month": "2012-04",
            "price": "5.09",
            "revenue": 34017
        },
        "2012-05": {
            "month": "2012-05",
            "price": "3.39",
            "revenue": 31662
        },
        "2012-06": {
            "month": "2012-06",
            "price": "2.56",
            "revenue": 32536
        },
        "2012-07": {
            "month": "2012-07",
            "price": "2.71",
            "revenue": 34187
        },
        "2012-08": {
            "month": "2012-08",
            "price": "2.06",
            "revenue": 35107
        },
        "2012-09": {
            "month": "2012-09",
            "price": "2.17",
            "revenue": 36104
        },
        "2012-10": {
            "month": "2012-10",
            "price": "2.19",
            "revenue": 37579
        },
        "2012-11": {
            "month": "2012-11",
            "price": "2.13",
            "revenue": 38119
        },
        "2012-12": {
            "month": "2012-12",
            "price": "2.15",
            "revenue": 33727
        },
        "2013-01": {
            "month": "2013-01",
            "price": "2.20",
            "revenue": 34146
        },
        "2013-02": {
            "month": "2013-02",
            "price": "2.27",
            "revenue": 26114
        },
        "2013-03": {
            "month": "2013-03",
            "price": "2.12",
            "revenue": 30007
        },
        "2013-04": {
            "month": "2013-04",
            "price": "2.12",
            "revenue": 31947
        },
        "2013-05": {
            "month": "2013-05",
            "price": "2.35",
            "revenue": 32543
        },
        "2013-06": {
            "month": "2013-06",
            "price": "2.83",
            "revenue": 31329
        },
        "2013-07": {
            "month": "2013-07",
            "price": "2.57",
            "revenue": 32103
        },
        "2013-08": {
            "month": "2013-08",
            "price": "2.30",
            "revenue": 28139
        },
        "2013-09": {
            "month": "2013-09",
            "price": "4.88",
            "revenue": 28333
        },
        "2013-10": {
            "month": "2013-10",
            "price": "5.10",
            "revenue": 28515
        },
        "2013-11": {
            "month": "2013-11",
            "price": "4.29",
            "revenue": 26525
        },
        "2013-12": {
            "month": "2013-12",
            "price": "3.56",
            "revenue": 20317
        },
        "2014-01": {
            "month": "2014-01",
            "price": "4.10",
            "revenue": 23240
        },
        "2014-02": {
            "month": "2014-02",
            "price": "4.77",
            "revenue": 23644
        },
        "2014-03": {
            "month": "2014-03",
            "price": "4.61",
            "revenue": 26125
        },
        "2014-04": {
            "month": "2014-04",
            "price": "4.07",
            "revenue": 28408
        },
        "2014-05": {
            "month": "2014-05",
            "price": "4.26",
            "revenue": 26226
        },
        "2014-06": {
            "month": "2014-06",
            "price": "4.52",
            "revenue": 24339
        },
        "2014-07": {
            "month": "2014-07",
            "price": "4.28",
            "revenue": 26054
        },
        "2014-08": {
            "month": "2014-08",
            "price": "4.10",
            "revenue": 26427
        },
        "2014-09": {
            "month": "2014-09",
            "price": "4.03",
            "revenue": 25043
        },
        "2014-10": {
            "month": "2014-10",
            "price": "3.72",
            "revenue": 24272
        },
        "2014-11": {
            "month": "2014-11",
            "price": "3.58",
            "revenue": 21914
        },
        "2014-12": {
            "month": "2014-12",
            "price": "4.05",
            "revenue": 15010
        },
        "2015-01": {
            "month": "2015-01",
            "price": "3.89",
            "revenue": 20596
        },
        "2015-02": {
            "month": "2015-02",
            "price": "3.96",
            "revenue": 18004
        },
        "2015-03": {
            "month": "2015-03",
            "price": "4.04",
            "revenue": 20311
        },
        "2015-04": {
            "month": "2015-04",
            "price": "4.01",
            "revenue": 27325
        },
        "2015-05": {
            "month": "2015-05",
            "price": "3.85",
            "revenue": 24930
        },
        "2015-06": {
            "month": "2015-06",
            "price": "3.19",
            "revenue": 18716
        },
        "2015-07": {
            "month": "2015-07",
            "price": "3.42",
            "revenue": 19131
        },
        "2015-08": {
            "month": "2015-08",
            "price": "3.52",
            "revenue": 20191
        },
        "2015-09": {
            "month": "2015-09",
            "price": "3.15",
            "revenue": 18120
        },
        "2015-10": {
            "month": "2015-10",
            "price": "2.77",
            "revenue": 19363
        },
        "2015-11": {
            "month": "2015-11",
            "price": "2.72",
            "revenue": 21002
        },
        "2015-12": {
            "month": "2015-12",
            "price": "2.62",
            "revenue": 16222
        },
        "2016-01": {
            "month": "2016-01",
            "price": "2.33",
            "revenue": 18040
        },
        "2016-02": {
            "month": "2016-02",
            "price": "2.61",
            "revenue": 16526
        },
        "2016-03": {
            "month": "2016-03",
            "price": "2.29",
            "revenue": 19677
        },
        "2016-04": {
            "month": "2016-04",
            "price": "2.23",
            "revenue": 20347
        },
        "2016-05": {
            "month": "2016-05",
            "price": "1.82",
            "revenue": 21347
        },
        "2016-06": {
            "month": "2016-06",
            "price": "1.84",
            "revenue": 22808
        },
        "2016-07": {
            "month": "2016-07",
            "price": "1.93",
            "revenue": 20608
        },
        "2016-08": {
            "month": "2016-08",
            "price": "1.94",
            "revenue": 21141
        },
        "2016-09": {
            "month": "2016-09",
            "price": "2.31",
            "revenue": 22437
        },
        "2016-10": {
            "month": "2016-10",
            "price": "2.53",
            "revenue": 14381
        },
        "2016-11": {
            "month": "2016-11",
            "price": "2.66",
            "revenue": 17865
        },
        "2016-12": {
            "month": "2016-12",
            "price": "2.93",
            "revenue": 17433
        },
        "2017-01": {
            "month": "2017-01",
            "price": "3.24",
            "revenue": 16172
        },
        "2017-02": {
            "month": "2017-02",
            "price": "3.08",
            "revenue": 16723
        },
        "2017-03": {
            "month": "2017-03",
            "price": "3.40",
            "revenue": 17566
        },
        "2017-04": {
            "month": "2017-04",
            "price": "3.04",
            "revenue": 18215
        },
        "2017-05": {
            "month": "2017-05",
            "price": "2.65",
            "revenue": 17433
        },
        "2017-06": {
            "month": "2017-06",
            "price": "2.08",
            "revenue": 16041
        },
        "2017-07": {
            "month": "2017-07",
            "price": "2.44",
            "revenue": 16889
        },
        "2017-08": {
            "month": "2017-08",
            "price": "2.44",
            "revenue": 16825
        },
        "2017-09": {
            "month": "2017-09",
            "price": "4.17",
            "revenue": 17014
        },
        "2017-10": {
            "month": "2017-10",
            "price": "4.75",
            "revenue": 15553
        },
        "2017-11": {
            "month": "2017-11",
            "price": "4.60",
            "revenue": 12216
        },
        "2017-12": {
            "month": "2017-12",
            "price": "4.65",
            "revenue": 13030
        },
        "2018-01": {
            "month": "2018-01",
            "price": "3.83",
            "revenue": 12425
        },
        "2018-02": {
            "month": "2018-02",
            "price": "3.61",
            "revenue": 11563
        },
        "2018-03": {
            "month": "2018-03",
            "price": "3.84",
            "revenue": 11031
        },
        "2018-04": {
            "month": "2018-04",
            "price": "6.75",
            "revenue": 12686
        },
        "2018-05": {
            "month": "2018-05",
            "price": "6.43",
            "revenue": 13615
        },
        "2018-06": {
            "month": "2018-06",
            "price": "5.32",
            "revenue": 15039
        },
        "2018-07": {
            "month": "2018-07",
            "price": "6.01",
            "revenue": 15380
        },
        "2018-08": {
            "month": "2018-08",
            "price": "5.74",
            "revenue": 12012
        },
        "2018-09": {
            "month": "2018-09",
            "price": "6.21",
            "revenue": 12084
        },
        "2018-10": {
            "month": "2018-10",
            "price": "5.13",
            "revenue": 10141
        },
        "2018-11": {
            "month": "2018-11",
            "price": "4.92",
            "revenue": 10278
        },
        "2018-12": {
            "month": "2018-12",
            "price": "4.92",
            "revenue": 7687
        },
        "2019-01": {
            "month": "2019-01",
            "price": "5.26",
            "revenue": 10055
        },
        "2019-02": {
            "month": "2019-02",
            "price": "5.82",
            "revenue": 10338
        },
        "2019-03": {
            "month": "2019-03",
            "price": "13.85",
            "revenue": 18498
        },
        "2019-04": {
            "month": "2019-04",
            "price": "12.45",
            "revenue": 10282
        },
        "2019-05": {
            "month": "2019-05",
            "price": "12.66",
            "revenue": 10324
        },
        "2019-06": {
            "month": "2019-06",
            "price": "11.38",
            "revenue": 12658
        },
        "2019-07": {
            "month": "2019-07",
            "price": "12.86",
            "revenue": 17592
        },
        "2019-08": {
            "month": "2019-08",
            "price": "15.94",
            "revenue": 10196
        },
        "2019-09": {
            "month": "2019-09",
            "price": "15.97",
            "revenue": 10925
        },
        "2019-10": {
            "month": "2019-10",
            "price": "14.49",
            "revenue": 12008
        },
        "2019-11": {
            "month": "2019-11",
            "price": "13.06",
            "revenue": 12910
        },
        "2019-12": {
            "month": "2019-12",
            "price": "11.68",
            "revenue": 17235
        },
        "2020-01": {
            "month": "2020-01",
            "price": "12.40",
            "revenue": 12811
        },
        "2020-02": {
            "month": "2020-02",
            "price": "11.66",
            "revenue": 11568
        },
        "2020-03": {
            "month": "2020-03",
            "price": "13.22",
            "revenue": 11516
        },
        "2020-04": {
            "month": "2020-04",
            "price": "15.15",
            "revenue": 12660
        },
        "2020-05": {
            "month": "2020-05",
            "price": "16.50",
            "revenue": 17615
        },
        "2020-06": {
            "month": "2020-06",
            "price": "17.24",
            "revenue": 13770
        },
        "2020-07": {
            "month": "2020-07",
            "price": "18.57",
            "revenue": 18448
        },
        "2020-08": {
            "month": "2020-08",
            "price": "18.77",
            "revenue": 23164
        },
        "2020-09": {
            "month": "2020-09",
            "price": "17.03",
            "revenue": 16575
        },
        "2020-10": {
            "month": "2020-10",
            "price": "16.87",
            "revenue": 16010
        },
        "2020-11": {
            "month": "2020-11",
            "price": "18.48",
            "revenue": 16088
        },
        "2020-12": {
            "month": "2020-12",
            "price": "17.81",
            "revenue": 12608
        },
        "2021-01": {
            "month": "2021-01",
            "price": "16.19",
            "revenue": 14569
        },
        "2021-02": {
            "month": "2021-02",
            "price": "16.38",
            "revenue": 11992
        },
        "2021-03": {
            "month": "2021-03",
            "price": "22.86",
            "revenue": 15744
        },
        "2021-04": {
            "month": "2021-04",
            "price": "28.19",
            "revenue": 14485
        },
        "2021-05": {
            "month": "2021-05",
            "price": "26.60",
            "revenue": 17047
        },
        "2021-06": {
            "month": "2021-06",
            "price": "26.39",
            "revenue": 18410
        },
        "2021-07": {
            "month": "2021-07",
            "price": "31.50",
            "revenue": 18178
        },
        "2021-08": {
            "month": "2021-08",
            "price": "37.43",
            "revenue": 21530
        },
        "2021-09": {
            "month": "2021-09",
            "price": "38.14",
            "revenue": 77867
        },
        "2021-10": {
            "month": "2021-10",
            "price": "40.81",
            "revenue": 63936
        },
        "2021-11": {
            "month": "2021-11",
            "price": "43.64",
            "revenue": 92204
        },
        "2021-12": {
            "month": "2021-12",
            "price": "42.22",
            "revenue": 83812
        },
        "2022-01": {
            "month": "2022-01",
            "price": "40.94",
            "revenue": 116085
        },
        "2022-02": {
            "month": "2022-02",
            "price": "41.57",
            "revenue": 100645
        },
        "2022-03": {
            "month": "2022-03",
            "price": "43.43",
            "revenue": 128633
        },
        "2022-04": {
            "month": "2022-04",
            "price": "63.54",
            "revenue": 113128
        },
        "2022-05": {
            "month": "2022-05",
            "price": "69.26",
            "revenue": 122941
        },
        "2022-06": {
            "month": "2022-06",
            "price": "56.20",
            "revenue": 129852
        },
        "2022-07": {
            "month": "2022-07",
            "price": "50.36",
            "revenue": 119628
        },
        "2022-08": {
            "month": "2022-08",
            "price": "56.53",
            "revenue": 139522
        },
        "2022-09": {
            "month": "2022-09",
            "price": "76.09",
            "revenue": 131829
        },
        "2022-10": {
            "month": "2022-10",
            "price": "99.16",
            "revenue": 101841
        },
        "2022-11": {
            "month": "2022-11",
            "price": "96.40",
            "revenue": 114761
        },
        "2022-12": {
            "month": "2022-12",
            "price": "99.54",
            "revenue": 97960
        },
        "2023-01": {
            "month": "2023-01",
            "price": "98.18",
            "revenue": 156254
        },
        "2023-02": {
            "month": "2023-02",
            "price": "99.66",
            "revenue": 118693
        },
        "2023-03": {
            "month": "2023-03",
            "price": "128.80",
            "revenue": 132360
        },
        "2023-04": {
            "month": "2023-04",
            "price": "144.32",
            "revenue": 147087
        },
        "2023-05": {
            "month": "2023-05",
            "price": "181.34",
            "revenue": 187784
        }
    }
}
