{
    "summary": {
        "stock_name": "迅德",
        "stock_id": "6292",
        "category": "電子零組件",
        "main_business": "工業電源, 通信設備, 電動車充電系統, LED燈具,<br>Inverter ,醫療設備,事務機器等應用之 電感器, 變壓器專業製造",
        "website_url": "http://www.axis.com.tw",
        "ceo": "蕭春桂",
        "pe_ratio": 15,
        "report_year_from": 2002,
        "report_year_to": 2023,
        "age": 21,
        "eps_negative_percentage": 5,
        "eps_growth_avg": {
            "last_all": 2.53,
            "last_2y": 4.07,
            "last_4y": 17.25,
            "last_8y": 12.18,
            "last_12y": 12.23,
            "last_16y": 6.97,
            "last_20y": null,
            "at_2006_last_3y": -8.75,
            "at_2007_last_3y": -6.23,
            "at_2008_last_3y": -16.1,
            "at_2009_last_3y": -15.83,
            "at_2010_last_3y": -0.93,
            "at_2011_last_3y": -16.17,
            "at_2012_last_3y": 17.4,
            "at_2013_last_3y": 12.34,
            "at_2014_last_3y": -0.63,
            "at_2015_last_3y": -4.6,
            "at_2016_last_3y": 10.88,
            "at_2017_last_3y": 5.85,
            "at_2018_last_3y": -5.98,
            "at_2019_last_3y": 28.42,
            "at_2020_last_3y": 5.97,
            "at_2021_last_3y": 26.91,
            "at_2022_last_3y": 28.05,
            "at_2023_last_3y": 28.05,
            "at_2006_last_all": -8.75,
            "at_2007_last_all": -2.19,
            "at_2008_last_all": -18.49,
            "at_2009_last_all": -18.49,
            "at_2010_last_all": -5.4,
            "at_2011_last_all": -7.43,
            "at_2012_last_all": -6.53,
            "at_2013_last_all": -6.16,
            "at_2014_last_all": -3.66,
            "at_2015_last_all": -6.49,
            "at_2016_last_all": -1.17,
            "at_2017_last_all": -2.73,
            "at_2018_last_all": -4.28,
            "at_2019_last_all": 2.24,
            "at_2020_last_all": 0.51,
            "at_2021_last_all": 3.86,
            "at_2022_last_all": 2.53,
            "at_2023_last_all": 2.53
        },
        "latest_eps": 2.95,
        "latest_price": 45.5,
        "latest_roe": 11.79,
        "latest_gross_margin": 32.43,
        "latest_equity": 1154383,
        "latest_revenue": 338391,
        "latest_gross_profit": 109728,
        "latest_net_income": 34044,
        "latest_debt_ratio": 47.19,
        "latest_current_ratio": 200.39,
        "latest_account_receivable_turnover_ratio": 1.22,
        "latest_inventory_turnover_ratio": 1.06,
        "latest_reinvestment_rate": 2.75,
        "latest_research_to_sale_ratio": 0.94
    },
    "eps_dividends": {
        "2001": {
            "cash": 0,
            "stock": 0,
            "eps": 0
        },
        "2002": {
            "cash": 0.5,
            "stock": 1,
            "eps": 3.29
        },
        "2003": {
            "cash": 1,
            "stock": 1.5,
            "eps": 3.75
        },
        "2004": {
            "cash": 1.43,
            "stock": 0.61,
            "eps": 1.48
        },
        "2005": {
            "cash": 1,
            "stock": 0,
            "eps": 1.23
        },
        "2006": {
            "cash": 0.3,
            "stock": 0.5,
            "eps": 1.58
        },
        "2007": {
            "cash": 0.6,
            "stock": 0.4,
            "eps": 1.96
        },
        "2008": {
            "cash": 1.2,
            "stock": 0.05,
            "eps": -1.09
        },
        "2009": {
            "cash": 0.41,
            "stock": 0,
            "eps": 2.05
        },
        "2010": {
            "cash": 1.6,
            "stock": 0,
            "eps": 3.55
        },
        "2011": {
            "cash": 2.9,
            "stock": 0,
            "eps": 2.78
        },
        "2012": {
            "cash": 1.5,
            "stock": 0,
            "eps": 2.8
        },
        "2013": {
            "cash": 2.5,
            "stock": 0,
            "eps": 2.72
        },
        "2014": {
            "cash": 3.2,
            "stock": 0,
            "eps": 3.3
        },
        "2015": {
            "cash": 3,
            "stock": 0,
            "eps": 2.06
        },
        "2016": {
            "cash": 2,
            "stock": 0,
            "eps": 3.35
        },
        "2017": {
            "cash": 3.2,
            "stock": 0,
            "eps": 2.58
        },
        "2018": {
            "cash": 2.3,
            "stock": 0,
            "eps": 1.91
        },
        "2019": {
            "cash": 2.3,
            "stock": 0,
            "eps": 4.27
        },
        "2020": {
            "cash": 3.5,
            "stock": 0,
            "eps": 3.11
        },
        "2021": {
            "cash": 2.7,
            "stock": 0,
            "eps": 5
        },
        "2022": {
            "cash": 3.6,
            "stock": 0,
            "eps": 3.93
        },
        "2023": {
            "cash": 3,
            "stock": 0,
            "eps": 0.73
        }
    },
    "dividends": {
        "2002-04-19": {
            "cash": 0.5,
            "stock": 1
        },
        "2003-06-16": {
            "cash": 1,
            "stock": 1.5
        },
        "2004-04-07": {
            "cash": 1.43,
            "stock": 0.61
        },
        "2005-04-08": {
            "cash": 1,
            "stock": 0
        },
        "2006-04-13": {
            "cash": 0.3,
            "stock": 0.5
        },
        "2007-04-12": {
            "cash": 0.6,
            "stock": 0.4
        },
        "2008-04-08": {
            "cash": 1.2,
            "stock": 0.05
        },
        "2009-03-31": {
            "cash": 0.41,
            "stock": 0
        },
        "2010-06-18": {
            "cash": 1.6,
            "stock": 0
        },
        "2011-06-17": {
            "cash": 2.9,
            "stock": 0
        },
        "2012-06-14": {
            "cash": 1.5,
            "stock": 0
        },
        "2013-06-14": {
            "cash": 2.5,
            "stock": 0
        },
        "2014-09-05": {
            "cash": 3.2,
            "stock": 0
        },
        "2015-09-04": {
            "cash": 3,
            "stock": 0
        },
        "2016-09-02": {
            "cash": 2,
            "stock": 0
        },
        "2017-08-30": {
            "cash": 3.2,
            "stock": 0
        },
        "2018-09-03": {
            "cash": 2.3,
            "stock": 0
        },
        "2019-08-20": {
            "cash": 2.3,
            "stock": 0
        },
        "2020-08-14": {
            "cash": 3.5,
            "stock": 0
        },
        "2021-08-06": {
            "cash": 2.7,
            "stock": 0
        },
        "2022-08-05": {
            "cash": 3.6,
            "stock": 0
        },
        "2023-03-03": {
            "cash": 3,
            "stock": 0
        }
    },
    "prices": {
        "200101": "無",
        "200102": "無",
        "200103": "無",
        "200104": "無",
        "200105": "無",
        "200106": "無",
        "200107": "無",
        "200108": "無",
        "200109": "無",
        "200110": "無",
        "200111": "無",
        "200112": "無",
        "200201": "無",
        "200202": "無",
        "200203": "無",
        "200204": "無",
        "200205": "無",
        "200206": "無",
        "200207": "無",
        "200208": "無",
        "200209": "無",
        "200210": "無",
        "200211": "無",
        "200212": "無",
        "200301": "無",
        "200302": "無",
        "200303": "無",
        "200304": "無",
        "200305": "無",
        "200306": "無",
        "200307": "無",
        "200308": "無",
        "200309": "無",
        "200310": "50.77",
        "200311": "42.70",
        "200312": "40.79",
        "200401": "38.50",
        "200402": "40.70",
        "200403": "37.36",
        "200404": "33.89",
        "200405": "25.50",
        "200406": "28.88",
        "200407": "27.65",
        "200408": "19.26",
        "200409": "16.16",
        "200410": "17.02",
        "200411": "15.46",
        "200412": "15.04",
        "200501": "14.33",
        "200502": "15.59",
        "200503": "16.38",
        "200504": "14.96",
        "200505": "13.83",
        "200506": "13.80",
        "200507": "14.17",
        "200508": "11.97",
        "200509": "12.04",
        "200510": "11.82",
        "200511": "11.99",
        "200512": "12.55",
        "200601": "13.99",
        "200602": "13.28",
        "200603": "12.21",
        "200604": "14.49",
        "200605": "16.92",
        "200606": "14.24",
        "200607": "14.20",
        "200608": "13.84",
        "200609": "13.82",
        "200610": "15.81",
        "200611": "16.19",
        "200612": "21.10",
        "200701": "24.99",
        "200702": "22.81",
        "200703": "22.01",
        "200704": "24.60",
        "200705": "27.56",
        "200706": "28.00",
        "200707": "30.91",
        "200708": "29.21",
        "200709": "29.43",
        "200710": "27.64",
        "200711": "24.01",
        "200712": "21.82",
        "200801": "20.05",
        "200802": "20.09",
        "200803": "21.77",
        "200804": "22.31",
        "200805": "21.63",
        "200806": "19.39",
        "200807": "18.09",
        "200808": "15.97",
        "200809": "12.96",
        "200810": "12.39",
        "200811": "11.09",
        "200812": "10.46",
        "200901": "10.17",
        "200902": "9.78",
        "200903": "9.87",
        "200904": "11.42",
        "200905": "11.84",
        "200906": "12.20",
        "200907": "13.66",
        "200908": "16.61",
        "200909": "17.77",
        "200910": "19.72",
        "200911": "20.70",
        "200912": "23.50",
        "201001": "26.13",
        "201002": "24.46",
        "201003": "26.92",
        "201004": "32.75",
        "201005": "31.28",
        "201006": "29.60",
        "201007": "29.75",
        "201008": "30.80",
        "201009": "30.31",
        "201010": "29.41",
        "201011": "32.09",
        "201012": "34.27",
        "201101": "34.50",
        "201102": "33.54",
        "201103": "33.82",
        "201104": "34.83",
        "201105": "36.17",
        "201106": "34.80",
        "201107": "33.96",
        "201108": "26.15",
        "201109": "23.88",
        "201110": "22.64",
        "201111": "22.82",
        "201112": "22.47",
        "201201": "25.32",
        "201202": "26.01",
        "201203": "26.48",
        "201204": "22.85",
        "201205": "22.61",
        "201206": "21.89",
        "201207": "22.25",
        "201208": "23.18",
        "201209": "24.18",
        "201210": "22.97",
        "201211": "21.97",
        "201212": "22.24",
        "201301": "22.55",
        "201302": "23.53",
        "201303": "24.92",
        "201304": "27.34",
        "201305": "28.04",
        "201306": "28.34",
        "201307": "28.32",
        "201308": "27.07",
        "201309": "28.91",
        "201310": "28.55",
        "201311": "27.83",
        "201312": "32.07",
        "201401": "33.18",
        "201402": "32.62",
        "201403": "35.80",
        "201404": "36.05",
        "201405": "32.55",
        "201406": "33.85",
        "201407": "34.75",
        "201408": "33.84",
        "201409": "29.74",
        "201410": "28.28",
        "201411": "27.98",
        "201412": "28.10",
        "201501": "30.32",
        "201502": "30.57",
        "201503": "33.80",
        "201504": "35.61",
        "201505": "33.87",
        "201506": "32.08",
        "201507": "31.75",
        "201508": "28.66",
        "201509": "27.61",
        "201510": "28.80",
        "201511": "28.59",
        "201512": "27.79",
        "201601": "27.23",
        "201602": "28.21",
        "201603": "29.27",
        "201604": "27.78",
        "201605": "27.07",
        "201606": "27.24",
        "201607": "28.13",
        "201608": "27.73",
        "201609": "27.30",
        "201610": "27.24",
        "201611": "27.97",
        "201612": "28.85",
        "201701": "31.59",
        "201702": "32.20",
        "201703": "35.63",
        "201704": "35.30",
        "201705": "34.62",
        "201706": "35.06",
        "201707": "35.88",
        "201708": "32.49",
        "201709": "31.51",
        "201710": "32.28",
        "201711": "32.23",
        "201712": "31.95",
        "201801": "31.45",
        "201802": "31.10",
        "201803": "31.95",
        "201804": "31.83",
        "201805": "30.11",
        "201806": "30.07",
        "201807": "29.88",
        "201808": "30.09",
        "201809": "29.01",
        "201810": "27.73",
        "201811": "28.77",
        "201812": "29.67",
        "201901": "29.50",
        "201902": "30.00",
        "201903": "30.58",
        "201904": "30.35",
        "201905": "31.31",
        "201906": "31.50",
        "201907": "32.29",
        "201908": "31.25",
        "201909": "31.46",
        "201910": "31.27",
        "201911": "34.34",
        "201912": "34.41",
        "202001": "34.50",
        "202002": "34.89",
        "202003": "36.13",
        "202004": "37.29",
        "202005": "36.20",
        "202006": "36.38",
        "202007": "36.07",
        "202008": "33.29",
        "202009": "34.70",
        "202010": "33.98",
        "202011": "34.66",
        "202012": "36.02",
        "202101": "36.18",
        "202102": "36.42",
        "202103": "38.44",
        "202104": "40.58",
        "202105": "39.59",
        "202106": "40.67",
        "202107": "40.65",
        "202108": "40.46",
        "202109": "40.52",
        "202110": "42.08",
        "202111": "43.21",
        "202112": "43.23",
        "202201": "43.91",
        "202202": "45.41",
        "202203": "46.97",
        "202204": "46.36",
        "202205": "46.89",
        "202206": "48.45",
        "202207": "44.68",
        "202208": "39.85",
        "202209": "38.13",
        "202210": "36.29",
        "202211": "38.24",
        "202212": "39.35",
        "202301": "40.33",
        "202302": "41.45",
        "202303": "43.73",
        "202304": "44.61",
        "202305": "44.84",
        "202306": "45.31"
    },
    "quarters": {
        "20011": {
            "year_quarter": 20011,
            "year": 2001,
            "quarter": 1,
            "eps": null,
            "eps_growth_year": null,
            "eps_4q": null,
            "eps_4q_growth_year": null,
            "roe": null,
            "roe_4q": 0,
            "gross_profit": null,
            "gross_margin": null,
            "gross_margin_4q_avg": 0,
            "net_income": null,
            "revenue": null,
            "common_shares": null,
            "book_valuer_per_share": null,
            "book_valuer_per_share_4q_avg": 0,
            "equity": null,
            "current_ratio": null,
            "debt_ratio": null,
            "inventory_turnover_ratio": null,
            "account_receivable_turnover_ratio": null,
            "reinvestment_rate": null,
            "research_to_sale_ratio": null,
            "price_fair": 0,
            "eps_avg_yearly": 0,
            "eps_latest_yearly": 0,
            "eps_growth_yearly": 0
        },
        "20012": {
            "year_quarter": 20012,
            "year": 2001,
            "quarter": 2,
            "eps": null,
            "eps_growth_year": null,
            "eps_4q": null,
            "eps_4q_growth_year": null,
            "roe": null,
            "roe_4q": 0,
            "gross_profit": null,
            "gross_margin": null,
            "gross_margin_4q_avg": 0,
            "net_income": null,
            "revenue": null,
            "common_shares": null,
            "book_valuer_per_share": null,
            "book_valuer_per_share_4q_avg": 0,
            "equity": null,
            "current_ratio": null,
            "debt_ratio": null,
            "inventory_turnover_ratio": null,
            "account_receivable_turnover_ratio": null,
            "reinvestment_rate": null,
            "research_to_sale_ratio": null,
            "price_fair": 0,
            "eps_avg_yearly": 0,
            "eps_latest_yearly": 0,
            "eps_growth_yearly": 0
        },
        "20013": {
            "year_quarter": 20013,
            "year": 2001,
            "quarter": 3,
            "eps": null,
            "eps_growth_year": null,
            "eps_4q": null,
            "eps_4q_growth_year": null,
            "roe": null,
            "roe_4q": 0,
            "gross_profit": null,
            "gross_margin": null,
            "gross_margin_4q_avg": 0,
            "net_income": null,
            "revenue": null,
            "common_shares": null,
            "book_valuer_per_share": null,
            "book_valuer_per_share_4q_avg": 0,
            "equity": null,
            "current_ratio": null,
            "debt_ratio": null,
            "inventory_turnover_ratio": null,
            "account_receivable_turnover_ratio": null,
            "reinvestment_rate": null,
            "research_to_sale_ratio": null,
            "price_fair": 0,
            "eps_avg_yearly": 0,
            "eps_latest_yearly": 0,
            "eps_growth_yearly": 0
        },
        "20014": {
            "year_quarter": 20014,
            "year": 2001,
            "quarter": 4,
            "eps": null,
            "eps_growth_year": null,
            "eps_4q": null,
            "eps_4q_growth_year": null,
            "roe": null,
            "roe_4q": 0,
            "gross_profit": null,
            "gross_margin": null,
            "gross_margin_4q_avg": 0,
            "net_income": null,
            "revenue": null,
            "common_shares": 260000,
            "book_valuer_per_share": 13.36,
            "book_valuer_per_share_4q_avg": 3.34,
            "equity": 347415,
            "current_ratio": 98.83,
            "debt_ratio": 46.52,
            "inventory_turnover_ratio": null,
            "account_receivable_turnover_ratio": null,
            "reinvestment_rate": null,
            "research_to_sale_ratio": null,
            "price_fair": 0,
            "eps_avg_yearly": 0,
            "eps_latest_yearly": 0,
            "eps_growth_yearly": 0
        },
        "20021": {
            "year_quarter": 20021,
            "year": 2002,
            "quarter": 1,
            "eps": 1.59,
            "eps_growth_year": null,
            "eps_4q": null,
            "eps_4q_growth_year": null,
            "roe": 11.22,
            "roe_4q": 11.22,
            "gross_profit": 42332,
            "gross_margin": 30.31,
            "gross_margin_4q_avg": 7.58,
            "net_income": 41248,
            "revenue": 139682,
            "common_shares": 260000,
            "book_valuer_per_share": 14.92,
            "book_valuer_per_share_4q_avg": 7.07,
            "equity": 387916,
            "current_ratio": 114.95,
            "debt_ratio": 39.85,
            "inventory_turnover_ratio": 3.05,
            "account_receivable_turnover_ratio": null,
            "reinvestment_rate": null,
            "research_to_sale_ratio": null,
            "price_fair": 0,
            "eps_avg_yearly": 0,
            "eps_latest_yearly": 0,
            "eps_growth_yearly": 0
        },
        "20022": {
            "year_quarter": 20022,
            "year": 2002,
            "quarter": 2,
            "eps": 1.7,
            "eps_growth_year": null,
            "eps_4q": null,
            "eps_4q_growth_year": null,
            "roe": 10.53,
            "roe_4q": 21.75,
            "gross_profit": 56143,
            "gross_margin": 31.64,
            "gross_margin_4q_avg": 15.49,
            "net_income": 51537,
            "revenue": 177416,
            "common_shares": 345800,
            "book_valuer_per_share": 17.08,
            "book_valuer_per_share_4q_avg": 11.34,
            "equity": 590635,
            "current_ratio": 254.91,
            "debt_ratio": 23.09,
            "inventory_turnover_ratio": 18.74,
            "account_receivable_turnover_ratio": null,
            "reinvestment_rate": null,
            "research_to_sale_ratio": null,
            "price_fair": 238,
            "eps_avg_yearly": 6.8,
            "eps_latest_yearly": 6.8,
            "eps_growth_yearly": 27.67
        },
        "20023": {
            "year_quarter": 20023,
            "year": 2002,
            "quarter": 3,
            "eps": null,
            "eps_growth_year": null,
            "eps_4q": null,
            "eps_4q_growth_year": null,
            "roe": null,
            "roe_4q": 21.75,
            "gross_profit": null,
            "gross_margin": null,
            "gross_margin_4q_avg": 15.49,
            "net_income": null,
            "revenue": null,
            "common_shares": null,
            "book_valuer_per_share": null,
            "book_valuer_per_share_4q_avg": 11.34,
            "equity": null,
            "current_ratio": null,
            "debt_ratio": null,
            "inventory_turnover_ratio": null,
            "account_receivable_turnover_ratio": null,
            "reinvestment_rate": null,
            "research_to_sale_ratio": null,
            "price_fair": 238,
            "eps_avg_yearly": 6.8,
            "eps_latest_yearly": 6.8,
            "eps_growth_yearly": 27.67
        },
        "20024": {
            "year_quarter": 20024,
            "year": 2002,
            "quarter": 4,
            "eps": null,
            "eps_growth_year": null,
            "eps_4q": null,
            "eps_4q_growth_year": null,
            "roe": null,
            "roe_4q": 21.75,
            "gross_profit": null,
            "gross_margin": null,
            "gross_margin_4q_avg": 15.49,
            "net_income": null,
            "revenue": null,
            "common_shares": 380380,
            "book_valuer_per_share": 16.96,
            "book_valuer_per_share_4q_avg": 12.24,
            "equity": 644983,
            "current_ratio": 260.64,
            "debt_ratio": 25.62,
            "inventory_turnover_ratio": null,
            "account_receivable_turnover_ratio": null,
            "reinvestment_rate": null,
            "research_to_sale_ratio": null,
            "price_fair": 238,
            "eps_avg_yearly": 6.8,
            "eps_latest_yearly": 6.8,
            "eps_growth_yearly": 27.67
        },
        "20031": {
            "year_quarter": 20031,
            "year": 2003,
            "quarter": 1,
            "eps": 1.46,
            "eps_growth_year": -8.18,
            "eps_4q": null,
            "eps_4q_growth_year": null,
            "roe": 8.23,
            "roe_4q": 18.759999999999998,
            "gross_profit": 65951,
            "gross_margin": 35.23,
            "gross_margin_4q_avg": 16.72,
            "net_income": 55348,
            "revenue": 187186,
            "common_shares": 380380,
            "book_valuer_per_share": 18.41,
            "book_valuer_per_share_4q_avg": 13.11,
            "equity": 700331,
            "current_ratio": 289.01,
            "debt_ratio": 21.25,
            "inventory_turnover_ratio": 4.83,
            "account_receivable_turnover_ratio": null,
            "reinvestment_rate": null,
            "research_to_sale_ratio": null,
            "price_fair": 238,
            "eps_avg_yearly": 6.8,
            "eps_latest_yearly": 6.8,
            "eps_growth_yearly": 27.67
        },
        "20032": {
            "year_quarter": 20032,
            "year": 2003,
            "quarter": 2,
            "eps": 0.79,
            "eps_growth_year": -53.53,
            "eps_4q": null,
            "eps_4q_growth_year": null,
            "roe": 4.32,
            "roe_4q": 12.55,
            "gross_profit": 68361,
            "gross_margin": 34.11,
            "gross_margin_4q_avg": 17.34,
            "net_income": 29920,
            "revenue": 200385,
            "common_shares": 380380,
            "book_valuer_per_share": 17.99,
            "book_valuer_per_share_4q_avg": 13.34,
            "equity": 684210,
            "current_ratio": 278.46,
            "debt_ratio": 23.25,
            "inventory_turnover_ratio": 72.92,
            "account_receivable_turnover_ratio": null,
            "reinvestment_rate": null,
            "research_to_sale_ratio": null,
            "price_fair": 14.94,
            "eps_avg_yearly": 4.98,
            "eps_latest_yearly": 3.16,
            "eps_growth_yearly": -77.94
        },
        "20033": {
            "year_quarter": 20033,
            "year": 2003,
            "quarter": 3,
            "eps": 0.76,
            "eps_growth_year": null,
            "eps_4q": null,
            "eps_4q_growth_year": null,
            "roe": 4.75,
            "roe_4q": 17.3,
            "gross_profit": 56417,
            "gross_margin": 26.31,
            "gross_margin_4q_avg": 23.91,
            "net_income": 33296,
            "revenue": 214399,
            "common_shares": 440000,
            "book_valuer_per_share": 16.31,
            "book_valuer_per_share_4q_avg": 17.42,
            "equity": 717504,
            "current_ratio": 413.41,
            "debt_ratio": 16.49,
            "inventory_turnover_ratio": 93.12,
            "account_receivable_turnover_ratio": null,
            "reinvestment_rate": null,
            "research_to_sale_ratio": null,
            "price_fair": 13,
            "eps_avg_yearly": 4.33,
            "eps_latest_yearly": 3.04,
            "eps_growth_yearly": -57.03
        },
        "20034": {
            "year_quarter": 20034,
            "year": 2003,
            "quarter": 4,
            "eps": 0.74,
            "eps_growth_year": null,
            "eps_4q": 3.44,
            "eps_4q_growth_year": null,
            "roe": 4.45,
            "roe_4q": 21.75,
            "gross_profit": 43111,
            "gross_margin": 22.36,
            "gross_margin_4q_avg": 29.5,
            "net_income": 32544,
            "revenue": 192810,
            "common_shares": 440000,
            "book_valuer_per_share": 16.94,
            "book_valuer_per_share_4q_avg": 17.41,
            "equity": 745383,
            "current_ratio": 312.3,
            "debt_ratio": 26.48,
            "inventory_turnover_ratio": 2.92,
            "account_receivable_turnover_ratio": null,
            "reinvestment_rate": null,
            "research_to_sale_ratio": null,
            "price_fair": 11.97,
            "eps_avg_yearly": 3.99,
            "eps_latest_yearly": 2.96,
            "eps_growth_yearly": -45.4
        },
        "20041": {
            "year_quarter": 20041,
            "year": 2004,
            "quarter": 1,
            "eps": 0.48,
            "eps_growth_year": -67.12,
            "eps_4q": 2.66,
            "eps_4q_growth_year": null,
            "roe": 2.8,
            "roe_4q": 16.32,
            "gross_profit": 65864,
            "gross_margin": 32.37,
            "gross_margin_4q_avg": 28.79,
            "net_income": 21102,
            "revenue": 203489,
            "common_shares": 440000,
            "book_valuer_per_share": 17.32,
            "book_valuer_per_share_4q_avg": 17.14,
            "equity": 761914,
            "current_ratio": 231.48,
            "debt_ratio": 24.38,
            "inventory_turnover_ratio": 2.35,
            "account_receivable_turnover_ratio": null,
            "reinvestment_rate": null,
            "research_to_sale_ratio": null,
            "price_fair": 10.73,
            "eps_avg_yearly": 3.58,
            "eps_latest_yearly": 1.92,
            "eps_growth_yearly": -64.43
        },
        "20042": {
            "year_quarter": 20042,
            "year": 2004,
            "quarter": 2,
            "eps": -0.09,
            "eps_growth_year": -111.39,
            "eps_4q": 1.88,
            "eps_4q_growth_year": null,
            "roe": -0.55,
            "roe_4q": 11.45,
            "gross_profit": 72283,
            "gross_margin": 32.35,
            "gross_margin_4q_avg": 28.35,
            "net_income": -4008,
            "revenue": 223464,
            "common_shares": 440000,
            "book_valuer_per_share": 15.59,
            "book_valuer_per_share_4q_avg": 16.54,
            "equity": 685895,
            "current_ratio": 167.2,
            "debt_ratio": 31.97,
            "inventory_turnover_ratio": 8.53,
            "account_receivable_turnover_ratio": null,
            "reinvestment_rate": null,
            "research_to_sale_ratio": null,
            "price_fair": 10.73,
            "eps_avg_yearly": 3.58,
            "eps_latest_yearly": 1.92,
            "eps_growth_yearly": -64.43
        },
        "20043": {
            "year_quarter": 20043,
            "year": 2004,
            "quarter": 3,
            "eps": 1.1,
            "eps_growth_year": 44.74,
            "eps_4q": 2.17,
            "eps_4q_growth_year": null,
            "roe": 7.28,
            "roe_4q": 13.98,
            "gross_profit": 75024,
            "gross_margin": 28.81,
            "gross_margin_4q_avg": 28.97,
            "net_income": 51200,
            "revenue": 260375,
            "common_shares": 459860,
            "book_valuer_per_share": 15.66,
            "book_valuer_per_share_4q_avg": 16.38,
            "equity": 719964,
            "current_ratio": 181.64,
            "debt_ratio": 28.2,
            "inventory_turnover_ratio": 8.31,
            "account_receivable_turnover_ratio": null,
            "reinvestment_rate": null,
            "research_to_sale_ratio": null,
            "price_fair": 10.73,
            "eps_avg_yearly": 3.58,
            "eps_latest_yearly": 1.92,
            "eps_growth_yearly": -64.43
        },
        "20044": {
            "year_quarter": 20044,
            "year": 2004,
            "quarter": 4,
            "eps": -0.01,
            "eps_growth_year": -101.35,
            "eps_4q": 1.47,
            "eps_4q_growth_year": -57.22,
            "roe": -0.04,
            "roe_4q": 9.49,
            "gross_profit": 40490,
            "gross_margin": 17.04,
            "gross_margin_4q_avg": 27.64,
            "net_income": -252,
            "revenue": 237549,
            "common_shares": 459860,
            "book_valuer_per_share": 15.34,
            "book_valuer_per_share_4q_avg": 15.98,
            "equity": 705274,
            "current_ratio": 171.5,
            "debt_ratio": 35.1,
            "inventory_turnover_ratio": 2.31,
            "account_receivable_turnover_ratio": null,
            "reinvestment_rate": null,
            "research_to_sale_ratio": null,
            "price_fair": 10.73,
            "eps_avg_yearly": 3.58,
            "eps_latest_yearly": 1.92,
            "eps_growth_yearly": -64.43
        },
        "20051": {
            "year_quarter": 20051,
            "year": 2005,
            "quarter": 1,
            "eps": 0.02,
            "eps_growth_year": -95.83,
            "eps_4q": 1.31,
            "eps_4q_growth_year": -50.8,
            "roe": 0.1,
            "roe_4q": 6.79,
            "gross_profit": 43412,
            "gross_margin": 20.4,
            "gross_margin_4q_avg": 24.65,
            "net_income": 729,
            "revenue": 212825,
            "common_shares": 459860,
            "book_valuer_per_share": 15.41,
            "book_valuer_per_share_4q_avg": 15.5,
            "equity": 708870,
            "current_ratio": 179.37,
            "debt_ratio": 22.98,
            "inventory_turnover_ratio": 1.88,
            "account_receivable_turnover_ratio": null,
            "reinvestment_rate": null,
            "research_to_sale_ratio": null,
            "price_fair": 10.73,
            "eps_avg_yearly": 3.58,
            "eps_latest_yearly": 1.92,
            "eps_growth_yearly": -64.43
        },
        "20052": {
            "year_quarter": 20052,
            "year": 2005,
            "quarter": 2,
            "eps": 0.32,
            "eps_growth_year": null,
            "eps_4q": 1.43,
            "eps_4q_growth_year": -24.09,
            "roe": 2.14,
            "roe_4q": 9.48,
            "gross_profit": 44176,
            "gross_margin": 20.42,
            "gross_margin_4q_avg": 21.67,
            "net_income": 14887,
            "revenue": 216325,
            "common_shares": 459860,
            "book_valuer_per_share": 14.91,
            "book_valuer_per_share_4q_avg": 15.33,
            "equity": 685533,
            "current_ratio": 119.98,
            "debt_ratio": 31.6,
            "inventory_turnover_ratio": 5.49,
            "account_receivable_turnover_ratio": null,
            "reinvestment_rate": null,
            "research_to_sale_ratio": null,
            "price_fair": 111.77,
            "eps_avg_yearly": 3.19,
            "eps_latest_yearly": 1.28,
            "eps_growth_yearly": 946.31
        },
        "20053": {
            "year_quarter": 20053,
            "year": 2005,
            "quarter": 3,
            "eps": 0.4,
            "eps_growth_year": -63.64,
            "eps_4q": 0.73,
            "eps_4q_growth_year": -66.29,
            "roe": 2.64,
            "roe_4q": 4.84,
            "gross_profit": 43426,
            "gross_margin": 20.09,
            "gross_margin_4q_avg": 19.49,
            "net_income": 18602,
            "revenue": 216111,
            "common_shares": 459860,
            "book_valuer_per_share": 15.79,
            "book_valuer_per_share_4q_avg": 15.36,
            "equity": 725987,
            "current_ratio": 129.95,
            "debt_ratio": 25.89,
            "inventory_turnover_ratio": 6.49,
            "account_receivable_turnover_ratio": null,
            "reinvestment_rate": null,
            "research_to_sale_ratio": null,
            "price_fair": 103.8,
            "eps_avg_yearly": 2.97,
            "eps_latest_yearly": 1.6,
            "eps_growth_yearly": 825.41
        },
        "20054": {
            "year_quarter": 20054,
            "year": 2005,
            "quarter": 4,
            "eps": 0.49,
            "eps_growth_year": null,
            "eps_4q": 1.24,
            "eps_4q_growth_year": -15.77,
            "roe": 3.01,
            "roe_4q": 7.890000000000001,
            "gross_profit": 42571,
            "gross_margin": 18.49,
            "gross_margin_4q_avg": 19.85,
            "net_income": 22412,
            "revenue": 230208,
            "common_shares": 459860,
            "book_valuer_per_share": 16.06,
            "book_valuer_per_share_4q_avg": 15.54,
            "equity": 761188,
            "current_ratio": 186.48,
            "debt_ratio": 31.26,
            "inventory_turnover_ratio": 1.92,
            "account_receivable_turnover_ratio": null,
            "reinvestment_rate": null,
            "research_to_sale_ratio": null,
            "price_fair": 99.4,
            "eps_avg_yearly": 2.84,
            "eps_latest_yearly": 1.96,
            "eps_growth_yearly": 733.48
        },
        "20061": {
            "year_quarter": 20061,
            "year": 2006,
            "quarter": 1,
            "eps": 0.35,
            "eps_growth_year": 1650,
            "eps_4q": 1.58,
            "eps_4q_growth_year": 20.88,
            "roe": 2.1,
            "roe_4q": 9.89,
            "gross_profit": 38707,
            "gross_margin": 17.49,
            "gross_margin_4q_avg": 19.12,
            "net_income": 15896,
            "revenue": 221281,
            "common_shares": 459860,
            "book_valuer_per_share": 16.36,
            "book_valuer_per_share_4q_avg": 15.78,
            "equity": 752460,
            "current_ratio": 165.47,
            "debt_ratio": 22.72,
            "inventory_turnover_ratio": 1.83,
            "account_receivable_turnover_ratio": null,
            "reinvestment_rate": null,
            "research_to_sale_ratio": null,
            "price_fair": 93.8,
            "eps_avg_yearly": 2.68,
            "eps_latest_yearly": 1.4,
            "eps_growth_yearly": 639.29
        },
        "20062": {
            "year_quarter": 20062,
            "year": 2006,
            "quarter": 2,
            "eps": 0.3,
            "eps_growth_year": -6.25,
            "eps_4q": 1.55,
            "eps_4q_growth_year": 8.25,
            "roe": 1.82,
            "roe_4q": 9.57,
            "gross_profit": 45450,
            "gross_margin": 19.63,
            "gross_margin_4q_avg": 18.93,
            "net_income": 13671,
            "revenue": 231528,
            "common_shares": 459860,
            "book_valuer_per_share": 16.26,
            "book_valuer_per_share_4q_avg": 16.12,
            "equity": 747659,
            "current_ratio": 150.62,
            "debt_ratio": 22.52,
            "inventory_turnover_ratio": 5.15,
            "account_receivable_turnover_ratio": null,
            "reinvestment_rate": null,
            "research_to_sale_ratio": null,
            "price_fair": 72.02,
            "eps_avg_yearly": 2.06,
            "eps_latest_yearly": 1.2,
            "eps_growth_yearly": 629.86
        },
        "20063": {
            "year_quarter": 20063,
            "year": 2006,
            "quarter": 3,
            "eps": 0.5,
            "eps_growth_year": 25,
            "eps_4q": 1.57,
            "eps_4q_growth_year": 115.03,
            "roe": 3.17,
            "roe_4q": 10.1,
            "gross_profit": 45885,
            "gross_margin": 16.95,
            "gross_margin_4q_avg": 18.14,
            "net_income": 24278,
            "revenue": 270721,
            "common_shares": 482853,
            "book_valuer_per_share": 16.23,
            "book_valuer_per_share_4q_avg": 16.23,
            "equity": 783474,
            "current_ratio": 150.04,
            "debt_ratio": 25.18,
            "inventory_turnover_ratio": 5.83,
            "account_receivable_turnover_ratio": null,
            "reinvestment_rate": null,
            "research_to_sale_ratio": null,
            "price_fair": 71.82,
            "eps_avg_yearly": 2.05,
            "eps_latest_yearly": 2,
            "eps_growth_yearly": 593.54
        },
        "20064": {
            "year_quarter": 20064,
            "year": 2006,
            "quarter": 4,
            "eps": 0.43,
            "eps_growth_year": -12.24,
            "eps_4q": 1.55,
            "eps_4q_growth_year": 25.08,
            "roe": 2.58,
            "roe_4q": 9.67,
            "gross_profit": 40927,
            "gross_margin": 14.14,
            "gross_margin_4q_avg": 17.05,
            "net_income": 20698,
            "revenue": 289442,
            "common_shares": 482853,
            "book_valuer_per_share": 16.62,
            "book_valuer_per_share_4q_avg": 16.37,
            "equity": 818125,
            "current_ratio": 178.63,
            "debt_ratio": 34.61,
            "inventory_turnover_ratio": 1.98,
            "account_receivable_turnover_ratio": null,
            "reinvestment_rate": 37.7,
            "research_to_sale_ratio": null,
            "price_fair": 70.76,
            "eps_avg_yearly": 2.02,
            "eps_latest_yearly": 1.72,
            "eps_growth_yearly": 534.49
        },
        "20071": {
            "year_quarter": 20071,
            "year": 2007,
            "quarter": 1,
            "eps": 0.66,
            "eps_growth_year": 88.57,
            "eps_4q": 1.88,
            "eps_4q_growth_year": 18.68,
            "roe": 3.83,
            "roe_4q": 11.4,
            "gross_profit": 48225,
            "gross_margin": 18.56,
            "gross_margin_4q_avg": 17.32,
            "net_income": 31826,
            "revenue": 259790,
            "common_shares": 482853,
            "book_valuer_per_share": 17.49,
            "book_valuer_per_share_4q_avg": 16.65,
            "equity": 844281,
            "current_ratio": 141.24,
            "debt_ratio": 31.52,
            "inventory_turnover_ratio": 1.72,
            "account_receivable_turnover_ratio": null,
            "reinvestment_rate": -20.33,
            "research_to_sale_ratio": null,
            "price_fair": 72.57,
            "eps_avg_yearly": 2.07,
            "eps_latest_yearly": 2.64,
            "eps_growth_yearly": 507.78
        },
        "20072": {
            "year_quarter": 20072,
            "year": 2007,
            "quarter": 2,
            "eps": 0.71,
            "eps_growth_year": 136.67,
            "eps_4q": 2.3,
            "eps_4q_growth_year": 48.29,
            "roe": 4.07,
            "roe_4q": 13.65,
            "gross_profit": 63289,
            "gross_margin": 21.21,
            "gross_margin_4q_avg": 17.72,
            "net_income": 34364,
            "revenue": 298366,
            "common_shares": 482853,
            "book_valuer_per_share": 17.48,
            "book_valuer_per_share_4q_avg": 16.96,
            "equity": 844145,
            "current_ratio": 146.79,
            "debt_ratio": 31.99,
            "inventory_turnover_ratio": 7.05,
            "account_receivable_turnover_ratio": null,
            "reinvestment_rate": -19.93,
            "research_to_sale_ratio": null,
            "price_fair": 71.63,
            "eps_avg_yearly": 2.05,
            "eps_latest_yearly": 2.84,
            "eps_growth_yearly": 525.6
        },
        "20073": {
            "year_quarter": 20073,
            "year": 2007,
            "quarter": 3,
            "eps": 0.62,
            "eps_growth_year": 24,
            "eps_4q": 2.35,
            "eps_4q_growth_year": 49.87,
            "roe": 3.6,
            "roe_4q": 14.08,
            "gross_profit": 54173,
            "gross_margin": 15.77,
            "gross_margin_4q_avg": 17.42,
            "net_income": 31072,
            "revenue": 343626,
            "common_shares": 502167,
            "book_valuer_per_share": 17.58,
            "book_valuer_per_share_4q_avg": 17.29,
            "equity": 882744,
            "current_ratio": 143.8,
            "debt_ratio": 34.7,
            "inventory_turnover_ratio": 7.63,
            "account_receivable_turnover_ratio": null,
            "reinvestment_rate": -19.35,
            "research_to_sale_ratio": null,
            "price_fair": 70,
            "eps_avg_yearly": 2,
            "eps_latest_yearly": 2.48,
            "eps_growth_yearly": 522.64
        },
        "20074": {
            "year_quarter": 20074,
            "year": 2007,
            "quarter": 4,
            "eps": -0.03,
            "eps_growth_year": -106.98,
            "eps_4q": 1.89,
            "eps_4q_growth_year": 21.86,
            "roe": -0.19,
            "roe_4q": 11.31,
            "gross_profit": 59041,
            "gross_margin": 18.37,
            "gross_margin_4q_avg": 18.48,
            "net_income": -1751,
            "revenue": 321485,
            "common_shares": 502167,
            "book_valuer_per_share": 18.43,
            "book_valuer_per_share_4q_avg": 17.75,
            "equity": 925244,
            "current_ratio": 269.14,
            "debt_ratio": 29.07,
            "inventory_turnover_ratio": 2.42,
            "account_receivable_turnover_ratio": null,
            "reinvestment_rate": -29.55,
            "research_to_sale_ratio": null,
            "price_fair": 66.95,
            "eps_avg_yearly": 1.91,
            "eps_latest_yearly": 2.48,
            "eps_growth_yearly": 571.11
        },
        "20081": {
            "year_quarter": 20081,
            "year": 2008,
            "quarter": 1,
            "eps": 0.34,
            "eps_growth_year": -48.48,
            "eps_4q": 1.63,
            "eps_4q_growth_year": -13.15,
            "roe": 1.81,
            "roe_4q": 9.290000000000001,
            "gross_profit": 101934,
            "gross_margin": 34.07,
            "gross_margin_4q_avg": 22.36,
            "net_income": 16791,
            "revenue": 299186,
            "common_shares": 502167,
            "book_valuer_per_share": 18.43,
            "book_valuer_per_share_4q_avg": 17.98,
            "equity": 925277,
            "current_ratio": 321.28,
            "debt_ratio": 24.63,
            "inventory_turnover_ratio": 1.06,
            "account_receivable_turnover_ratio": null,
            "reinvestment_rate": 4.5,
            "research_to_sale_ratio": null,
            "price_fair": 66.92,
            "eps_avg_yearly": 1.91,
            "eps_latest_yearly": 2.48,
            "eps_growth_yearly": 642.28
        },
        "20082": {
            "year_quarter": 20082,
            "year": 2008,
            "quarter": 2,
            "eps": 0.27,
            "eps_growth_year": -61.97,
            "eps_4q": 1.21,
            "eps_4q_growth_year": -47.24,
            "roe": 1.48,
            "roe_4q": 6.7,
            "gross_profit": 98833,
            "gross_margin": 28.99,
            "gross_margin_4q_avg": 24.3,
            "net_income": 13221,
            "revenue": 340884,
            "common_shares": 502167,
            "book_valuer_per_share": 17.23,
            "book_valuer_per_share_4q_avg": 17.92,
            "equity": 865049,
            "current_ratio": 263.86,
            "debt_ratio": 29.66,
            "inventory_turnover_ratio": 1.25,
            "account_receivable_turnover_ratio": null,
            "reinvestment_rate": 4.12,
            "research_to_sale_ratio": null,
            "price_fair": 64.27,
            "eps_avg_yearly": 1.84,
            "eps_latest_yearly": 1.08,
            "eps_growth_yearly": 576.4
        },
        "20083": {
            "year_quarter": 20083,
            "year": 2008,
            "quarter": 3,
            "eps": 0.45,
            "eps_growth_year": -27.42,
            "eps_4q": 1,
            "eps_4q_growth_year": -57.34,
            "roe": 2.61,
            "roe_4q": 5.71,
            "gross_profit": 94401,
            "gross_margin": 30.77,
            "gross_margin_4q_avg": 28.05,
            "net_income": 22953,
            "revenue": 306806,
            "common_shares": 511677,
            "book_valuer_per_share": 17.52,
            "book_valuer_per_share_4q_avg": 17.9,
            "equity": 896332,
            "current_ratio": 274.47,
            "debt_ratio": 28.79,
            "inventory_turnover_ratio": 1.07,
            "account_receivable_turnover_ratio": null,
            "reinvestment_rate": 4.39,
            "research_to_sale_ratio": null,
            "price_fair": 64.17,
            "eps_avg_yearly": 1.83,
            "eps_latest_yearly": 1.8,
            "eps_growth_yearly": 550.59
        },
        "20084": {
            "year_quarter": 20084,
            "year": 2008,
            "quarter": 4,
            "eps": -2.15,
            "eps_growth_year": null,
            "eps_4q": -1.1,
            "eps_4q_growth_year": -158.29,
            "roe": -12.96,
            "roe_4q": -7.0600000000000005,
            "gross_profit": 69306,
            "gross_margin": 29.98,
            "gross_margin_4q_avg": 30.95,
            "net_income": -108906,
            "revenue": 231191,
            "common_shares": 511677,
            "book_valuer_per_share": 15.32,
            "book_valuer_per_share_4q_avg": 17.13,
            "equity": 783706,
            "current_ratio": 308.29,
            "debt_ratio": 22.81,
            "inventory_turnover_ratio": 0.9,
            "account_receivable_turnover_ratio": 1.91,
            "reinvestment_rate": -107.2,
            "research_to_sale_ratio": null,
            "price_fair": 64.17,
            "eps_avg_yearly": 1.83,
            "eps_latest_yearly": 1.8,
            "eps_growth_yearly": 550.59
        },
        "20091": {
            "year_quarter": 20091,
            "year": 2009,
            "quarter": 1,
            "eps": 0.36,
            "eps_growth_year": 5.88,
            "eps_4q": -1.06,
            "eps_4q_growth_year": -165.21,
            "roe": 2.31,
            "roe_4q": -6.5600000000000005,
            "gross_profit": 60796,
            "gross_margin": 31.55,
            "gross_margin_4q_avg": 30.32,
            "net_income": 18404,
            "revenue": 192682,
            "common_shares": 511677,
            "book_valuer_per_share": 15.86,
            "book_valuer_per_share_4q_avg": 16.48,
            "equity": 811602,
            "current_ratio": 370.89,
            "debt_ratio": 19.88,
            "inventory_turnover_ratio": 0.86,
            "account_receivable_turnover_ratio": 0.92,
            "reinvestment_rate": 0.78,
            "research_to_sale_ratio": null,
            "price_fair": 64.17,
            "eps_avg_yearly": 1.83,
            "eps_latest_yearly": 1.8,
            "eps_growth_yearly": 550.59
        },
        "20092": {
            "year_quarter": 20092,
            "year": 2009,
            "quarter": 2,
            "eps": 0.52,
            "eps_growth_year": 92.59,
            "eps_4q": -0.82,
            "eps_4q_growth_year": -167.41,
            "roe": 3.26,
            "roe_4q": -4.780000000000001,
            "gross_profit": 85970,
            "gross_margin": 34.86,
            "gross_margin_4q_avg": 31.79,
            "net_income": 26276,
            "revenue": 246606,
            "common_shares": 511677,
            "book_valuer_per_share": 15.67,
            "book_valuer_per_share_4q_avg": 16.09,
            "equity": 801910,
            "current_ratio": 335.93,
            "debt_ratio": 21.95,
            "inventory_turnover_ratio": 1.18,
            "account_receivable_turnover_ratio": 1.28,
            "reinvestment_rate": 4.83,
            "research_to_sale_ratio": null,
            "price_fair": 66.5,
            "eps_avg_yearly": 1.9,
            "eps_latest_yearly": 2.08,
            "eps_growth_yearly": 65.41
        },
        "20093": {
            "year_quarter": 20093,
            "year": 2009,
            "quarter": 3,
            "eps": 0.66,
            "eps_growth_year": 46.67,
            "eps_4q": -0.63,
            "eps_4q_growth_year": -162.3,
            "roe": 4.05,
            "roe_4q": -3.3400000000000016,
            "gross_profit": 87805,
            "gross_margin": 39.85,
            "gross_margin_4q_avg": 34.06,
            "net_income": 32974,
            "revenue": 220342,
            "common_shares": 488177,
            "book_valuer_per_share": 16.94,
            "book_valuer_per_share_4q_avg": 15.95,
            "equity": 826811,
            "current_ratio": 359.38,
            "debt_ratio": 21.08,
            "inventory_turnover_ratio": 1.04,
            "account_receivable_turnover_ratio": 1.03,
            "reinvestment_rate": 3.48,
            "research_to_sale_ratio": null,
            "price_fair": 69.53,
            "eps_avg_yearly": 1.99,
            "eps_latest_yearly": 2.64,
            "eps_growth_yearly": 66.05
        },
        "20094": {
            "year_quarter": 20094,
            "year": 2009,
            "quarter": 4,
            "eps": 0.51,
            "eps_growth_year": null,
            "eps_4q": 2.13,
            "eps_4q_growth_year": null,
            "roe": 2.96,
            "roe_4q": 12.58,
            "gross_profit": 86659,
            "gross_margin": 32.24,
            "gross_margin_4q_avg": 34.63,
            "net_income": 24893,
            "revenue": 268831,
            "common_shares": 488177,
            "book_valuer_per_share": 17.74,
            "book_valuer_per_share_4q_avg": 16.55,
            "equity": 853830,
            "current_ratio": 326.65,
            "debt_ratio": 23.13,
            "inventory_turnover_ratio": 1.38,
            "account_receivable_turnover_ratio": 1.8,
            "reinvestment_rate": -41.84,
            "research_to_sale_ratio": null,
            "price_fair": 69.77,
            "eps_avg_yearly": 1.99,
            "eps_latest_yearly": 2.04,
            "eps_growth_yearly": 50.97
        },
        "20101": {
            "year_quarter": 20101,
            "year": 2010,
            "quarter": 1,
            "eps": 0.41,
            "eps_growth_year": 13.89,
            "eps_4q": 2.12,
            "eps_4q_growth_year": null,
            "roe": 2.27,
            "roe_4q": 12.540000000000001,
            "gross_profit": 95911,
            "gross_margin": 35.1,
            "gross_margin_4q_avg": 35.51,
            "net_income": 19559,
            "revenue": 273216,
            "common_shares": 488177,
            "book_valuer_per_share": 17.99,
            "book_valuer_per_share_4q_avg": 17.09,
            "equity": 865711,
            "current_ratio": 289.3,
            "debt_ratio": 26.52,
            "inventory_turnover_ratio": 1.19,
            "account_receivable_turnover_ratio": 0.93,
            "reinvestment_rate": 67.44,
            "research_to_sale_ratio": 2.67,
            "price_fair": 70.47,
            "eps_avg_yearly": 2.01,
            "eps_latest_yearly": 1.64,
            "eps_growth_yearly": 53.96
        },
        "20102": {
            "year_quarter": 20102,
            "year": 2010,
            "quarter": 2,
            "eps": 0.83,
            "eps_growth_year": 59.74,
            "eps_4q": 2.44,
            "eps_4q_growth_year": null,
            "roe": 4.71,
            "roe_4q": 13.990000000000002,
            "gross_profit": 128406,
            "gross_margin": 33.33,
            "gross_margin_4q_avg": 35.13,
            "net_income": 39968,
            "revenue": 385226,
            "common_shares": 488177,
            "book_valuer_per_share": 17.3,
            "book_valuer_per_share_4q_avg": 17.49,
            "equity": 832248,
            "current_ratio": 217.68,
            "debt_ratio": 36.11,
            "inventory_turnover_ratio": 1.41,
            "account_receivable_turnover_ratio": 1.11,
            "reinvestment_rate": 58.81,
            "research_to_sale_ratio": 1.58,
            "price_fair": 76.65,
            "eps_avg_yearly": 2.19,
            "eps_latest_yearly": 3.32,
            "eps_growth_yearly": 92.87
        },
        "20103": {
            "year_quarter": 20103,
            "year": 2010,
            "quarter": 3,
            "eps": 1.36,
            "eps_growth_year": 105.38,
            "eps_4q": 3.11,
            "eps_4q_growth_year": null,
            "roe": 7.57,
            "roe_4q": 17.51,
            "gross_profit": 149905,
            "gross_margin": 33.32,
            "gross_margin_4q_avg": 33.5,
            "net_income": 65225,
            "revenue": 449938,
            "common_shares": 488177,
            "book_valuer_per_share": 18.49,
            "book_valuer_per_share_4q_avg": 17.88,
            "equity": 889908,
            "current_ratio": 246.46,
            "debt_ratio": 32.7,
            "inventory_turnover_ratio": 1.43,
            "account_receivable_turnover_ratio": 1.08,
            "reinvestment_rate": 52.66,
            "research_to_sale_ratio": 1.44,
            "price_fair": 86.68,
            "eps_avg_yearly": 2.48,
            "eps_latest_yearly": 5.44,
            "eps_growth_yearly": 91.93
        },
        "20104": {
            "year_quarter": 20104,
            "year": 2010,
            "quarter": 4,
            "eps": 0.95,
            "eps_growth_year": 85.69,
            "eps_4q": 3.54,
            "eps_4q_growth_year": 66.09,
            "roe": 5.06,
            "roe_4q": 19.61,
            "gross_profit": 148496,
            "gross_margin": 33.33,
            "gross_margin_4q_avg": 33.77,
            "net_income": 45568,
            "revenue": 445475,
            "common_shares": 488177,
            "book_valuer_per_share": 18.96,
            "book_valuer_per_share_4q_avg": 18.19,
            "equity": 912117,
            "current_ratio": 231.87,
            "debt_ratio": 35.31,
            "inventory_turnover_ratio": 1.35,
            "account_receivable_turnover_ratio": 1.03,
            "reinvestment_rate": -44.75,
            "research_to_sale_ratio": 1.3,
            "price_fair": 92.75,
            "eps_avg_yearly": 2.65,
            "eps_latest_yearly": 3.8,
            "eps_growth_yearly": 86.55
        },
        "20111": {
            "year_quarter": 20111,
            "year": 2011,
            "quarter": 1,
            "eps": 0.95,
            "eps_growth_year": 131.71,
            "eps_4q": 4.08,
            "eps_4q_growth_year": 92.08,
            "roe": 4.86,
            "roe_4q": 22.200000000000003,
            "gross_profit": 136544,
            "gross_margin": 33.15,
            "gross_margin_4q_avg": 33.28,
            "net_income": 45569,
            "revenue": 411865,
            "common_shares": 488177,
            "book_valuer_per_share": 19.99,
            "book_valuer_per_share_4q_avg": 18.69,
            "equity": 961936,
            "current_ratio": 259.75,
            "debt_ratio": 32.07,
            "inventory_turnover_ratio": 1.26,
            "account_receivable_turnover_ratio": 0.93,
            "reinvestment_rate": 45.99,
            "research_to_sale_ratio": 1.47,
            "price_fair": 96.13,
            "eps_avg_yearly": 2.75,
            "eps_latest_yearly": 3.8,
            "eps_growth_yearly": 68.72
        },
        "20112": {
            "year_quarter": 20112,
            "year": 2011,
            "quarter": 2,
            "eps": 0.69,
            "eps_growth_year": -16.44,
            "eps_4q": 3.94,
            "eps_4q_growth_year": 61.64,
            "roe": 3.69,
            "roe_4q": 21.18,
            "gross_profit": 130620,
            "gross_margin": 32.26,
            "gross_margin_4q_avg": 33.02,
            "net_income": 33396,
            "revenue": 404865,
            "common_shares": 481177,
            "book_valuer_per_share": 17.64,
            "book_valuer_per_share_4q_avg": 18.77,
            "equity": 848768,
            "current_ratio": 197.27,
            "debt_ratio": 41.95,
            "inventory_turnover_ratio": 1.31,
            "account_receivable_turnover_ratio": 0.94,
            "reinvestment_rate": 45.58,
            "research_to_sale_ratio": 1.75,
            "price_fair": 95.9,
            "eps_avg_yearly": 2.74,
            "eps_latest_yearly": 2.76,
            "eps_growth_yearly": 57.07
        },
        "20113": {
            "year_quarter": 20113,
            "year": 2011,
            "quarter": 3,
            "eps": 0.7,
            "eps_growth_year": -48.06,
            "eps_4q": 3.29,
            "eps_4q_growth_year": 5.86,
            "roe": 3.86,
            "roe_4q": 17.47,
            "gross_profit": 113484,
            "gross_margin": 32.43,
            "gross_margin_4q_avg": 32.79,
            "net_income": 33875,
            "revenue": 349894,
            "common_shares": 481177,
            "book_valuer_per_share": 18.8,
            "book_valuer_per_share_4q_avg": 18.85,
            "equity": 904423,
            "current_ratio": 259.41,
            "debt_ratio": 31.7,
            "inventory_turnover_ratio": 1.13,
            "account_receivable_turnover_ratio": 0.93,
            "reinvestment_rate": 46.78,
            "research_to_sale_ratio": 2.07,
            "price_fair": 96.83,
            "eps_avg_yearly": 2.77,
            "eps_latest_yearly": 2.8,
            "eps_growth_yearly": 61.78
        },
        "20114": {
            "year_quarter": 20114,
            "year": 2011,
            "quarter": 4,
            "eps": 0.44,
            "eps_growth_year": -53.77,
            "eps_4q": 2.79,
            "eps_4q_growth_year": -21.31,
            "roe": 2.33,
            "roe_4q": 14.739999999999998,
            "gross_profit": 98060,
            "gross_margin": 28.86,
            "gross_margin_4q_avg": 31.68,
            "net_income": 21044,
            "revenue": 339776,
            "common_shares": 481177,
            "book_valuer_per_share": 18.83,
            "book_valuer_per_share_4q_avg": 18.82,
            "equity": 905218,
            "current_ratio": 286.19,
            "debt_ratio": 30.05,
            "inventory_turnover_ratio": 1.14,
            "account_receivable_turnover_ratio": 0.96,
            "reinvestment_rate": 12.98,
            "research_to_sale_ratio": 2.22,
            "price_fair": 94.12,
            "eps_avg_yearly": 2.69,
            "eps_latest_yearly": 1.76,
            "eps_growth_yearly": 45.6
        },
        "20121": {
            "year_quarter": 20121,
            "year": 2012,
            "quarter": 1,
            "eps": 0.66,
            "eps_growth_year": -30.53,
            "eps_4q": 2.55,
            "eps_4q_growth_year": -37.45,
            "roe": 3.48,
            "roe_4q": 13.36,
            "gross_profit": 90160,
            "gross_margin": 27.63,
            "gross_margin_4q_avg": 30.3,
            "net_income": 31385,
            "revenue": 326361,
            "common_shares": 469007,
            "book_valuer_per_share": 19.12,
            "book_valuer_per_share_4q_avg": 18.6,
            "equity": 896822,
            "current_ratio": 321.09,
            "debt_ratio": 26.9,
            "inventory_turnover_ratio": 1.17,
            "account_receivable_turnover_ratio": 0.92,
            "reinvestment_rate": 13.1,
            "research_to_sale_ratio": 1.74,
            "price_fair": 94,
            "eps_avg_yearly": 2.69,
            "eps_latest_yearly": 2.64,
            "eps_growth_yearly": 56.63
        },
        "20122": {
            "year_quarter": 20122,
            "year": 2012,
            "quarter": 2,
            "eps": 0.65,
            "eps_growth_year": -6.14,
            "eps_4q": 2.49,
            "eps_4q_growth_year": -36.82,
            "roe": 3.48,
            "roe_4q": 13.149999999999999,
            "gross_profit": 108910,
            "gross_margin": 27.72,
            "gross_margin_4q_avg": 29.16,
            "net_income": 30553,
            "revenue": 392897,
            "common_shares": 469007,
            "book_valuer_per_share": 18.33,
            "book_valuer_per_share_4q_avg": 18.77,
            "equity": 859567,
            "current_ratio": 246.87,
            "debt_ratio": 34.61,
            "inventory_turnover_ratio": 1.4,
            "account_receivable_turnover_ratio": 1.05,
            "reinvestment_rate": 12.51,
            "research_to_sale_ratio": 1.38,
            "price_fair": 97.8,
            "eps_avg_yearly": 2.79,
            "eps_latest_yearly": 2.6,
            "eps_growth_yearly": 62.08
        },
        "20123": {
            "year_quarter": 20123,
            "year": 2012,
            "quarter": 3,
            "eps": 0.74,
            "eps_growth_year": 5.82,
            "eps_4q": 2.51,
            "eps_4q_growth_year": -23.63,
            "roe": 3.99,
            "roe_4q": 13.280000000000001,
            "gross_profit": 109715,
            "gross_margin": 27.47,
            "gross_margin_4q_avg": 27.92,
            "net_income": 34941,
            "revenue": 399332,
            "common_shares": 469007,
            "book_valuer_per_share": 19.03,
            "book_valuer_per_share_4q_avg": 18.83,
            "equity": 892733,
            "current_ratio": 274.66,
            "debt_ratio": 31.27,
            "inventory_turnover_ratio": 1.38,
            "account_receivable_turnover_ratio": 1.04,
            "reinvestment_rate": 11.79,
            "research_to_sale_ratio": 1.09,
            "price_fair": 100.7,
            "eps_avg_yearly": 2.88,
            "eps_latest_yearly": 2.96,
            "eps_growth_yearly": 46.99
        },
        "20124": {
            "year_quarter": 20124,
            "year": 2012,
            "quarter": 4,
            "eps": 0.75,
            "eps_growth_year": 71.66,
            "eps_4q": 2.82,
            "eps_4q_growth_year": 1.14,
            "roe": 3.87,
            "roe_4q": 14.82,
            "gross_profit": 112466,
            "gross_margin": 29.34,
            "gross_margin_4q_avg": 28.04,
            "net_income": 35248,
            "revenue": 383303,
            "common_shares": 469007,
            "book_valuer_per_share": 19.85,
            "book_valuer_per_share_4q_avg": 19.08,
            "equity": 931197,
            "current_ratio": 284.54,
            "debt_ratio": 29.29,
            "inventory_turnover_ratio": 1.33,
            "account_receivable_turnover_ratio": 1.06,
            "reinvestment_rate": 16.54,
            "research_to_sale_ratio": 0.86,
            "price_fair": 100.99,
            "eps_avg_yearly": 2.89,
            "eps_latest_yearly": 3,
            "eps_growth_yearly": 44.21
        },
        "20131": {
            "year_quarter": 20131,
            "year": 2013,
            "quarter": 1,
            "eps": 0.76,
            "eps_growth_year": 15.15,
            "eps_4q": 2.9,
            "eps_4q_growth_year": 13.81,
            "roe": 3.71,
            "roe_4q": 15.05,
            "gross_profit": 90825,
            "gross_margin": 29.93,
            "gross_margin_4q_avg": 28.62,
            "net_income": 35493,
            "revenue": 303477,
            "common_shares": 469007,
            "book_valuer_per_share": 20.91,
            "book_valuer_per_share_4q_avg": 19.53,
            "equity": 980703,
            "current_ratio": 309.2,
            "debt_ratio": 27.76,
            "inventory_turnover_ratio": 1.07,
            "account_receivable_turnover_ratio": 0.93,
            "reinvestment_rate": 16.1,
            "research_to_sale_ratio": 1.18,
            "price_fair": 101.33,
            "eps_avg_yearly": 2.9,
            "eps_latest_yearly": 3.04,
            "eps_growth_yearly": 41.78
        },
        "20132": {
            "year_quarter": 20132,
            "year": 2013,
            "quarter": 2,
            "eps": 0.57,
            "eps_growth_year": -12.5,
            "eps_4q": 2.83,
            "eps_4q_growth_year": 13.4,
            "roe": 2.86,
            "roe_4q": 14.430000000000001,
            "gross_profit": 100554,
            "gross_margin": 27.15,
            "gross_margin_4q_avg": 28.47,
            "net_income": 26832,
            "revenue": 370432,
            "common_shares": 469007,
            "book_valuer_per_share": 19.1,
            "book_valuer_per_share_4q_avg": 19.72,
            "equity": 895683,
            "current_ratio": 220.05,
            "debt_ratio": 37.44,
            "inventory_turnover_ratio": 1.4,
            "account_receivable_turnover_ratio": 1.27,
            "reinvestment_rate": 20.52,
            "research_to_sale_ratio": 0.99,
            "price_fair": 100.08,
            "eps_avg_yearly": 2.91,
            "eps_latest_yearly": 2.28,
            "eps_growth_yearly": 24.42
        },
        "20133": {
            "year_quarter": 20133,
            "year": 2013,
            "quarter": 3,
            "eps": 0.8,
            "eps_growth_year": 7.38,
            "eps_4q": 2.88,
            "eps_4q_growth_year": 14.49,
            "roe": 4.1,
            "roe_4q": 14.54,
            "gross_profit": 111079,
            "gross_margin": 29.96,
            "gross_margin_4q_avg": 29.1,
            "net_income": 37434,
            "revenue": 370760,
            "common_shares": 469007,
            "book_valuer_per_share": 19.83,
            "book_valuer_per_share_4q_avg": 19.92,
            "equity": 929994,
            "current_ratio": 268.66,
            "debt_ratio": 30.94,
            "inventory_turnover_ratio": 1.34,
            "account_receivable_turnover_ratio": 1.22,
            "reinvestment_rate": 20.96,
            "research_to_sale_ratio": 0.97,
            "price_fair": 102.99,
            "eps_avg_yearly": 2.94,
            "eps_latest_yearly": 3.2,
            "eps_growth_yearly": 27.78
        },
        "20134": {
            "year_quarter": 20134,
            "year": 2013,
            "quarter": 4,
            "eps": 0.59,
            "eps_growth_year": -21.16,
            "eps_4q": 2.72,
            "eps_4q_growth_year": -3.47,
            "roe": 2.94,
            "roe_4q": 13.61,
            "gross_profit": 100711,
            "gross_margin": 28.36,
            "gross_margin_4q_avg": 28.85,
            "net_income": 27788,
            "revenue": 355133,
            "common_shares": 469007,
            "book_valuer_per_share": 20.54,
            "book_valuer_per_share_4q_avg": 20.1,
            "equity": 963469,
            "current_ratio": 282.85,
            "debt_ratio": 30.03,
            "inventory_turnover_ratio": 1.16,
            "account_receivable_turnover_ratio": 1.18,
            "reinvestment_rate": 1.47,
            "research_to_sale_ratio": 1.05,
            "price_fair": 103.69,
            "eps_avg_yearly": 2.96,
            "eps_latest_yearly": 2.36,
            "eps_growth_yearly": 26.9
        },
        "20141": {
            "year_quarter": 20141,
            "year": 2014,
            "quarter": 1,
            "eps": 0.46,
            "eps_growth_year": -39.47,
            "eps_4q": 2.43,
            "eps_4q_growth_year": -16.51,
            "roe": 2.22,
            "roe_4q": 12.12,
            "gross_profit": 99040,
            "gross_margin": 28.87,
            "gross_margin_4q_avg": 28.59,
            "net_income": 21684,
            "revenue": 343013,
            "common_shares": 469007,
            "book_valuer_per_share": 21.03,
            "book_valuer_per_share_4q_avg": 20.13,
            "equity": 986089,
            "current_ratio": 299.55,
            "debt_ratio": 28.72,
            "inventory_turnover_ratio": 1.07,
            "account_receivable_turnover_ratio": 1.16,
            "reinvestment_rate": 2.42,
            "research_to_sale_ratio": 0.92,
            "price_fair": 104.13,
            "eps_avg_yearly": 2.98,
            "eps_latest_yearly": 1.84,
            "eps_growth_yearly": 26.29
        },
        "20142": {
            "year_quarter": 20142,
            "year": 2014,
            "quarter": 2,
            "eps": 0.88,
            "eps_growth_year": 54.39,
            "eps_4q": 2.73,
            "eps_4q_growth_year": -3.28,
            "roe": 4.45,
            "roe_4q": 13.709999999999999,
            "gross_profit": 122432,
            "gross_margin": 31.17,
            "gross_margin_4q_avg": 29.59,
            "net_income": 41266,
            "revenue": 392790,
            "common_shares": 469007,
            "book_valuer_per_share": 18.52,
            "book_valuer_per_share_4q_avg": 19.98,
            "equity": 868721,
            "current_ratio": 205.61,
            "debt_ratio": 40.38,
            "inventory_turnover_ratio": 1.24,
            "account_receivable_turnover_ratio": 1.29,
            "reinvestment_rate": 2.36,
            "research_to_sale_ratio": 0.84,
            "price_fair": 100.11,
            "eps_avg_yearly": 2.99,
            "eps_latest_yearly": 3.52,
            "eps_growth_yearly": 23.51
        },
        "20143": {
            "year_quarter": 20143,
            "year": 2014,
            "quarter": 3,
            "eps": 0.46,
            "eps_growth_year": -42.5,
            "eps_4q": 2.4,
            "eps_4q_growth_year": -16.72,
            "roe": 2.45,
            "roe_4q": 12.06,
            "gross_profit": 88890,
            "gross_margin": 26.47,
            "gross_margin_4q_avg": 28.72,
            "net_income": 21698,
            "revenue": 335835,
            "common_shares": 469007,
            "book_valuer_per_share": 19.22,
            "book_valuer_per_share_4q_avg": 19.83,
            "equity": 901584,
            "current_ratio": 267.28,
            "debt_ratio": 31.71,
            "inventory_turnover_ratio": 1.21,
            "account_receivable_turnover_ratio": 1.16,
            "reinvestment_rate": 2.22,
            "research_to_sale_ratio": 0.97,
            "price_fair": 8.29,
            "eps_avg_yearly": 2.76,
            "eps_latest_yearly": 1.84,
            "eps_growth_yearly": -4.39
        },
        "20144": {
            "year_quarter": 20144,
            "year": 2014,
            "quarter": 4,
            "eps": 1.5,
            "eps_growth_year": 153.33,
            "eps_4q": 3.31,
            "eps_4q_growth_year": 21.56,
            "roe": 7.46,
            "roe_4q": 16.58,
            "gross_profit": 67458,
            "gross_margin": 20.87,
            "gross_margin_4q_avg": 26.85,
            "net_income": 70396,
            "revenue": 323223,
            "common_shares": 469007,
            "book_valuer_per_share": 21.02,
            "book_valuer_per_share_4q_avg": 19.95,
            "equity": 985781,
            "current_ratio": 264.64,
            "debt_ratio": 33.78,
            "inventory_turnover_ratio": 1.4,
            "account_receivable_turnover_ratio": 1.22,
            "reinvestment_rate": 3.07,
            "research_to_sale_ratio": 1.09,
            "price_fair": 101.5,
            "eps_avg_yearly": 2.9,
            "eps_latest_yearly": 6,
            "eps_growth_yearly": 59.67
        },
        "20151": {
            "year_quarter": 20151,
            "year": 2015,
            "quarter": 1,
            "eps": 0.59,
            "eps_growth_year": 28.26,
            "eps_4q": 3.43,
            "eps_4q_growth_year": 41.45,
            "roe": 2.76,
            "roe_4q": 17.119999999999997,
            "gross_profit": 94949,
            "gross_margin": 29.05,
            "gross_margin_4q_avg": 26.89,
            "net_income": 27522,
            "revenue": 326870,
            "common_shares": 469007,
            "book_valuer_per_share": 21.5,
            "book_valuer_per_share_4q_avg": 20.07,
            "equity": 1008234,
            "current_ratio": 289.47,
            "debt_ratio": 31.04,
            "inventory_turnover_ratio": 1.27,
            "account_receivable_turnover_ratio": 1.28,
            "reinvestment_rate": 2.17,
            "research_to_sale_ratio": 1,
            "price_fair": 98.35,
            "eps_avg_yearly": 2.81,
            "eps_latest_yearly": 2.36,
            "eps_growth_yearly": 44.5
        },
        "20152": {
            "year_quarter": 20152,
            "year": 2015,
            "quarter": 2,
            "eps": 0.77,
            "eps_growth_year": -12.5,
            "eps_4q": 3.32,
            "eps_4q_growth_year": 21.55,
            "roe": 3.8,
            "roe_4q": 16.47,
            "gross_profit": 113215,
            "gross_margin": 31.12,
            "gross_margin_4q_avg": 26.88,
            "net_income": 36177,
            "revenue": 363847,
            "common_shares": 469007,
            "book_valuer_per_share": 19.15,
            "book_valuer_per_share_4q_avg": 20.22,
            "equity": 898071,
            "current_ratio": 197.34,
            "debt_ratio": 43.91,
            "inventory_turnover_ratio": 1.32,
            "account_receivable_turnover_ratio": 1.4,
            "reinvestment_rate": 1.86,
            "research_to_sale_ratio": 0.92,
            "price_fair": 99.05,
            "eps_avg_yearly": 2.83,
            "eps_latest_yearly": 3.08,
            "eps_growth_yearly": 58.97
        },
        "20153": {
            "year_quarter": 20153,
            "year": 2015,
            "quarter": 3,
            "eps": 0.44,
            "eps_growth_year": -4.35,
            "eps_4q": 3.3,
            "eps_4q_growth_year": 37.76,
            "roe": 2.26,
            "roe_4q": 16.28,
            "gross_profit": 109154,
            "gross_margin": 30.41,
            "gross_margin_4q_avg": 27.86,
            "net_income": 20796,
            "revenue": 358978,
            "common_shares": 469007,
            "book_valuer_per_share": 20.01,
            "book_valuer_per_share_4q_avg": 20.42,
            "equity": 938574,
            "current_ratio": 214.04,
            "debt_ratio": 40.65,
            "inventory_turnover_ratio": 1.34,
            "account_receivable_turnover_ratio": 1.24,
            "reinvestment_rate": 1.64,
            "research_to_sale_ratio": 0.91,
            "price_fair": 96.78,
            "eps_avg_yearly": 2.77,
            "eps_latest_yearly": 1.76,
            "eps_growth_yearly": 47.9
        },
        "20154": {
            "year_quarter": 20154,
            "year": 2015,
            "quarter": 4,
            "eps": 0.26,
            "eps_growth_year": -82.8,
            "eps_4q": 2.06,
            "eps_4q_growth_year": -37.69,
            "roe": 1.29,
            "roe_4q": 10.11,
            "gross_profit": 125462,
            "gross_margin": 36.33,
            "gross_margin_4q_avg": 31.73,
            "net_income": 12106,
            "revenue": 345378,
            "common_shares": 469007,
            "book_valuer_per_share": 20.04,
            "book_valuer_per_share_4q_avg": 20.18,
            "equity": 939871,
            "current_ratio": 220.4,
            "debt_ratio": 40.5,
            "inventory_turnover_ratio": 1.16,
            "account_receivable_turnover_ratio": 1.12,
            "reinvestment_rate": 3.99,
            "research_to_sale_ratio": 0.95,
            "price_fair": 95.2,
            "eps_avg_yearly": 2.72,
            "eps_latest_yearly": 1.04,
            "eps_growth_yearly": 46.96
        },
        "20161": {
            "year_quarter": 20161,
            "year": 2016,
            "quarter": 1,
            "eps": 0.59,
            "eps_growth_year": 0,
            "eps_4q": 2.06,
            "eps_4q_growth_year": -39.9,
            "roe": 2.9,
            "roe_4q": 10.25,
            "gross_profit": 109804,
            "gross_margin": 30.46,
            "gross_margin_4q_avg": 32.08,
            "net_income": 27607,
            "revenue": 360486,
            "common_shares": 469007,
            "book_valuer_per_share": 20.54,
            "book_valuer_per_share_4q_avg": 19.94,
            "equity": 963372,
            "current_ratio": 236.68,
            "debt_ratio": 37.77,
            "inventory_turnover_ratio": 1.31,
            "account_receivable_turnover_ratio": 1.17,
            "reinvestment_rate": 4.54,
            "research_to_sale_ratio": 0.78,
            "price_fair": 94.59,
            "eps_avg_yearly": 2.7,
            "eps_latest_yearly": 2.36,
            "eps_growth_yearly": 66.19
        },
        "20162": {
            "year_quarter": 20162,
            "year": 2016,
            "quarter": 2,
            "eps": 0.72,
            "eps_growth_year": -6.49,
            "eps_4q": 2.02,
            "eps_4q_growth_year": -39.32,
            "roe": 3.66,
            "roe_4q": 10.11,
            "gross_profit": 111778,
            "gross_margin": 30.85,
            "gross_margin_4q_avg": 32.01,
            "net_income": 34020,
            "revenue": 362276,
            "common_shares": 469007,
            "book_valuer_per_share": 19.1,
            "book_valuer_per_share_4q_avg": 19.92,
            "equity": 895894,
            "current_ratio": 209.59,
            "debt_ratio": 42.31,
            "inventory_turnover_ratio": 1.32,
            "account_receivable_turnover_ratio": 1.22,
            "reinvestment_rate": 4.6,
            "research_to_sale_ratio": 0.76,
            "price_fair": 95.2,
            "eps_avg_yearly": 2.72,
            "eps_latest_yearly": 2.88,
            "eps_growth_yearly": 72.07
        },
        "20163": {
            "year_quarter": 20163,
            "year": 2016,
            "quarter": 3,
            "eps": 0.99,
            "eps_growth_year": 125,
            "eps_4q": 2.56,
            "eps_4q_growth_year": -22.49,
            "roe": 5.08,
            "roe_4q": 12.93,
            "gross_profit": 109091,
            "gross_margin": 30.44,
            "gross_margin_4q_avg": 32.02,
            "net_income": 46324,
            "revenue": 358432,
            "common_shares": 469007,
            "book_valuer_per_share": 19.76,
            "book_valuer_per_share_4q_avg": 19.86,
            "equity": 926849,
            "current_ratio": 216.89,
            "debt_ratio": 41.47,
            "inventory_turnover_ratio": 1.51,
            "account_receivable_turnover_ratio": 1.25,
            "reinvestment_rate": 3.82,
            "research_to_sale_ratio": 0.84,
            "price_fair": 97.39,
            "eps_avg_yearly": 2.78,
            "eps_latest_yearly": 3.96,
            "eps_growth_yearly": 77.99
        },
        "20164": {
            "year_quarter": 20164,
            "year": 2016,
            "quarter": 4,
            "eps": 1.05,
            "eps_growth_year": 305.65,
            "eps_4q": 3.35,
            "eps_4q_growth_year": 62.59,
            "roe": 5.17,
            "roe_4q": 16.81,
            "gross_profit": 110529,
            "gross_margin": 29.74,
            "gross_margin_4q_avg": 30.37,
            "net_income": 49108,
            "revenue": 371607,
            "common_shares": 469007,
            "book_valuer_per_share": 20.76,
            "book_valuer_per_share_4q_avg": 20.04,
            "equity": 973890,
            "current_ratio": 223.83,
            "debt_ratio": 40.68,
            "inventory_turnover_ratio": 1.75,
            "account_receivable_turnover_ratio": 1.24,
            "reinvestment_rate": -4.51,
            "research_to_sale_ratio": 0.81,
            "price_fair": 100.01,
            "eps_avg_yearly": 2.86,
            "eps_latest_yearly": 4.2,
            "eps_growth_yearly": 79.16
        },
        "20171": {
            "year_quarter": 20171,
            "year": 2017,
            "quarter": 1,
            "eps": 0.42,
            "eps_growth_year": -28.81,
            "eps_4q": 3.18,
            "eps_4q_growth_year": 54.34,
            "roe": 2.03,
            "roe_4q": 15.94,
            "gross_profit": 106001,
            "gross_margin": 32.61,
            "gross_margin_4q_avg": 30.91,
            "net_income": 19777,
            "revenue": 325021,
            "common_shares": 469007,
            "book_valuer_per_share": 20.73,
            "book_valuer_per_share_4q_avg": 20.09,
            "equity": 972342,
            "current_ratio": 221.25,
            "debt_ratio": 40.63,
            "inventory_turnover_ratio": 1.51,
            "account_receivable_turnover_ratio": 1.09,
            "reinvestment_rate": -4.18,
            "research_to_sale_ratio": 0.86,
            "price_fair": 97.04,
            "eps_avg_yearly": 2.77,
            "eps_latest_yearly": 1.68,
            "eps_growth_yearly": 63.83
        },
        "20172": {
            "year_quarter": 20172,
            "year": 2017,
            "quarter": 2,
            "eps": 0.7,
            "eps_growth_year": -2.78,
            "eps_4q": 3.16,
            "eps_4q_growth_year": 56.77,
            "roe": 3.6,
            "roe_4q": 15.88,
            "gross_profit": 104531,
            "gross_margin": 30.57,
            "gross_margin_4q_avg": 30.84,
            "net_income": 32981,
            "revenue": 341975,
            "common_shares": 469007,
            "book_valuer_per_share": 18.35,
            "book_valuer_per_share_4q_avg": 19.9,
            "equity": 860768,
            "current_ratio": 189.06,
            "debt_ratio": 47.31,
            "inventory_turnover_ratio": 1.72,
            "account_receivable_turnover_ratio": 1.25,
            "reinvestment_rate": -7.66,
            "research_to_sale_ratio": 0.77,
            "price_fair": 98.18,
            "eps_avg_yearly": 2.81,
            "eps_latest_yearly": 2.8,
            "eps_growth_yearly": 86.75
        },
        "20173": {
            "year_quarter": 20173,
            "year": 2017,
            "quarter": 3,
            "eps": 0.8,
            "eps_growth_year": -19.19,
            "eps_4q": 2.97,
            "eps_4q_growth_year": 15.95,
            "roe": 4.24,
            "roe_4q": 15.04,
            "gross_profit": 101170,
            "gross_margin": 26.5,
            "gross_margin_4q_avg": 29.86,
            "net_income": 37339,
            "revenue": 381769,
            "common_shares": 469007,
            "book_valuer_per_share": 19.22,
            "book_valuer_per_share_4q_avg": 19.77,
            "equity": 901529,
            "current_ratio": 197.74,
            "debt_ratio": 45.8,
            "inventory_turnover_ratio": 2.11,
            "account_receivable_turnover_ratio": 1.28,
            "reinvestment_rate": -7.88,
            "research_to_sale_ratio": 0.89,
            "price_fair": 98.18,
            "eps_avg_yearly": 2.81,
            "eps_latest_yearly": 3.2,
            "eps_growth_yearly": 80.23
        },
        "20174": {
            "year_quarter": 20174,
            "year": 2017,
            "quarter": 4,
            "eps": 0.66,
            "eps_growth_year": -37.38,
            "eps_4q": 2.58,
            "eps_4q_growth_year": -23.06,
            "roe": 3.36,
            "roe_4q": 13.229999999999999,
            "gross_profit": 108286,
            "gross_margin": 30.6,
            "gross_margin_4q_avg": 30.07,
            "net_income": 30749,
            "revenue": 353879,
            "common_shares": 469007,
            "book_valuer_per_share": 19.85,
            "book_valuer_per_share_4q_avg": 19.54,
            "equity": 931162,
            "current_ratio": 211.58,
            "debt_ratio": 42.65,
            "inventory_turnover_ratio": 1.79,
            "account_receivable_turnover_ratio": 1.13,
            "reinvestment_rate": -9.67,
            "research_to_sale_ratio": 0.92,
            "price_fair": 98.79,
            "eps_avg_yearly": 2.82,
            "eps_latest_yearly": 2.64,
            "eps_growth_yearly": 82.42
        },
        "20181": {
            "year_quarter": 20181,
            "year": 2018,
            "quarter": 1,
            "eps": 0.06,
            "eps_growth_year": -85.71,
            "eps_4q": 2.21,
            "eps_4q_growth_year": -30.52,
            "roe": 0.28,
            "roe_4q": 11.48,
            "gross_profit": 96158,
            "gross_margin": 30.66,
            "gross_margin_4q_avg": 29.58,
            "net_income": 2611,
            "revenue": 313668,
            "common_shares": 469007,
            "book_valuer_per_share": 19.93,
            "book_valuer_per_share_4q_avg": 19.34,
            "equity": 934862,
            "current_ratio": 225.81,
            "debt_ratio": 40.53,
            "inventory_turnover_ratio": 1.51,
            "account_receivable_turnover_ratio": 1.15,
            "reinvestment_rate": -18.48,
            "research_to_sale_ratio": 0.98,
            "price_fair": 95.29,
            "eps_avg_yearly": 2.72,
            "eps_latest_yearly": 0.24,
            "eps_growth_yearly": 65.2
        },
        "20182": {
            "year_quarter": 20182,
            "year": 2018,
            "quarter": 2,
            "eps": 1.02,
            "eps_growth_year": 45.71,
            "eps_4q": 2.54,
            "eps_4q_growth_year": -19.72,
            "roe": 5.32,
            "roe_4q": 13.200000000000001,
            "gross_profit": 114074,
            "gross_margin": 33.41,
            "gross_margin_4q_avg": 30.29,
            "net_income": 48269,
            "revenue": 341449,
            "common_shares": 469007,
            "book_valuer_per_share": 18.73,
            "book_valuer_per_share_4q_avg": 19.43,
            "equity": 878327,
            "current_ratio": 212.1,
            "debt_ratio": 43.27,
            "inventory_turnover_ratio": 1.54,
            "account_receivable_turnover_ratio": 1.24,
            "reinvestment_rate": -16.91,
            "research_to_sale_ratio": 0.95,
            "price_fair": 96.51,
            "eps_avg_yearly": 2.76,
            "eps_latest_yearly": 4.08,
            "eps_growth_yearly": 442.37
        },
        "20183": {
            "year_quarter": 20183,
            "year": 2018,
            "quarter": 3,
            "eps": 1.34,
            "eps_growth_year": 67.5,
            "eps_4q": 3.08,
            "eps_4q_growth_year": 3.94,
            "roe": 6.96,
            "roe_4q": 15.92,
            "gross_profit": 110583,
            "gross_margin": 29.89,
            "gross_margin_4q_avg": 31.14,
            "net_income": 63054,
            "revenue": 369924,
            "common_shares": 469007,
            "book_valuer_per_share": 19.88,
            "book_valuer_per_share_4q_avg": 19.6,
            "equity": 932563,
            "current_ratio": 216.83,
            "debt_ratio": 42.76,
            "inventory_turnover_ratio": 1.78,
            "account_receivable_turnover_ratio": 1.22,
            "reinvestment_rate": -16.25,
            "research_to_sale_ratio": 0.91,
            "price_fair": 104.21,
            "eps_avg_yearly": 2.98,
            "eps_latest_yearly": 5.36,
            "eps_growth_yearly": 462.15
        },
        "20184": {
            "year_quarter": 20184,
            "year": 2018,
            "quarter": 4,
            "eps": -0.51,
            "eps_growth_year": -177.85,
            "eps_4q": 1.92,
            "eps_4q_growth_year": -25.53,
            "roe": -2.6,
            "roe_4q": 9.959999999999999,
            "gross_profit": 79509,
            "gross_margin": 26.19,
            "gross_margin_4q_avg": 30.04,
            "net_income": -23939,
            "revenue": 303635,
            "common_shares": 469007,
            "book_valuer_per_share": 19.3,
            "book_valuer_per_share_4q_avg": 19.46,
            "equity": 905331,
            "current_ratio": 219.54,
            "debt_ratio": 42.65,
            "inventory_turnover_ratio": 1.54,
            "account_receivable_turnover_ratio": 1.1,
            "reinvestment_rate": -20.75,
            "research_to_sale_ratio": 1.04,
            "price_fair": 97.16,
            "eps_avg_yearly": 2.78,
            "eps_latest_yearly": 5.36,
            "eps_growth_yearly": 432.67
        },
        "20191": {
            "year_quarter": 20191,
            "year": 2019,
            "quarter": 1,
            "eps": 1.7,
            "eps_growth_year": 2733.33,
            "eps_4q": 3.56,
            "eps_4q_growth_year": 61.09,
            "roe": 8.4,
            "roe_4q": 18.080000000000002,
            "gross_profit": 90903,
            "gross_margin": 34.2,
            "gross_margin_4q_avg": 30.92,
            "net_income": 79639,
            "revenue": 265826,
            "common_shares": 469007,
            "book_valuer_per_share": 21.15,
            "book_valuer_per_share_4q_avg": 19.77,
            "equity": 991896,
            "current_ratio": 257.62,
            "debt_ratio": 37.1,
            "inventory_turnover_ratio": 1.12,
            "account_receivable_turnover_ratio": 1.17,
            "reinvestment_rate": -16.72,
            "research_to_sale_ratio": 1.08,
            "price_fair": 98.2,
            "eps_avg_yearly": 2.81,
            "eps_latest_yearly": 5.36,
            "eps_growth_yearly": 480.91
        },
        "20192": {
            "year_quarter": 20192,
            "year": 2019,
            "quarter": 2,
            "eps": 0.98,
            "eps_growth_year": -3.92,
            "eps_4q": 3.51,
            "eps_4q_growth_year": 38.56,
            "roe": 4.8,
            "roe_4q": 17.56,
            "gross_profit": 87011,
            "gross_margin": 31.56,
            "gross_margin_4q_avg": 30.46,
            "net_income": 46092,
            "revenue": 275731,
            "common_shares": 469007,
            "book_valuer_per_share": 19.78,
            "book_valuer_per_share_4q_avg": 20.03,
            "equity": 927741,
            "current_ratio": 214.48,
            "debt_ratio": 43.66,
            "inventory_turnover_ratio": 1.26,
            "account_receivable_turnover_ratio": 1.34,
            "reinvestment_rate": -15.87,
            "research_to_sale_ratio": 1.06,
            "price_fair": 100.3,
            "eps_avg_yearly": 2.87,
            "eps_latest_yearly": 3.92,
            "eps_growth_yearly": 460.09
        },
        "20193": {
            "year_quarter": 20193,
            "year": 2019,
            "quarter": 3,
            "eps": 1.07,
            "eps_growth_year": -20.15,
            "eps_4q": 3.24,
            "eps_4q_growth_year": 5.11,
            "roe": 5.31,
            "roe_4q": 15.909999999999998,
            "gross_profit": 88974,
            "gross_margin": 36.46,
            "gross_margin_4q_avg": 32.1,
            "net_income": 50279,
            "revenue": 244052,
            "common_shares": 469007,
            "book_valuer_per_share": 20.63,
            "book_valuer_per_share_4q_avg": 20.22,
            "equity": 967340,
            "current_ratio": 236.9,
            "debt_ratio": 40.1,
            "inventory_turnover_ratio": 1.22,
            "account_receivable_turnover_ratio": 1.27,
            "reinvestment_rate": -16.19,
            "research_to_sale_ratio": 1.23,
            "price_fair": 106.6,
            "eps_avg_yearly": 3.05,
            "eps_latest_yearly": 4.28,
            "eps_growth_yearly": 474.96
        },
        "20194": {
            "year_quarter": 20194,
            "year": 2019,
            "quarter": 4,
            "eps": 0.52,
            "eps_growth_year": null,
            "eps_4q": 4.28,
            "eps_4q_growth_year": 122.86,
            "roe": 2.52,
            "roe_4q": 21.03,
            "gross_profit": 88086,
            "gross_margin": 39.36,
            "gross_margin_4q_avg": 35.4,
            "net_income": 24552,
            "revenue": 223816,
            "common_shares": 469007,
            "book_valuer_per_share": 20.96,
            "book_valuer_per_share_4q_avg": 20.63,
            "equity": 982884,
            "current_ratio": 235.25,
            "debt_ratio": 40.29,
            "inventory_turnover_ratio": 1.15,
            "account_receivable_turnover_ratio": 1.23,
            "reinvestment_rate": -13.32,
            "research_to_sale_ratio": 1.23,
            "price_fair": 109.2,
            "eps_avg_yearly": 3.12,
            "eps_latest_yearly": 2.08,
            "eps_growth_yearly": 471.96
        },
        "20201": {
            "year_quarter": 20201,
            "year": 2020,
            "quarter": 1,
            "eps": -0.77,
            "eps_growth_year": -145.29,
            "eps_4q": 1.8,
            "eps_4q_growth_year": -49.35,
            "roe": -3.77,
            "roe_4q": 8.86,
            "gross_profit": 79817,
            "gross_margin": 35.81,
            "gross_margin_4q_avg": 35.8,
            "net_income": -36329,
            "revenue": 222915,
            "common_shares": 469007,
            "book_valuer_per_share": 20.14,
            "book_valuer_per_share_4q_avg": 20.38,
            "equity": 944703,
            "current_ratio": 213.01,
            "debt_ratio": 43.91,
            "inventory_turnover_ratio": 1.33,
            "account_receivable_turnover_ratio": 1.24,
            "reinvestment_rate": -13.69,
            "research_to_sale_ratio": 1.25,
            "price_fair": 111.25,
            "eps_avg_yearly": 3.18,
            "eps_latest_yearly": 2.08,
            "eps_growth_yearly": 469.21
        },
        "20202": {
            "year_quarter": 20202,
            "year": 2020,
            "quarter": 2,
            "eps": 1.96,
            "eps_growth_year": 100,
            "eps_4q": 2.79,
            "eps_4q_growth_year": -20.52,
            "roe": 10.2,
            "roe_4q": 14.259999999999998,
            "gross_profit": 59943,
            "gross_margin": 34.53,
            "gross_margin_4q_avg": 36.54,
            "net_income": 91684,
            "revenue": 173573,
            "common_shares": 469007,
            "book_valuer_per_share": 18.3,
            "book_valuer_per_share_4q_avg": 20.01,
            "equity": 852629,
            "current_ratio": 175.75,
            "debt_ratio": 52.58,
            "inventory_turnover_ratio": 1.11,
            "account_receivable_turnover_ratio": 1.04,
            "reinvestment_rate": -12.63,
            "research_to_sale_ratio": 1.58,
            "price_fair": 112.12,
            "eps_avg_yearly": 3.2,
            "eps_latest_yearly": 2.08,
            "eps_growth_yearly": 500.97
        },
        "20203": {
            "year_quarter": 20203,
            "year": 2020,
            "quarter": 3,
            "eps": 1.09,
            "eps_growth_year": 1.87,
            "eps_4q": 2.81,
            "eps_4q_growth_year": -13.49,
            "roe": 5.78,
            "roe_4q": 14.73,
            "gross_profit": 106520,
            "gross_margin": 32.72,
            "gross_margin_4q_avg": 35.61,
            "net_income": 50815,
            "revenue": 325522,
            "common_shares": 469007,
            "book_valuer_per_share": 19.44,
            "book_valuer_per_share_4q_avg": 19.71,
            "equity": 905994,
            "current_ratio": 228.43,
            "debt_ratio": 41.4,
            "inventory_turnover_ratio": 1.99,
            "account_receivable_turnover_ratio": 1.7,
            "reinvestment_rate": -11.99,
            "research_to_sale_ratio": 0.82,
            "price_fair": 113.28,
            "eps_avg_yearly": 3.24,
            "eps_latest_yearly": 4.36,
            "eps_growth_yearly": 473.67
        },
        "20204": {
            "year_quarter": 20204,
            "year": 2020,
            "quarter": 4,
            "eps": 0.83,
            "eps_growth_year": 58.07,
            "eps_4q": 3.11,
            "eps_4q_growth_year": -27.37,
            "roe": 4.17,
            "roe_4q": 16.38,
            "gross_profit": 99892,
            "gross_margin": 34.08,
            "gross_margin_4q_avg": 34.29,
            "net_income": 38561,
            "revenue": 293126,
            "common_shares": 469007,
            "book_valuer_per_share": 20.28,
            "book_valuer_per_share_4q_avg": 19.54,
            "equity": 945006,
            "current_ratio": 231,
            "debt_ratio": 41.12,
            "inventory_turnover_ratio": 1.63,
            "account_receivable_turnover_ratio": 1.25,
            "reinvestment_rate": -11.22,
            "research_to_sale_ratio": 1.04,
            "price_fair": 110.72,
            "eps_avg_yearly": 3.16,
            "eps_latest_yearly": 3.32,
            "eps_growth_yearly": 463.7
        },
        "20211": {
            "year_quarter": 20211,
            "year": 2021,
            "quarter": 1,
            "eps": 1.26,
            "eps_growth_year": null,
            "eps_4q": 5.15,
            "eps_4q_growth_year": 185.34,
            "roe": 6.04,
            "roe_4q": 26.19,
            "gross_profit": 96591,
            "gross_margin": 33.34,
            "gross_margin_4q_avg": 33.67,
            "net_income": 58773,
            "revenue": 289740,
            "common_shares": 469007,
            "book_valuer_per_share": 21.51,
            "book_valuer_per_share_4q_avg": 19.88,
            "equity": 1002273,
            "current_ratio": 209.2,
            "debt_ratio": 45.32,
            "inventory_turnover_ratio": 1.43,
            "account_receivable_turnover_ratio": 1.22,
            "reinvestment_rate": -9.5,
            "research_to_sale_ratio": 1,
            "price_fair": 120.52,
            "eps_avg_yearly": 3.44,
            "eps_latest_yearly": 5.04,
            "eps_growth_yearly": 500.97
        },
        "20212": {
            "year_quarter": 20212,
            "year": 2021,
            "quarter": 2,
            "eps": 2.03,
            "eps_growth_year": 3.57,
            "eps_4q": 5.21,
            "eps_4q_growth_year": 86.48,
            "roe": 9.63,
            "roe_4q": 25.620000000000005,
            "gross_profit": 90810,
            "gross_margin": 33.05,
            "gross_margin_4q_avg": 33.3,
            "net_income": 94617,
            "revenue": 274804,
            "common_shares": 469007,
            "book_valuer_per_share": 20.67,
            "book_valuer_per_share_4q_avg": 20.48,
            "equity": 963217,
            "current_ratio": 187.43,
            "debt_ratio": 50.2,
            "inventory_turnover_ratio": 1.29,
            "account_receivable_turnover_ratio": 1.23,
            "reinvestment_rate": -8.88,
            "research_to_sale_ratio": 1.17,
            "price_fair": 136.03,
            "eps_avg_yearly": 3.89,
            "eps_latest_yearly": 8.12,
            "eps_growth_yearly": 499.12
        },
        "20213": {
            "year_quarter": 20213,
            "year": 2021,
            "quarter": 3,
            "eps": 0.68,
            "eps_growth_year": -37.61,
            "eps_4q": 4.8,
            "eps_4q_growth_year": 71.18,
            "roe": 3.25,
            "roe_4q": 23.090000000000003,
            "gross_profit": 104117,
            "gross_margin": 32.8,
            "gross_margin_4q_avg": 33.32,
            "net_income": 31817,
            "revenue": 317444,
            "common_shares": 469007,
            "book_valuer_per_share": 21.34,
            "book_valuer_per_share_4q_avg": 20.95,
            "equity": 994678,
            "current_ratio": 195.69,
            "debt_ratio": 48.28,
            "inventory_turnover_ratio": 1.35,
            "account_receivable_turnover_ratio": 1.39,
            "reinvestment_rate": -8.71,
            "research_to_sale_ratio": 1.04,
            "price_fair": 134.63,
            "eps_avg_yearly": 3.85,
            "eps_latest_yearly": 2.72,
            "eps_growth_yearly": 472.19
        },
        "20214": {
            "year_quarter": 20214,
            "year": 2021,
            "quarter": 4,
            "eps": 1.03,
            "eps_growth_year": 25.04,
            "eps_4q": 5.01,
            "eps_4q_growth_year": 61.28,
            "roe": 4.65,
            "roe_4q": 23.57,
            "gross_profit": 86746,
            "gross_margin": 26.28,
            "gross_margin_4q_avg": 31.37,
            "net_income": 48218,
            "revenue": 330104,
            "common_shares": 469007,
            "book_valuer_per_share": 23.16,
            "book_valuer_per_share_4q_avg": 21.67,
            "equity": 1079158,
            "current_ratio": 206.13,
            "debt_ratio": 45.24,
            "inventory_turnover_ratio": 1.3,
            "account_receivable_turnover_ratio": 1.25,
            "reinvestment_rate": -7.16,
            "research_to_sale_ratio": 0.96,
            "price_fair": 138.95,
            "eps_avg_yearly": 3.97,
            "eps_latest_yearly": 4.12,
            "eps_growth_yearly": 495.18
        },
        "20221": {
            "year_quarter": 20221,
            "year": 2022,
            "quarter": 1,
            "eps": 1.72,
            "eps_growth_year": 36.51,
            "eps_4q": 5.47,
            "eps_4q_growth_year": 6.3,
            "roe": 7.12,
            "roe_4q": 24.65,
            "gross_profit": 112698,
            "gross_margin": 31.67,
            "gross_margin_4q_avg": 30.95,
            "net_income": 80295,
            "revenue": 355874,
            "common_shares": 469007,
            "book_valuer_per_share": 25.23,
            "book_valuer_per_share_4q_avg": 22.6,
            "equity": 1175815,
            "current_ratio": 219.85,
            "debt_ratio": 43.01,
            "inventory_turnover_ratio": 1.22,
            "account_receivable_turnover_ratio": 1.24,
            "reinvestment_rate": -0.11,
            "research_to_sale_ratio": 0.86,
            "price_fair": 158.32,
            "eps_avg_yearly": 4.52,
            "eps_latest_yearly": 6.88,
            "eps_growth_yearly": 547.81
        },
        "20222": {
            "year_quarter": 20222,
            "year": 2022,
            "quarter": 2,
            "eps": -1.07,
            "eps_growth_year": -152.71,
            "eps_4q": 2.37,
            "eps_4q_growth_year": -54.47,
            "roe": -4.66,
            "roe_4q": 10.36,
            "gross_profit": 124417,
            "gross_margin": 32.2,
            "gross_margin_4q_avg": 30.74,
            "net_income": -49790,
            "revenue": 386377,
            "common_shares": 469007,
            "book_valuer_per_share": 20.65,
            "book_valuer_per_share_4q_avg": 22.6,
            "equity": 962332,
            "current_ratio": 176.38,
            "debt_ratio": 52.41,
            "inventory_turnover_ratio": 1.26,
            "account_receivable_turnover_ratio": 1.4,
            "reinvestment_rate": 1.34,
            "research_to_sale_ratio": 0.66,
            "price_fair": 117.72,
            "eps_avg_yearly": 4.56,
            "eps_latest_yearly": 6.88,
            "eps_growth_yearly": 15.8
        },
        "20223": {
            "year_quarter": 20223,
            "year": 2022,
            "quarter": 3,
            "eps": 1.69,
            "eps_growth_year": 148.53,
            "eps_4q": 3.38,
            "eps_4q_growth_year": -29.53,
            "roe": 7.81,
            "roe_4q": 14.92,
            "gross_profit": 143828,
            "gross_margin": 34.32,
            "gross_margin_4q_avg": 31.12,
            "net_income": 78960,
            "revenue": 419033,
            "common_shares": 469007,
            "book_valuer_per_share": 22.75,
            "book_valuer_per_share_4q_avg": 22.95,
            "equity": 1059945,
            "current_ratio": 185.16,
            "debt_ratio": 50.84,
            "inventory_turnover_ratio": 1.21,
            "account_receivable_turnover_ratio": 1.5,
            "reinvestment_rate": 2.97,
            "research_to_sale_ratio": 0.81,
            "price_fair": 66.48,
            "eps_avg_yearly": 4.48,
            "eps_latest_yearly": 6.88,
            "eps_growth_yearly": 4.83
        },
        "20224": {
            "year_quarter": 20224,
            "year": 2022,
            "quarter": 4,
            "eps": 1.59,
            "eps_growth_year": 53.75,
            "eps_4q": 3.94,
            "eps_4q_growth_year": -21.35,
            "roe": 6.8,
            "roe_4q": 17.07,
            "gross_profit": 154820,
            "gross_margin": 34.5,
            "gross_margin_4q_avg": 33.17,
            "net_income": 74133,
            "revenue": 448798,
            "common_shares": 469007,
            "book_valuer_per_share": 24.05,
            "book_valuer_per_share_4q_avg": 23.17,
            "equity": 1120962,
            "current_ratio": 191.62,
            "debt_ratio": 49.4,
            "inventory_turnover_ratio": 1.28,
            "account_receivable_turnover_ratio": 1.51,
            "reinvestment_rate": 2.54,
            "research_to_sale_ratio": 0.74,
            "price_fair": 56.95,
            "eps_avg_yearly": 4.65,
            "eps_latest_yearly": 6.36,
            "eps_growth_yearly": 2.24
        },
        "20231": {
            "year_quarter": 20231,
            "year": 2023,
            "quarter": 1,
            "eps": 0.73,
            "eps_growth_year": -57.56,
            "eps_4q": 2.95,
            "eps_4q_growth_year": -46.13,
            "roe": 2.99,
            "roe_4q": 12.939999999999998,
            "gross_profit": 109728,
            "gross_margin": 32.43,
            "gross_margin_4q_avg": 33.36,
            "net_income": 34044,
            "revenue": 338391,
            "common_shares": 469007,
            "book_valuer_per_share": 24.77,
            "book_valuer_per_share_4q_avg": 23.06,
            "equity": 1154383,
            "current_ratio": 200.39,
            "debt_ratio": 47.19,
            "inventory_turnover_ratio": 1.06,
            "account_receivable_turnover_ratio": 1.22,
            "reinvestment_rate": 2.75,
            "research_to_sale_ratio": 0.94,
            "price_fair": 13.53,
            "eps_avg_yearly": 4.51,
            "eps_latest_yearly": 2.92,
            "eps_growth_yearly": -15.98
        }
    },
    "months": {
        "2003-10": {
            "month": "2003-10",
            "price": "50.77",
            "revenue": 70755
        },
        "2003-11": {
            "month": "2003-11",
            "price": "42.70",
            "revenue": 68002
        },
        "2003-12": {
            "month": "2003-12",
            "price": "40.79",
            "revenue": 73068
        },
        "2004-01": {
            "month": "2004-01",
            "price": "38.50",
            "revenue": 57299
        },
        "2004-02": {
            "month": "2004-02",
            "price": "40.70",
            "revenue": 69059
        },
        "2004-03": {
            "month": "2004-03",
            "price": "37.36",
            "revenue": 77493
        },
        "2004-04": {
            "month": "2004-04",
            "price": "33.89",
            "revenue": 76091
        },
        "2004-05": {
            "month": "2004-05",
            "price": "25.50",
            "revenue": 80309
        },
        "2004-06": {
            "month": "2004-06",
            "price": "28.88",
            "revenue": 72979
        },
        "2004-07": {
            "month": "2004-07",
            "price": "27.65",
            "revenue": 93946
        },
        "2004-08": {
            "month": "2004-08",
            "price": "19.26",
            "revenue": 85127
        },
        "2004-09": {
            "month": "2004-09",
            "price": "16.16",
            "revenue": 103148
        },
        "2004-10": {
            "month": "2004-10",
            "price": "17.02",
            "revenue": 68279
        },
        "2004-11": {
            "month": "2004-11",
            "price": "15.46",
            "revenue": 80952
        },
        "2004-12": {
            "month": "2004-12",
            "price": "15.04",
            "revenue": 79621
        },
        "2005-01": {
            "month": "2005-01",
            "price": "14.33",
            "revenue": 73358
        },
        "2005-02": {
            "month": "2005-02",
            "price": "15.59",
            "revenue": 58143
        },
        "2005-03": {
            "month": "2005-03",
            "price": "16.38",
            "revenue": 67151
        },
        "2005-04": {
            "month": "2005-04",
            "price": "14.96",
            "revenue": 73181
        },
        "2005-05": {
            "month": "2005-05",
            "price": "13.83",
            "revenue": 70770
        },
        "2005-06": {
            "month": "2005-06",
            "price": "13.80",
            "revenue": 72166
        },
        "2005-07": {
            "month": "2005-07",
            "price": "14.17",
            "revenue": 71303
        },
        "2005-08": {
            "month": "2005-08",
            "price": "11.97",
            "revenue": 66483
        },
        "2005-09": {
            "month": "2005-09",
            "price": "12.04",
            "revenue": 78000
        },
        "2005-10": {
            "month": "2005-10",
            "price": "11.82",
            "revenue": 67392
        },
        "2005-11": {
            "month": "2005-11",
            "price": "11.99",
            "revenue": 78244
        },
        "2005-12": {
            "month": "2005-12",
            "price": "12.55",
            "revenue": 99299
        },
        "2006-01": {
            "month": "2006-01",
            "price": "13.99",
            "revenue": 83850
        },
        "2006-02": {
            "month": "2006-02",
            "price": "13.28",
            "revenue": 48902
        },
        "2006-03": {
            "month": "2006-03",
            "price": "12.21",
            "revenue": 82470
        },
        "2006-04": {
            "month": "2006-04",
            "price": "14.49",
            "revenue": 76516
        },
        "2006-05": {
            "month": "2006-05",
            "price": "16.92",
            "revenue": 63883
        },
        "2006-06": {
            "month": "2006-06",
            "price": "14.24",
            "revenue": 90544
        },
        "2006-07": {
            "month": "2006-07",
            "price": "14.20",
            "revenue": 90692
        },
        "2006-08": {
            "month": "2006-08",
            "price": "13.84",
            "revenue": 91235
        },
        "2006-09": {
            "month": "2006-09",
            "price": "13.82",
            "revenue": 97367
        },
        "2006-10": {
            "month": "2006-10",
            "price": "15.81",
            "revenue": 82905
        },
        "2006-11": {
            "month": "2006-11",
            "price": "16.19",
            "revenue": 104385
        },
        "2006-12": {
            "month": "2006-12",
            "price": "21.10",
            "revenue": 106935
        },
        "2007-01": {
            "month": "2007-01",
            "price": "24.99",
            "revenue": 82027
        },
        "2007-02": {
            "month": "2007-02",
            "price": "22.81",
            "revenue": 65052
        },
        "2007-03": {
            "month": "2007-03",
            "price": "22.01",
            "revenue": 101252
        },
        "2007-04": {
            "month": "2007-04",
            "price": "24.60",
            "revenue": 95373
        },
        "2007-05": {
            "month": "2007-05",
            "price": "27.56",
            "revenue": 109848
        },
        "2007-06": {
            "month": "2007-06",
            "price": "28.00",
            "revenue": 106059
        },
        "2007-07": {
            "month": "2007-07",
            "price": "30.91",
            "revenue": 116129
        },
        "2007-08": {
            "month": "2007-08",
            "price": "29.21",
            "revenue": 128295
        },
        "2007-09": {
            "month": "2007-09",
            "price": "29.43",
            "revenue": 97586
        },
        "2007-10": {
            "month": "2007-10",
            "price": "27.64",
            "revenue": 100693
        },
        "2007-11": {
            "month": "2007-11",
            "price": "24.01",
            "revenue": 107485
        },
        "2007-12": {
            "month": "2007-12",
            "price": "21.82",
            "revenue": 105287
        },
        "2008-01": {
            "month": "2008-01",
            "price": "20.05",
            "revenue": 107633
        },
        "2008-02": {
            "month": "2008-02",
            "price": "20.09",
            "revenue": 71091
        },
        "2008-03": {
            "month": "2008-03",
            "price": "21.77",
            "revenue": 101808
        },
        "2008-04": {
            "month": "2008-04",
            "price": "22.31",
            "revenue": 107394
        },
        "2008-05": {
            "month": "2008-05",
            "price": "21.63",
            "revenue": 113447
        },
        "2008-06": {
            "month": "2008-06",
            "price": "19.39",
            "revenue": 95648
        },
        "2008-07": {
            "month": "2008-07",
            "price": "18.09",
            "revenue": 108886
        },
        "2008-08": {
            "month": "2008-08",
            "price": "15.97",
            "revenue": 76277
        },
        "2008-09": {
            "month": "2008-09",
            "price": "12.96",
            "revenue": 81194
        },
        "2008-10": {
            "month": "2008-10",
            "price": "12.39",
            "revenue": 77456
        },
        "2008-11": {
            "month": "2008-11",
            "price": "11.09",
            "revenue": 83268
        },
        "2008-12": {
            "month": "2008-12",
            "price": "10.46",
            "revenue": 65539
        },
        "2009-01": {
            "month": "2009-01",
            "price": "10.17",
            "revenue": 52373
        },
        "2009-02": {
            "month": "2009-02",
            "price": "9.78",
            "revenue": 51054
        },
        "2009-03": {
            "month": "2009-03",
            "price": "9.87",
            "revenue": 75003
        },
        "2009-04": {
            "month": "2009-04",
            "price": "11.42",
            "revenue": 81470
        },
        "2009-05": {
            "month": "2009-05",
            "price": "11.84",
            "revenue": 69309
        },
        "2009-06": {
            "month": "2009-06",
            "price": "12.20",
            "revenue": 71504
        },
        "2009-07": {
            "month": "2009-07",
            "price": "13.66",
            "revenue": 53270
        },
        "2009-08": {
            "month": "2009-08",
            "price": "16.61",
            "revenue": 73764
        },
        "2009-09": {
            "month": "2009-09",
            "price": "17.77",
            "revenue": 71149
        },
        "2009-10": {
            "month": "2009-10",
            "price": "19.72",
            "revenue": 85059
        },
        "2009-11": {
            "month": "2009-11",
            "price": "20.70",
            "revenue": 71701
        },
        "2009-12": {
            "month": "2009-12",
            "price": "23.50",
            "revenue": 83421
        },
        "2010-01": {
            "month": "2010-01",
            "price": "26.13",
            "revenue": 86041
        },
        "2010-02": {
            "month": "2010-02",
            "price": "24.46",
            "revenue": 56716
        },
        "2010-03": {
            "month": "2010-03",
            "price": "26.92",
            "revenue": 93386
        },
        "2010-04": {
            "month": "2010-04",
            "price": "32.75",
            "revenue": 116751
        },
        "2010-05": {
            "month": "2010-05",
            "price": "31.28",
            "revenue": 113827
        },
        "2010-06": {
            "month": "2010-06",
            "price": "29.60",
            "revenue": 114115
        },
        "2010-07": {
            "month": "2010-07",
            "price": "29.75",
            "revenue": 132181
        },
        "2010-08": {
            "month": "2010-08",
            "price": "30.80",
            "revenue": 146796
        },
        "2010-09": {
            "month": "2010-09",
            "price": "30.31",
            "revenue": 130046
        },
        "2010-10": {
            "month": "2010-10",
            "price": "29.41",
            "revenue": 151514
        },
        "2010-11": {
            "month": "2010-11",
            "price": "32.09",
            "revenue": 130655
        },
        "2010-12": {
            "month": "2010-12",
            "price": "34.27",
            "revenue": 166627
        },
        "2011-01": {
            "month": "2011-01",
            "price": "34.50",
            "revenue": 134855
        },
        "2011-02": {
            "month": "2011-02",
            "price": "33.54",
            "revenue": 78859
        },
        "2011-03": {
            "month": "2011-03",
            "price": "33.82",
            "revenue": 142670
        },
        "2011-04": {
            "month": "2011-04",
            "price": "34.83",
            "revenue": 130690
        },
        "2011-05": {
            "month": "2011-05",
            "price": "36.17",
            "revenue": 117135
        },
        "2011-06": {
            "month": "2011-06",
            "price": "34.80",
            "revenue": 107316
        },
        "2011-07": {
            "month": "2011-07",
            "price": "33.96",
            "revenue": 101773
        },
        "2011-08": {
            "month": "2011-08",
            "price": "26.15",
            "revenue": 98597
        },
        "2011-09": {
            "month": "2011-09",
            "price": "23.88",
            "revenue": 101464
        },
        "2011-10": {
            "month": "2011-10",
            "price": "22.64",
            "revenue": 110856
        },
        "2011-11": {
            "month": "2011-11",
            "price": "22.82",
            "revenue": 97282
        },
        "2011-12": {
            "month": "2011-12",
            "price": "22.47",
            "revenue": 104424
        },
        "2012-01": {
            "month": "2012-01",
            "price": "25.32",
            "revenue": 82497
        },
        "2012-02": {
            "month": "2012-02",
            "price": "26.01",
            "revenue": 94553
        },
        "2012-03": {
            "month": "2012-03",
            "price": "26.48",
            "revenue": 112850
        },
        "2012-04": {
            "month": "2012-04",
            "price": "22.85",
            "revenue": 118033
        },
        "2012-05": {
            "month": "2012-05",
            "price": "22.61",
            "revenue": 115303
        },
        "2012-06": {
            "month": "2012-06",
            "price": "21.89",
            "revenue": 118139
        },
        "2012-07": {
            "month": "2012-07",
            "price": "22.25",
            "revenue": 126080
        },
        "2012-08": {
            "month": "2012-08",
            "price": "23.18",
            "revenue": 126723
        },
        "2012-09": {
            "month": "2012-09",
            "price": "24.18",
            "revenue": 104065
        },
        "2012-10": {
            "month": "2012-10",
            "price": "22.97",
            "revenue": 106852
        },
        "2012-11": {
            "month": "2012-11",
            "price": "21.97",
            "revenue": 105025
        },
        "2012-12": {
            "month": "2012-12",
            "price": "22.24",
            "revenue": 113076
        },
        "2013-01": {
            "month": "2013-01",
            "price": "22.55",
            "revenue": 121337
        },
        "2013-02": {
            "month": "2013-02",
            "price": "23.53",
            "revenue": 74025
        },
        "2013-03": {
            "month": "2013-03",
            "price": "24.92",
            "revenue": 122575
        },
        "2013-04": {
            "month": "2013-04",
            "price": "27.34",
            "revenue": 120537
        },
        "2013-05": {
            "month": "2013-05",
            "price": "28.04",
            "revenue": 147910
        },
        "2013-06": {
            "month": "2013-06",
            "price": "28.34",
            "revenue": 99726
        },
        "2013-07": {
            "month": "2013-07",
            "price": "28.32",
            "revenue": 134818
        },
        "2013-08": {
            "month": "2013-08",
            "price": "27.07",
            "revenue": 133273
        },
        "2013-09": {
            "month": "2013-09",
            "price": "28.91",
            "revenue": 110008
        },
        "2013-10": {
            "month": "2013-10",
            "price": "28.55",
            "revenue": 123002
        },
        "2013-11": {
            "month": "2013-11",
            "price": "27.83",
            "revenue": 124433
        },
        "2013-12": {
            "month": "2013-12",
            "price": "32.07",
            "revenue": 116964
        },
        "2014-01": {
            "month": "2014-01",
            "price": "33.18",
            "revenue": 121891
        },
        "2014-02": {
            "month": "2014-02",
            "price": "32.62",
            "revenue": 99589
        },
        "2014-03": {
            "month": "2014-03",
            "price": "35.80",
            "revenue": 121533
        },
        "2014-04": {
            "month": "2014-04",
            "price": "36.05",
            "revenue": 130682
        },
        "2014-05": {
            "month": "2014-05",
            "price": "32.55",
            "revenue": 127797
        },
        "2014-06": {
            "month": "2014-06",
            "price": "33.85",
            "revenue": 134311
        },
        "2014-07": {
            "month": "2014-07",
            "price": "34.75",
            "revenue": 124039
        },
        "2014-08": {
            "month": "2014-08",
            "price": "33.84",
            "revenue": 106732
        },
        "2014-09": {
            "month": "2014-09",
            "price": "29.74",
            "revenue": 104718
        },
        "2014-10": {
            "month": "2014-10",
            "price": "28.28",
            "revenue": 104865
        },
        "2014-11": {
            "month": "2014-11",
            "price": "27.98",
            "revenue": 100872
        },
        "2014-12": {
            "month": "2014-12",
            "price": "28.10",
            "revenue": 114884
        },
        "2015-01": {
            "month": "2015-01",
            "price": "30.32",
            "revenue": 135853
        },
        "2015-02": {
            "month": "2015-02",
            "price": "30.57",
            "revenue": 73530
        },
        "2015-03": {
            "month": "2015-03",
            "price": "33.80",
            "revenue": 117487
        },
        "2015-04": {
            "month": "2015-04",
            "price": "35.61",
            "revenue": 129491
        },
        "2015-05": {
            "month": "2015-05",
            "price": "33.87",
            "revenue": 118782
        },
        "2015-06": {
            "month": "2015-06",
            "price": "32.08",
            "revenue": 115574
        },
        "2015-07": {
            "month": "2015-07",
            "price": "31.75",
            "revenue": 123325
        },
        "2015-08": {
            "month": "2015-08",
            "price": "28.66",
            "revenue": 106486
        },
        "2015-09": {
            "month": "2015-09",
            "price": "27.61",
            "revenue": 129167
        },
        "2015-10": {
            "month": "2015-10",
            "price": "28.80",
            "revenue": 120032
        },
        "2015-11": {
            "month": "2015-11",
            "price": "28.59",
            "revenue": 122783
        },
        "2015-12": {
            "month": "2015-12",
            "price": "27.79",
            "revenue": 136017
        },
        "2016-01": {
            "month": "2016-01",
            "price": "27.23",
            "revenue": 140119
        },
        "2016-02": {
            "month": "2016-02",
            "price": "28.21",
            "revenue": 88398
        },
        "2016-03": {
            "month": "2016-03",
            "price": "29.27",
            "revenue": 140581
        },
        "2016-04": {
            "month": "2016-04",
            "price": "27.78",
            "revenue": 114804
        },
        "2016-05": {
            "month": "2016-05",
            "price": "27.07",
            "revenue": 122608
        },
        "2016-06": {
            "month": "2016-06",
            "price": "27.24",
            "revenue": 116251
        },
        "2016-07": {
            "month": "2016-07",
            "price": "28.13",
            "revenue": 122146
        },
        "2016-08": {
            "month": "2016-08",
            "price": "27.73",
            "revenue": 111833
        },
        "2016-09": {
            "month": "2016-09",
            "price": "27.30",
            "revenue": 121144
        },
        "2016-10": {
            "month": "2016-10",
            "price": "27.24",
            "revenue": 109704
        },
        "2016-11": {
            "month": "2016-11",
            "price": "27.97",
            "revenue": 127504
        },
        "2016-12": {
            "month": "2016-12",
            "price": "28.85",
            "revenue": 159864
        },
        "2017-01": {
            "month": "2017-01",
            "price": "31.59",
            "revenue": 121047
        },
        "2017-02": {
            "month": "2017-02",
            "price": "32.20",
            "revenue": 91495
        },
        "2017-03": {
            "month": "2017-03",
            "price": "35.63",
            "revenue": 112479
        },
        "2017-04": {
            "month": "2017-04",
            "price": "35.30",
            "revenue": 100912
        },
        "2017-05": {
            "month": "2017-05",
            "price": "34.62",
            "revenue": 112657
        },
        "2017-06": {
            "month": "2017-06",
            "price": "35.06",
            "revenue": 128406
        },
        "2017-07": {
            "month": "2017-07",
            "price": "35.88",
            "revenue": 116795
        },
        "2017-08": {
            "month": "2017-08",
            "price": "32.49",
            "revenue": 128074
        },
        "2017-09": {
            "month": "2017-09",
            "price": "31.51",
            "revenue": 136900
        },
        "2017-10": {
            "month": "2017-10",
            "price": "32.28",
            "revenue": 122909
        },
        "2017-11": {
            "month": "2017-11",
            "price": "32.23",
            "revenue": 123205
        },
        "2017-12": {
            "month": "2017-12",
            "price": "31.95",
            "revenue": 107765
        },
        "2018-01": {
            "month": "2018-01",
            "price": "31.45",
            "revenue": 111728
        },
        "2018-02": {
            "month": "2018-02",
            "price": "31.10",
            "revenue": 72889
        },
        "2018-03": {
            "month": "2018-03",
            "price": "31.95",
            "revenue": 129051
        },
        "2018-04": {
            "month": "2018-04",
            "price": "31.83",
            "revenue": 102161
        },
        "2018-05": {
            "month": "2018-05",
            "price": "30.11",
            "revenue": 122057
        },
        "2018-06": {
            "month": "2018-06",
            "price": "30.07",
            "revenue": 117231
        },
        "2018-07": {
            "month": "2018-07",
            "price": "29.88",
            "revenue": 122022
        },
        "2018-08": {
            "month": "2018-08",
            "price": "30.09",
            "revenue": 128793
        },
        "2018-09": {
            "month": "2018-09",
            "price": "29.01",
            "revenue": 119110
        },
        "2018-10": {
            "month": "2018-10",
            "price": "27.73",
            "revenue": 111093
        },
        "2018-11": {
            "month": "2018-11",
            "price": "28.77",
            "revenue": 110694
        },
        "2018-12": {
            "month": "2018-12",
            "price": "29.67",
            "revenue": 81234
        },
        "2019-01": {
            "month": "2019-01",
            "price": "29.50",
            "revenue": 103861
        },
        "2019-02": {
            "month": "2019-02",
            "price": "30.00",
            "revenue": 59513
        },
        "2019-03": {
            "month": "2019-03",
            "price": "30.58",
            "revenue": 102452
        },
        "2019-04": {
            "month": "2019-04",
            "price": "30.35",
            "revenue": 90069
        },
        "2019-05": {
            "month": "2019-05",
            "price": "31.31",
            "revenue": 96850
        },
        "2019-06": {
            "month": "2019-06",
            "price": "31.50",
            "revenue": 88812
        },
        "2019-07": {
            "month": "2019-07",
            "price": "32.29",
            "revenue": 82023
        },
        "2019-08": {
            "month": "2019-08",
            "price": "31.25",
            "revenue": 70061
        },
        "2019-09": {
            "month": "2019-09",
            "price": "31.46",
            "revenue": 91968
        },
        "2019-10": {
            "month": "2019-10",
            "price": "31.27",
            "revenue": 74783
        },
        "2019-11": {
            "month": "2019-11",
            "price": "34.34",
            "revenue": 70382
        },
        "2019-12": {
            "month": "2019-12",
            "price": "34.41",
            "revenue": 78652
        },
        "2020-01": {
            "month": "2020-01",
            "price": "34.50",
            "revenue": 85094
        },
        "2020-02": {
            "month": "2020-02",
            "price": "34.89",
            "revenue": 70661
        },
        "2020-03": {
            "month": "2020-03",
            "price": "36.13",
            "revenue": 67160
        },
        "2020-04": {
            "month": "2020-04",
            "price": "37.29",
            "revenue": 47556
        },
        "2020-05": {
            "month": "2020-05",
            "price": "36.20",
            "revenue": 53304
        },
        "2020-06": {
            "month": "2020-06",
            "price": "36.38",
            "revenue": 72713
        },
        "2020-07": {
            "month": "2020-07",
            "price": "36.07",
            "revenue": 125412
        },
        "2020-08": {
            "month": "2020-08",
            "price": "33.29",
            "revenue": 101251
        },
        "2020-09": {
            "month": "2020-09",
            "price": "34.70",
            "revenue": 98859
        },
        "2020-10": {
            "month": "2020-10",
            "price": "33.98",
            "revenue": 97809
        },
        "2020-11": {
            "month": "2020-11",
            "price": "34.66",
            "revenue": 96819
        },
        "2020-12": {
            "month": "2020-12",
            "price": "36.02",
            "revenue": 98499
        },
        "2021-01": {
            "month": "2021-01",
            "price": "36.18",
            "revenue": 106889
        },
        "2021-02": {
            "month": "2021-02",
            "price": "36.42",
            "revenue": 73925
        },
        "2021-03": {
            "month": "2021-03",
            "price": "38.44",
            "revenue": 108926
        },
        "2021-04": {
            "month": "2021-04",
            "price": "40.58",
            "revenue": 89751
        },
        "2021-05": {
            "month": "2021-05",
            "price": "39.59",
            "revenue": 95576
        },
        "2021-06": {
            "month": "2021-06",
            "price": "40.67",
            "revenue": 89477
        },
        "2021-07": {
            "month": "2021-07",
            "price": "40.65",
            "revenue": 102508
        },
        "2021-08": {
            "month": "2021-08",
            "price": "40.46",
            "revenue": 97188
        },
        "2021-09": {
            "month": "2021-09",
            "price": "40.52",
            "revenue": 117748
        },
        "2021-10": {
            "month": "2021-10",
            "price": "42.08",
            "revenue": 89262
        },
        "2021-11": {
            "month": "2021-11",
            "price": "43.21",
            "revenue": 115588
        },
        "2021-12": {
            "month": "2021-12",
            "price": "43.23",
            "revenue": 125254
        },
        "2022-01": {
            "month": "2022-01",
            "price": "43.91",
            "revenue": 102303
        },
        "2022-02": {
            "month": "2022-02",
            "price": "45.41",
            "revenue": 109067
        },
        "2022-03": {
            "month": "2022-03",
            "price": "46.97",
            "revenue": 144504
        },
        "2022-04": {
            "month": "2022-04",
            "price": "46.36",
            "revenue": 118634
        },
        "2022-05": {
            "month": "2022-05",
            "price": "46.89",
            "revenue": 140500
        },
        "2022-06": {
            "month": "2022-06",
            "price": "48.45",
            "revenue": 127243
        },
        "2022-07": {
            "month": "2022-07",
            "price": "44.68",
            "revenue": 137737
        },
        "2022-08": {
            "month": "2022-08",
            "price": "39.85",
            "revenue": 150738
        },
        "2022-09": {
            "month": "2022-09",
            "price": "38.13",
            "revenue": 130555
        },
        "2022-10": {
            "month": "2022-10",
            "price": "36.29",
            "revenue": 152953
        },
        "2022-11": {
            "month": "2022-11",
            "price": "38.24",
            "revenue": 156951
        },
        "2022-12": {
            "month": "2022-12",
            "price": "39.35",
            "revenue": 138894
        },
        "2023-01": {
            "month": "2023-01",
            "price": "40.33",
            "revenue": 108809
        },
        "2023-02": {
            "month": "2023-02",
            "price": "41.45",
            "revenue": 93359
        },
        "2023-03": {
            "month": "2023-03",
            "price": "43.73",
            "revenue": 136223
        },
        "2023-04": {
            "month": "2023-04",
            "price": "44.61",
            "revenue": 101565
        },
        "2023-05": {
            "month": "2023-05",
            "price": "44.84",
            "revenue": 106379
        }
    }
}
