{
    "summary": {
        "stock_name": "智基",
        "stock_id": "6294",
        "category": "文化創意",
        "main_business": "短期補習班業",
        "website_url": "http://www.tekom.com.tw/",
        "ceo": "邱仕榮",
        "pe_ratio": 11,
        "report_year_from": 2001,
        "report_year_to": 2023,
        "age": 22,
        "eps_negative_percentage": 38,
        "eps_growth_avg": {
            "last_all": -7.6,
            "last_2y": 5.13,
            "last_4y": -0.01,
            "last_8y": 11.49,
            "last_12y": 1.64,
            "last_16y": 1.64,
            "last_20y": null,
            "at_2006_last_3y": null,
            "at_2007_last_3y": -100,
            "at_2008_last_3y": null,
            "at_2009_last_3y": null,
            "at_2010_last_3y": null,
            "at_2011_last_3y": null,
            "at_2012_last_3y": null,
            "at_2013_last_3y": -86.96,
            "at_2014_last_3y": -62.78,
            "at_2015_last_3y": -8.52,
            "at_2016_last_3y": 7.28,
            "at_2017_last_3y": 25.85,
            "at_2018_last_3y": 31.45,
            "at_2019_last_3y": 6.65,
            "at_2020_last_3y": -0.26,
            "at_2021_last_3y": 3.39,
            "at_2022_last_3y": 4.04,
            "at_2023_last_3y": 4.04,
            "at_2006_last_all": -100,
            "at_2007_last_all": -100,
            "at_2008_last_all": -100,
            "at_2009_last_all": -100,
            "at_2010_last_all": -100,
            "at_2011_last_all": -100,
            "at_2012_last_all": -100,
            "at_2013_last_all": -93.48,
            "at_2014_last_all": -75.18,
            "at_2015_last_all": -31.39,
            "at_2016_last_all": -14.18,
            "at_2017_last_all": -13.92,
            "at_2018_last_all": -14.25,
            "at_2019_last_all": -12.37,
            "at_2020_last_all": -7.99,
            "at_2021_last_all": -7,
            "at_2022_last_all": -7.6,
            "at_2023_last_all": -7.6
        },
        "latest_eps": 9.97,
        "latest_price": 114,
        "latest_roe": 39.43,
        "latest_gross_margin": 50.96,
        "latest_equity": 632954,
        "latest_revenue": 265594,
        "latest_gross_profit": 135353,
        "latest_net_income": 87647,
        "latest_debt_ratio": 53.3,
        "latest_current_ratio": 137.7,
        "latest_account_receivable_turnover_ratio": 25.77,
        "latest_inventory_turnover_ratio": 16.57,
        "latest_reinvestment_rate": 2.22,
        "latest_research_to_sale_ratio": null
    },
    "eps_dividends": {
        "2001": {
            "cash": 0,
            "stock": 1.9,
            "eps": 0
        },
        "2002": {
            "cash": 0,
            "stock": 0,
            "eps": 0
        },
        "2003": {
            "cash": 0,
            "stock": 0.1,
            "eps": 2.22
        },
        "2004": {
            "cash": 0,
            "stock": 2.07,
            "eps": -3.96
        },
        "2005": {
            "cash": 0,
            "stock": 0,
            "eps": -3.31
        },
        "2006": {
            "cash": 0,
            "stock": 0,
            "eps": -3.07
        },
        "2007": {
            "cash": 0,
            "stock": 0,
            "eps": -2.36
        },
        "2008": {
            "cash": 0,
            "stock": 0,
            "eps": -1.12
        },
        "2009": {
            "cash": 0,
            "stock": 0,
            "eps": -0.17
        },
        "2010": {
            "cash": 0,
            "stock": 0,
            "eps": -2.3
        },
        "2011": {
            "cash": 0,
            "stock": 0,
            "eps": -0.96
        },
        "2012": {
            "cash": 0,
            "stock": 0,
            "eps": 4.37
        },
        "2013": {
            "cash": 0,
            "stock": 0,
            "eps": 0.57
        },
        "2014": {
            "cash": 0,
            "stock": 0,
            "eps": 0.35
        },
        "2015": {
            "cash": 0,
            "stock": 1,
            "eps": 7.81
        },
        "2016": {
            "cash": 3.8,
            "stock": 2,
            "eps": 12.08
        },
        "2017": {
            "cash": 8,
            "stock": 0.5,
            "eps": 10.55
        },
        "2018": {
            "cash": 7.5,
            "stock": 1,
            "eps": 8.84
        },
        "2019": {
            "cash": 8,
            "stock": 0,
            "eps": 8.91
        },
        "2020": {
            "cash": 8,
            "stock": 0,
            "eps": 11.32
        },
        "2021": {
            "cash": 9,
            "stock": 0.5,
            "eps": 11.54
        },
        "2022": {
            "cash": 9.5,
            "stock": 0,
            "eps": 9.97
        },
        "2023": {
            "cash": 8.8,
            "stock": 0,
            "eps": 5.17
        }
    },
    "dividends": {
        "2001-07-31": {
            "cash": 0,
            "stock": 0.95
        },
        "2001-12-25": {
            "cash": 0,
            "stock": 0.95
        },
        "2003-05-26": {
            "cash": 0,
            "stock": 0.1
        },
        "2004-03-10": {
            "cash": 0,
            "stock": 2.07
        },
        "2015-05-12": {
            "cash": 0,
            "stock": 1
        },
        "2016-09-14": {
            "cash": 3.8,
            "stock": 2
        },
        "2017-09-11": {
            "cash": 8,
            "stock": 0.5
        },
        "2018-08-17": {
            "cash": 7.5,
            "stock": 1
        },
        "2019-07-26": {
            "cash": 8,
            "stock": 0
        },
        "2020-07-20": {
            "cash": 8,
            "stock": 0
        },
        "2021-09-08": {
            "cash": 9,
            "stock": 0.5
        },
        "2022-05-11": {
            "cash": 9.5,
            "stock": 0
        },
        "2023-05-10": {
            "cash": 8.8,
            "stock": 0
        }
    },
    "prices": {
        "200101": "無",
        "200102": "無",
        "200103": "無",
        "200104": "無",
        "200105": "無",
        "200106": "無",
        "200107": "無",
        "200108": "無",
        "200109": "無",
        "200110": "無",
        "200111": "無",
        "200112": "無",
        "200201": "無",
        "200202": "無",
        "200203": "無",
        "200204": "無",
        "200205": "無",
        "200206": "無",
        "200207": "無",
        "200208": "無",
        "200209": "無",
        "200210": "無",
        "200211": "無",
        "200212": "無",
        "200301": "無",
        "200302": "無",
        "200303": "無",
        "200304": "無",
        "200305": "無",
        "200306": "無",
        "200307": "無",
        "200308": "無",
        "200309": "41.46",
        "200310": "40.00",
        "200311": "37.04",
        "200312": "38.12",
        "200401": "35.84",
        "200402": "33.04",
        "200403": "27.43",
        "200404": "24.71",
        "200405": "16.02",
        "200406": "16.65",
        "200407": "15.57",
        "200408": "11.32",
        "200409": "8.06",
        "200410": "7.34",
        "200411": "6.83",
        "200412": "6.86",
        "200501": "6.03",
        "200502": "5.14",
        "200503": "6.71",
        "200504": "6.79",
        "200505": "5.93",
        "200506": "6.31",
        "200507": "6.18",
        "200508": "5.68",
        "200509": "4.89",
        "200510": "4.09",
        "200511": "5.00",
        "200512": "5.41",
        "200601": "5.58",
        "200602": "5.00",
        "200603": "4.96",
        "200604": "4.57",
        "200605": "2.92",
        "200606": "2.81",
        "200607": "2.19",
        "200608": "2.65",
        "200609": "1.81",
        "200610": "1.46",
        "200611": "1.54",
        "200612": "1.98",
        "200701": "1.76",
        "200702": "3.06",
        "200703": "4.07",
        "200704": "3.85",
        "200705": "3.37",
        "200706": "2.76",
        "200707": "2.80",
        "200708": "2.73",
        "200709": "2.68",
        "200710": "3.32",
        "200711": "2.70",
        "200712": "3.04",
        "200801": "2.63",
        "200802": "2.44",
        "200803": "2.24",
        "200804": "2.01",
        "200805": "1.56",
        "200806": "1.49",
        "200807": "1.33",
        "200808": "無",
        "200809": "0.94",
        "200810": "0.77",
        "200811": "0.57",
        "200812": "0.46",
        "200901": "0.40",
        "200902": "0.44",
        "200903": "0.88",
        "200904": "2.36",
        "200905": "2.45",
        "200906": "1.74",
        "200907": "1.79",
        "200908": "1.86",
        "200909": "1.16",
        "200910": "1.25",
        "200911": "1.11",
        "200912": "1.14",
        "201001": "1.19",
        "201002": "41.48",
        "201003": "33.37",
        "201004": "27.59",
        "201005": "22.68",
        "201006": "20.11",
        "201007": "19.31",
        "201008": "18.10",
        "201009": "30.02",
        "201010": "31.62",
        "201011": "24.88",
        "201012": "26.65",
        "201101": "27.55",
        "201102": "25.33",
        "201103": "37.12",
        "201104": "40.46",
        "201105": "32.68",
        "201106": "30.07",
        "201107": "29.66",
        "201108": "34.41",
        "201109": "34.91",
        "201110": "36.59",
        "201111": "36.43",
        "201112": "37.27",
        "201201": "35.97",
        "201202": "36.12",
        "201203": "34.53",
        "201204": "38.63",
        "201205": "46.17",
        "201206": "41.28",
        "201207": "40.82",
        "201208": "43.93",
        "201209": "47.01",
        "201210": "50.45",
        "201211": "48.60",
        "201212": "51.19",
        "201301": "64.67",
        "201302": "63.85",
        "201303": "60.52",
        "201304": "59.18",
        "201305": "56.10",
        "201306": "49.27",
        "201307": "41.72",
        "201308": "38.00",
        "201309": "38.51",
        "201310": "32.81",
        "201311": "29.79",
        "201312": "31.03",
        "201401": "33.11",
        "201402": "41.68",
        "201403": "41.35",
        "201404": "41.64",
        "201405": "40.20",
        "201406": "39.25",
        "201407": "35.66",
        "201408": "36.43",
        "201409": "36.01",
        "201410": "36.02",
        "201411": "32.09",
        "201412": "32.94",
        "201501": "34.73",
        "201502": "35.27",
        "201503": "37.15",
        "201504": "44.24",
        "201505": "74.32",
        "201506": "142.43",
        "201507": "155.84",
        "201508": "136.07",
        "201509": "124.48",
        "201510": "118.73",
        "201511": "95.17",
        "201512": "82.57",
        "201601": "81.48",
        "201602": "94.82",
        "201603": "115.63",
        "201604": "111.58",
        "201605": "130.05",
        "201606": "136.52",
        "201607": "137.60",
        "201608": "142.57",
        "201609": "110.32",
        "201610": "104.29",
        "201611": "118.30",
        "201612": "120.77",
        "201701": "120.84",
        "201702": "124.64",
        "201703": "123.26",
        "201704": "116.36",
        "201705": "116.18",
        "201706": "118.91",
        "201707": "120.29",
        "201708": "113.85",
        "201709": "102.52",
        "201710": "101.16",
        "201711": "103.20",
        "201712": "107.45",
        "201801": "117.02",
        "201802": "116.92",
        "201803": "123.96",
        "201804": "124.72",
        "201805": "126.05",
        "201806": "125.02",
        "201807": "121.93",
        "201808": "110.91",
        "201809": "106.34",
        "201810": "101.00",
        "201811": "104.34",
        "201812": "103.36",
        "201901": "105.26",
        "201902": "108.19",
        "201903": "110.00",
        "201904": "108.80",
        "201905": "109.02",
        "201906": "109.84",
        "201907": "103.11",
        "201908": "101.88",
        "201909": "101.82",
        "201910": "101.76",
        "201911": "102.00",
        "201912": "101.91",
        "202001": "101.80",
        "202002": "100.88",
        "202003": "95.40",
        "202004": "99.84",
        "202005": "106.70",
        "202006": "112.15",
        "202007": "106.65",
        "202008": "108.00",
        "202009": "111.02",
        "202010": "112.76",
        "202011": "117.48",
        "202012": "123.85",
        "202101": "123.08",
        "202102": "124.19",
        "202103": "135.43",
        "202104": "145.53",
        "202105": "145.02",
        "202106": "150.10",
        "202107": "151.34",
        "202108": "148.09",
        "202109": "143.52",
        "202110": "131.70",
        "202111": "126.95",
        "202112": "124.16",
        "202201": "125.47",
        "202202": "125.87",
        "202203": "128.24",
        "202204": "127.42",
        "202205": "107.13",
        "202206": "99.26",
        "202207": "104.52",
        "202208": "111.74",
        "202209": "107.62",
        "202210": "102.11",
        "202211": "100.46",
        "202212": "103.73",
        "202301": "107.31",
        "202302": "107.94",
        "202303": "113.59",
        "202304": "112.88",
        "202305": "108.30",
        "202306": "108.28",
        "202307": "109.07",
        "202308": "111.14",
        "202309": "113.12"
    },
    "quarters": {
        "20011": {
            "year_quarter": 20011,
            "year": 2001,
            "quarter": 1,
            "eps": null,
            "eps_growth_year": null,
            "eps_4q": null,
            "eps_4q_growth_year": null,
            "roe": null,
            "roe_4q": 0,
            "gross_profit": null,
            "gross_margin": null,
            "gross_margin_4q_avg": 0,
            "net_income": null,
            "revenue": null,
            "common_shares": null,
            "book_valuer_per_share": null,
            "book_valuer_per_share_4q_avg": 0,
            "equity": null,
            "current_ratio": null,
            "debt_ratio": null,
            "inventory_turnover_ratio": null,
            "account_receivable_turnover_ratio": null,
            "reinvestment_rate": null,
            "research_to_sale_ratio": null,
            "price_fair": 0,
            "eps_avg_yearly": 0,
            "eps_latest_yearly": 0,
            "eps_growth_yearly": 0
        },
        "20012": {
            "year_quarter": 20012,
            "year": 2001,
            "quarter": 2,
            "eps": null,
            "eps_growth_year": null,
            "eps_4q": null,
            "eps_4q_growth_year": null,
            "roe": null,
            "roe_4q": 0,
            "gross_profit": null,
            "gross_margin": null,
            "gross_margin_4q_avg": 0,
            "net_income": null,
            "revenue": null,
            "common_shares": null,
            "book_valuer_per_share": null,
            "book_valuer_per_share_4q_avg": 0,
            "equity": null,
            "current_ratio": null,
            "debt_ratio": null,
            "inventory_turnover_ratio": null,
            "account_receivable_turnover_ratio": null,
            "reinvestment_rate": null,
            "research_to_sale_ratio": null,
            "price_fair": 0,
            "eps_avg_yearly": 0,
            "eps_latest_yearly": 0,
            "eps_growth_yearly": 0
        },
        "20013": {
            "year_quarter": 20013,
            "year": 2001,
            "quarter": 3,
            "eps": null,
            "eps_growth_year": null,
            "eps_4q": null,
            "eps_4q_growth_year": null,
            "roe": null,
            "roe_4q": 0,
            "gross_profit": null,
            "gross_margin": null,
            "gross_margin_4q_avg": 0,
            "net_income": null,
            "revenue": null,
            "common_shares": null,
            "book_valuer_per_share": null,
            "book_valuer_per_share_4q_avg": 0,
            "equity": null,
            "current_ratio": null,
            "debt_ratio": null,
            "inventory_turnover_ratio": null,
            "account_receivable_turnover_ratio": null,
            "reinvestment_rate": null,
            "research_to_sale_ratio": null,
            "price_fair": 0,
            "eps_avg_yearly": 0,
            "eps_latest_yearly": 0,
            "eps_growth_yearly": 0
        },
        "20014": {
            "year_quarter": 20014,
            "year": 2001,
            "quarter": 4,
            "eps": null,
            "eps_growth_year": null,
            "eps_4q": null,
            "eps_4q_growth_year": null,
            "roe": null,
            "roe_4q": 0,
            "gross_profit": null,
            "gross_margin": null,
            "gross_margin_4q_avg": 0,
            "net_income": null,
            "revenue": null,
            "common_shares": 600000,
            "book_valuer_per_share": 13.34,
            "book_valuer_per_share_4q_avg": 3.34,
            "equity": 800604,
            "current_ratio": 172.5,
            "debt_ratio": 42.83,
            "inventory_turnover_ratio": null,
            "account_receivable_turnover_ratio": null,
            "reinvestment_rate": null,
            "research_to_sale_ratio": null,
            "price_fair": 0,
            "eps_avg_yearly": 0,
            "eps_latest_yearly": 0,
            "eps_growth_yearly": 0
        },
        "20021": {
            "year_quarter": 20021,
            "year": 2002,
            "quarter": 1,
            "eps": null,
            "eps_growth_year": null,
            "eps_4q": null,
            "eps_4q_growth_year": null,
            "roe": null,
            "roe_4q": 0,
            "gross_profit": null,
            "gross_margin": null,
            "gross_margin_4q_avg": 0,
            "net_income": null,
            "revenue": null,
            "common_shares": null,
            "book_valuer_per_share": null,
            "book_valuer_per_share_4q_avg": 3.34,
            "equity": null,
            "current_ratio": null,
            "debt_ratio": null,
            "inventory_turnover_ratio": null,
            "account_receivable_turnover_ratio": null,
            "reinvestment_rate": null,
            "research_to_sale_ratio": null,
            "price_fair": 0,
            "eps_avg_yearly": 0,
            "eps_latest_yearly": 0,
            "eps_growth_yearly": 0
        },
        "20022": {
            "year_quarter": 20022,
            "year": 2002,
            "quarter": 2,
            "eps": null,
            "eps_growth_year": null,
            "eps_4q": null,
            "eps_4q_growth_year": null,
            "roe": null,
            "roe_4q": 0,
            "gross_profit": null,
            "gross_margin": null,
            "gross_margin_4q_avg": 0,
            "net_income": null,
            "revenue": null,
            "common_shares": null,
            "book_valuer_per_share": null,
            "book_valuer_per_share_4q_avg": 3.34,
            "equity": null,
            "current_ratio": null,
            "debt_ratio": null,
            "inventory_turnover_ratio": null,
            "account_receivable_turnover_ratio": null,
            "reinvestment_rate": null,
            "research_to_sale_ratio": null,
            "price_fair": 0,
            "eps_avg_yearly": 0,
            "eps_latest_yearly": 0,
            "eps_growth_yearly": 0
        },
        "20023": {
            "year_quarter": 20023,
            "year": 2002,
            "quarter": 3,
            "eps": null,
            "eps_growth_year": null,
            "eps_4q": null,
            "eps_4q_growth_year": null,
            "roe": null,
            "roe_4q": 0,
            "gross_profit": null,
            "gross_margin": null,
            "gross_margin_4q_avg": 0,
            "net_income": null,
            "revenue": null,
            "common_shares": null,
            "book_valuer_per_share": null,
            "book_valuer_per_share_4q_avg": 3.34,
            "equity": null,
            "current_ratio": null,
            "debt_ratio": null,
            "inventory_turnover_ratio": null,
            "account_receivable_turnover_ratio": null,
            "reinvestment_rate": null,
            "research_to_sale_ratio": null,
            "price_fair": 0,
            "eps_avg_yearly": 0,
            "eps_latest_yearly": 0,
            "eps_growth_yearly": 0
        },
        "20024": {
            "year_quarter": 20024,
            "year": 2002,
            "quarter": 4,
            "eps": null,
            "eps_growth_year": null,
            "eps_4q": null,
            "eps_4q_growth_year": null,
            "roe": null,
            "roe_4q": 0,
            "gross_profit": null,
            "gross_margin": null,
            "gross_margin_4q_avg": 0,
            "net_income": null,
            "revenue": null,
            "common_shares": 773519,
            "book_valuer_per_share": 13.21,
            "book_valuer_per_share_4q_avg": 3.3,
            "equity": 1021761,
            "current_ratio": 190.26,
            "debt_ratio": 41.12,
            "inventory_turnover_ratio": null,
            "account_receivable_turnover_ratio": null,
            "reinvestment_rate": null,
            "research_to_sale_ratio": null,
            "price_fair": 0,
            "eps_avg_yearly": 0,
            "eps_latest_yearly": 0,
            "eps_growth_yearly": 0
        },
        "20031": {
            "year_quarter": 20031,
            "year": 2003,
            "quarter": 1,
            "eps": 0.16,
            "eps_growth_year": null,
            "eps_4q": null,
            "eps_4q_growth_year": null,
            "roe": 1.17,
            "roe_4q": 1.17,
            "gross_profit": 85062,
            "gross_margin": 9.55,
            "gross_margin_4q_avg": 2.39,
            "net_income": 12011,
            "revenue": 890737,
            "common_shares": 773519,
            "book_valuer_per_share": 13.36,
            "book_valuer_per_share_4q_avg": 6.64,
            "equity": 1033766,
            "current_ratio": 171.97,
            "debt_ratio": 43.25,
            "inventory_turnover_ratio": 2.18,
            "account_receivable_turnover_ratio": null,
            "reinvestment_rate": null,
            "research_to_sale_ratio": null,
            "price_fair": 0,
            "eps_avg_yearly": 0,
            "eps_latest_yearly": 0,
            "eps_growth_yearly": 0
        },
        "20032": {
            "year_quarter": 20032,
            "year": 2003,
            "quarter": 2,
            "eps": 0.69,
            "eps_growth_year": null,
            "eps_4q": null,
            "eps_4q_growth_year": null,
            "roe": 5.54,
            "roe_4q": 6.71,
            "gross_profit": 146923,
            "gross_margin": 15.27,
            "gross_margin_4q_avg": 6.21,
            "net_income": 58898,
            "revenue": 962411,
            "common_shares": 773519,
            "book_valuer_per_share": 14.1,
            "book_valuer_per_share_4q_avg": 10.17,
            "equity": 1090893,
            "current_ratio": 162.91,
            "debt_ratio": 48,
            "inventory_turnover_ratio": 1.59,
            "account_receivable_turnover_ratio": null,
            "reinvestment_rate": null,
            "research_to_sale_ratio": null,
            "price_fair": 96.6,
            "eps_avg_yearly": 2.76,
            "eps_latest_yearly": 2.76,
            "eps_growth_yearly": 1325
        },
        "20033": {
            "year_quarter": 20033,
            "year": 2003,
            "quarter": 3,
            "eps": 0.78,
            "eps_growth_year": null,
            "eps_4q": null,
            "eps_4q_growth_year": null,
            "roe": 7.21,
            "roe_4q": 13.92,
            "gross_profit": 209201,
            "gross_margin": 13.5,
            "gross_margin_4q_avg": 9.58,
            "net_income": 81425,
            "revenue": 1549947,
            "common_shares": 773519,
            "book_valuer_per_share": 15.12,
            "book_valuer_per_share_4q_avg": 13.95,
            "equity": 1169239,
            "current_ratio": 147.91,
            "debt_ratio": 55.91,
            "inventory_turnover_ratio": 2.03,
            "account_receivable_turnover_ratio": null,
            "reinvestment_rate": null,
            "research_to_sale_ratio": null,
            "price_fair": 102.9,
            "eps_avg_yearly": 2.94,
            "eps_latest_yearly": 3.12,
            "eps_growth_yearly": 688.59
        },
        "20034": {
            "year_quarter": 20034,
            "year": 2003,
            "quarter": 4,
            "eps": 0.59,
            "eps_growth_year": null,
            "eps_4q": 2.38,
            "eps_4q_growth_year": null,
            "roe": 4.2,
            "roe_4q": 18.119999999999997,
            "gross_profit": 141034,
            "gross_margin": 8.97,
            "gross_margin_4q_avg": 11.82,
            "net_income": 50159,
            "revenue": 1572761,
            "common_shares": 850871,
            "book_valuer_per_share": 14.34,
            "book_valuer_per_share_4q_avg": 14.23,
            "equity": 1220157,
            "current_ratio": 154.26,
            "debt_ratio": 55.45,
            "inventory_turnover_ratio": 1.96,
            "account_receivable_turnover_ratio": null,
            "reinvestment_rate": null,
            "research_to_sale_ratio": null,
            "price_fair": 96.13,
            "eps_avg_yearly": 2.75,
            "eps_latest_yearly": 2.36,
            "eps_growth_yearly": 426.58
        },
        "20041": {
            "year_quarter": 20041,
            "year": 2004,
            "quarter": 1,
            "eps": -0.28,
            "eps_growth_year": -275,
            "eps_4q": 1.93,
            "eps_4q_growth_year": null,
            "roe": -2,
            "roe_4q": 14.95,
            "gross_profit": 60959,
            "gross_margin": 7.17,
            "gross_margin_4q_avg": 11.23,
            "net_income": -24110,
            "revenue": 850681,
            "common_shares": 850871,
            "book_valuer_per_share": 14.02,
            "book_valuer_per_share_4q_avg": 14.4,
            "equity": 1193218,
            "current_ratio": 192.94,
            "debt_ratio": 42.06,
            "inventory_turnover_ratio": 1.28,
            "account_receivable_turnover_ratio": null,
            "reinvestment_rate": null,
            "research_to_sale_ratio": null,
            "price_fair": 96.13,
            "eps_avg_yearly": 2.75,
            "eps_latest_yearly": 2.36,
            "eps_growth_yearly": 426.58
        },
        "20042": {
            "year_quarter": 20042,
            "year": 2004,
            "quarter": 2,
            "eps": -1.14,
            "eps_growth_year": -265.22,
            "eps_4q": -0.12,
            "eps_4q_growth_year": null,
            "roe": -10.56,
            "roe_4q": -1.1499999999999995,
            "gross_profit": 35808,
            "gross_margin": 8.23,
            "gross_margin_4q_avg": 9.47,
            "net_income": -117947,
            "revenue": 435165,
            "common_shares": 850871,
            "book_valuer_per_share": 12.23,
            "book_valuer_per_share_4q_avg": 13.93,
            "equity": 1040830,
            "current_ratio": 213.19,
            "debt_ratio": 37.17,
            "inventory_turnover_ratio": 0.86,
            "account_receivable_turnover_ratio": null,
            "reinvestment_rate": null,
            "research_to_sale_ratio": null,
            "price_fair": 96.13,
            "eps_avg_yearly": 2.75,
            "eps_latest_yearly": 2.36,
            "eps_growth_yearly": 426.58
        },
        "20043": {
            "year_quarter": 20043,
            "year": 2004,
            "quarter": 3,
            "eps": -1.35,
            "eps_growth_year": -273.08,
            "eps_4q": -2.22,
            "eps_4q_growth_year": null,
            "roe": -14.3,
            "roe_4q": -22.66,
            "gross_profit": 13007,
            "gross_margin": 3.57,
            "gross_margin_4q_avg": 6.99,
            "net_income": -138382,
            "revenue": 364511,
            "common_shares": 1039270,
            "book_valuer_per_share": 8.61,
            "book_valuer_per_share_4q_avg": 12.3,
            "equity": 895161,
            "current_ratio": 206.36,
            "debt_ratio": 36.18,
            "inventory_turnover_ratio": 0.93,
            "account_receivable_turnover_ratio": null,
            "reinvestment_rate": null,
            "research_to_sale_ratio": null,
            "price_fair": 96.13,
            "eps_avg_yearly": 2.75,
            "eps_latest_yearly": 2.36,
            "eps_growth_yearly": 426.58
        },
        "20044": {
            "year_quarter": 20044,
            "year": 2004,
            "quarter": 4,
            "eps": -1.19,
            "eps_growth_year": -301.69,
            "eps_4q": -3.92,
            "eps_4q_growth_year": -264.58,
            "roe": -14.6,
            "roe_4q": -41.46,
            "gross_profit": 10612,
            "gross_margin": 2.87,
            "gross_margin_4q_avg": 5.46,
            "net_income": -121346,
            "revenue": 369604,
            "common_shares": 1039270,
            "book_valuer_per_share": 7.39,
            "book_valuer_per_share_4q_avg": 10.56,
            "equity": 767679,
            "current_ratio": 189.47,
            "debt_ratio": 37.72,
            "inventory_turnover_ratio": 1.14,
            "account_receivable_turnover_ratio": null,
            "reinvestment_rate": null,
            "research_to_sale_ratio": null,
            "price_fair": 96.13,
            "eps_avg_yearly": 2.75,
            "eps_latest_yearly": 2.36,
            "eps_growth_yearly": 426.58
        },
        "20051": {
            "year_quarter": 20051,
            "year": 2005,
            "quarter": 1,
            "eps": -0.81,
            "eps_growth_year": null,
            "eps_4q": -4.55,
            "eps_4q_growth_year": -335.64,
            "roe": -11.25,
            "roe_4q": -50.71000000000001,
            "gross_profit": 9274,
            "gross_margin": 4,
            "gross_margin_4q_avg": 4.67,
            "net_income": -81734,
            "revenue": 232025,
            "common_shares": 1039270,
            "book_valuer_per_share": 6.6,
            "book_valuer_per_share_4q_avg": 8.71,
            "equity": 685633,
            "current_ratio": 193.06,
            "debt_ratio": 37.58,
            "inventory_turnover_ratio": 0.67,
            "account_receivable_turnover_ratio": null,
            "reinvestment_rate": null,
            "research_to_sale_ratio": null,
            "price_fair": 96.13,
            "eps_avg_yearly": 2.75,
            "eps_latest_yearly": 2.36,
            "eps_growth_yearly": 426.58
        },
        "20052": {
            "year_quarter": 20052,
            "year": 2005,
            "quarter": 2,
            "eps": -0.52,
            "eps_growth_year": null,
            "eps_4q": -3.79,
            "eps_4q_growth_year": null,
            "roe": -7.93,
            "roe_4q": -48.08,
            "gross_profit": 9913,
            "gross_margin": 3.57,
            "gross_margin_4q_avg": 3.5,
            "net_income": -52315,
            "revenue": 278054,
            "common_shares": 1039270,
            "book_valuer_per_share": 6.09,
            "book_valuer_per_share_4q_avg": 7.17,
            "equity": 633229,
            "current_ratio": 172.43,
            "debt_ratio": 43.16,
            "inventory_turnover_ratio": 0.71,
            "account_receivable_turnover_ratio": null,
            "reinvestment_rate": null,
            "research_to_sale_ratio": null,
            "price_fair": 96.13,
            "eps_avg_yearly": 2.75,
            "eps_latest_yearly": 2.36,
            "eps_growth_yearly": 426.58
        },
        "20053": {
            "year_quarter": 20053,
            "year": 2005,
            "quarter": 3,
            "eps": -0.55,
            "eps_growth_year": null,
            "eps_4q": -3,
            "eps_4q_growth_year": null,
            "roe": -9.25,
            "roe_4q": -43.03,
            "gross_profit": 10035,
            "gross_margin": 2.72,
            "gross_margin_4q_avg": 3.29,
            "net_income": -55953,
            "revenue": 369026,
            "common_shares": 1039270,
            "book_valuer_per_share": 5.54,
            "book_valuer_per_share_4q_avg": 6.41,
            "equity": 575944,
            "current_ratio": 156.64,
            "debt_ratio": 48.91,
            "inventory_turnover_ratio": 0.93,
            "account_receivable_turnover_ratio": null,
            "reinvestment_rate": null,
            "research_to_sale_ratio": null,
            "price_fair": 96.13,
            "eps_avg_yearly": 2.75,
            "eps_latest_yearly": 2.36,
            "eps_growth_yearly": 426.58
        },
        "20054": {
            "year_quarter": 20054,
            "year": 2005,
            "quarter": 4,
            "eps": -1.43,
            "eps_growth_year": null,
            "eps_4q": -3.31,
            "eps_4q_growth_year": null,
            "roe": -28.54,
            "roe_4q": -56.97,
            "gross_profit": 54448,
            "gross_margin": 6.91,
            "gross_margin_4q_avg": 4.3,
            "net_income": -143974,
            "revenue": 787506,
            "common_shares": 1039270,
            "book_valuer_per_share": 4.16,
            "book_valuer_per_share_4q_avg": 5.6,
            "equity": 432915,
            "current_ratio": 115.64,
            "debt_ratio": 62.07,
            "inventory_turnover_ratio": 2.39,
            "account_receivable_turnover_ratio": null,
            "reinvestment_rate": null,
            "research_to_sale_ratio": null,
            "price_fair": 96.13,
            "eps_avg_yearly": 2.75,
            "eps_latest_yearly": 2.36,
            "eps_growth_yearly": 426.58
        },
        "20061": {
            "year_quarter": 20061,
            "year": 2006,
            "quarter": 1,
            "eps": -0.72,
            "eps_growth_year": null,
            "eps_4q": -3.22,
            "eps_4q_growth_year": null,
            "roe": -18.3,
            "roe_4q": -64.02000000000001,
            "gross_profit": 4602,
            "gross_margin": 1.8,
            "gross_margin_4q_avg": 3.75,
            "net_income": -72602,
            "revenue": 256109,
            "common_shares": 1039270,
            "book_valuer_per_share": 3.47,
            "book_valuer_per_share_4q_avg": 4.82,
            "equity": 360471,
            "current_ratio": 124.8,
            "debt_ratio": 56.01,
            "inventory_turnover_ratio": 1.08,
            "account_receivable_turnover_ratio": null,
            "reinvestment_rate": null,
            "research_to_sale_ratio": null,
            "price_fair": 96.13,
            "eps_avg_yearly": 2.75,
            "eps_latest_yearly": 2.36,
            "eps_growth_yearly": 426.58
        },
        "20062": {
            "year_quarter": 20062,
            "year": 2006,
            "quarter": 2,
            "eps": -0.38,
            "eps_growth_year": null,
            "eps_4q": -2.99,
            "eps_4q_growth_year": null,
            "roe": -11.13,
            "roe_4q": -67.22,
            "gross_profit": -22193,
            "gross_margin": -9.34,
            "gross_margin_4q_avg": 0.52,
            "net_income": -37993,
            "revenue": 237613,
            "common_shares": 1039270,
            "book_valuer_per_share": 3.1,
            "book_valuer_per_share_4q_avg": 4.07,
            "equity": 322467,
            "current_ratio": 123.89,
            "debt_ratio": 56.15,
            "inventory_turnover_ratio": 1.14,
            "account_receivable_turnover_ratio": null,
            "reinvestment_rate": null,
            "research_to_sale_ratio": null,
            "price_fair": 96.13,
            "eps_avg_yearly": 2.75,
            "eps_latest_yearly": 2.36,
            "eps_growth_yearly": 426.58
        },
        "20063": {
            "year_quarter": 20063,
            "year": 2006,
            "quarter": 3,
            "eps": -0.66,
            "eps_growth_year": null,
            "eps_4q": -3.09,
            "eps_4q_growth_year": null,
            "roe": -23.05,
            "roe_4q": -81.02000000000001,
            "gross_profit": -13285,
            "gross_margin": -6.2,
            "gross_margin_4q_avg": -1.71,
            "net_income": -66656,
            "revenue": 214139,
            "common_shares": 1039270,
            "book_valuer_per_share": 2.46,
            "book_valuer_per_share_4q_avg": 3.3,
            "equity": 255811,
            "current_ratio": 106.62,
            "debt_ratio": 66.79,
            "inventory_turnover_ratio": 0.95,
            "account_receivable_turnover_ratio": null,
            "reinvestment_rate": null,
            "research_to_sale_ratio": null,
            "price_fair": 96.13,
            "eps_avg_yearly": 2.75,
            "eps_latest_yearly": 2.36,
            "eps_growth_yearly": 426.58
        },
        "20064": {
            "year_quarter": 20064,
            "year": 2006,
            "quarter": 4,
            "eps": -1.31,
            "eps_growth_year": null,
            "eps_4q": -4.83,
            "eps_4q_growth_year": null,
            "roe": -29.71,
            "roe_4q": -82.19000000000001,
            "gross_profit": -19794,
            "gross_margin": -6.93,
            "gross_margin_4q_avg": -5.17,
            "net_income": -66348,
            "revenue": 285455,
            "common_shares": 519635,
            "book_valuer_per_share": 3.67,
            "book_valuer_per_share_4q_avg": 3.18,
            "equity": 190843,
            "current_ratio": 84.7,
            "debt_ratio": 72.74,
            "inventory_turnover_ratio": 1.68,
            "account_receivable_turnover_ratio": null,
            "reinvestment_rate": null,
            "research_to_sale_ratio": null,
            "price_fair": 96.13,
            "eps_avg_yearly": 2.75,
            "eps_latest_yearly": 2.36,
            "eps_growth_yearly": 426.58
        },
        "20071": {
            "year_quarter": 20071,
            "year": 2007,
            "quarter": 1,
            "eps": -0.29,
            "eps_growth_year": null,
            "eps_4q": -3.16,
            "eps_4q_growth_year": null,
            "roe": -8.41,
            "roe_4q": -72.3,
            "gross_profit": 13761,
            "gross_margin": 6.56,
            "gross_margin_4q_avg": -3.98,
            "net_income": -17283,
            "revenue": 209768,
            "common_shares": 697635,
            "book_valuer_per_share": 3.16,
            "book_valuer_per_share_4q_avg": 3.1,
            "equity": 220166,
            "current_ratio": 94.96,
            "debt_ratio": 64.31,
            "inventory_turnover_ratio": 2.01,
            "account_receivable_turnover_ratio": null,
            "reinvestment_rate": null,
            "research_to_sale_ratio": null,
            "price_fair": 96.13,
            "eps_avg_yearly": 2.75,
            "eps_latest_yearly": 2.36,
            "eps_growth_yearly": 426.58
        },
        "20072": {
            "year_quarter": 20072,
            "year": 2007,
            "quarter": 2,
            "eps": -0.66,
            "eps_growth_year": null,
            "eps_4q": -2.8,
            "eps_4q_growth_year": null,
            "roe": -21.18,
            "roe_4q": -82.35,
            "gross_profit": 4166,
            "gross_margin": 3.23,
            "gross_margin_4q_avg": -0.84,
            "net_income": -42177,
            "revenue": 128994,
            "common_shares": 687635,
            "book_valuer_per_share": 2.59,
            "book_valuer_per_share_4q_avg": 2.97,
            "equity": 178148,
            "current_ratio": 76.27,
            "debt_ratio": 65.61,
            "inventory_turnover_ratio": 1.67,
            "account_receivable_turnover_ratio": null,
            "reinvestment_rate": null,
            "research_to_sale_ratio": null,
            "price_fair": 8.22,
            "eps_avg_yearly": 2.74,
            "eps_latest_yearly": 2.36,
            "eps_growth_yearly": -22.63
        },
        "20073": {
            "year_quarter": 20073,
            "year": 2007,
            "quarter": 3,
            "eps": -0.75,
            "eps_growth_year": null,
            "eps_4q": -2.53,
            "eps_4q_growth_year": null,
            "roe": -31.01,
            "roe_4q": -90.31,
            "gross_profit": -341,
            "gross_margin": -0.28,
            "gross_margin_4q_avg": 0.65,
            "net_income": -47856,
            "revenue": 123867,
            "common_shares": 687635,
            "book_valuer_per_share": 1.9,
            "book_valuer_per_share_4q_avg": 2.83,
            "equity": 130480,
            "current_ratio": 64.45,
            "debt_ratio": 73.82,
            "inventory_turnover_ratio": 1.88,
            "account_receivable_turnover_ratio": null,
            "reinvestment_rate": null,
            "research_to_sale_ratio": null,
            "price_fair": 7.08,
            "eps_avg_yearly": 2.36,
            "eps_latest_yearly": 2.36,
            "eps_growth_yearly": -97.44
        },
        "20074": {
            "year_quarter": 20074,
            "year": 2007,
            "quarter": 4,
            "eps": -0.66,
            "eps_growth_year": null,
            "eps_4q": -2.27,
            "eps_4q_growth_year": null,
            "roe": -40.6,
            "roe_4q": -101.19999999999999,
            "gross_profit": -4697,
            "gross_margin": -4.58,
            "gross_margin_4q_avg": 1.23,
            "net_income": -44123,
            "revenue": 102642,
            "common_shares": 682635,
            "book_valuer_per_share": 1.27,
            "book_valuer_per_share_4q_avg": 2.23,
            "equity": 86871,
            "current_ratio": 51.66,
            "debt_ratio": 81.46,
            "inventory_turnover_ratio": 1.85,
            "account_receivable_turnover_ratio": null,
            "reinvestment_rate": null,
            "research_to_sale_ratio": null,
            "price_fair": 0,
            "eps_avg_yearly": 0,
            "eps_latest_yearly": 0,
            "eps_growth_yearly": 0
        },
        "20081": {
            "year_quarter": 20081,
            "year": 2008,
            "quarter": 1,
            "eps": -0.55,
            "eps_growth_year": null,
            "eps_4q": -2.51,
            "eps_4q_growth_year": null,
            "roe": -54.91,
            "roe_4q": -147.7,
            "gross_profit": -1230,
            "gross_margin": -1.98,
            "gross_margin_4q_avg": -0.9,
            "net_income": -37739,
            "revenue": 62003,
            "common_shares": 682635,
            "book_valuer_per_share": 0.74,
            "book_valuer_per_share_4q_avg": 1.63,
            "equity": 50594,
            "current_ratio": 38.85,
            "debt_ratio": 87.93,
            "inventory_turnover_ratio": 1.44,
            "account_receivable_turnover_ratio": null,
            "reinvestment_rate": null,
            "research_to_sale_ratio": null,
            "price_fair": 0,
            "eps_avg_yearly": 0,
            "eps_latest_yearly": 0,
            "eps_growth_yearly": 0
        },
        "20082": {
            "year_quarter": 20082,
            "year": 2008,
            "quarter": 2,
            "eps": -0.4,
            "eps_growth_year": null,
            "eps_4q": -2.3,
            "eps_4q_growth_year": null,
            "roe": -79.33,
            "roe_4q": -205.85,
            "gross_profit": 25992,
            "gross_margin": 30.98,
            "gross_margin_4q_avg": 6.04,
            "net_income": -27059,
            "revenue": 83899,
            "common_shares": 682635,
            "book_valuer_per_share": 0.26,
            "book_valuer_per_share_4q_avg": 1.04,
            "equity": 17623,
            "current_ratio": 29.29,
            "debt_ratio": 92.8,
            "inventory_turnover_ratio": 3.15,
            "account_receivable_turnover_ratio": null,
            "reinvestment_rate": null,
            "research_to_sale_ratio": null,
            "price_fair": 0,
            "eps_avg_yearly": 0,
            "eps_latest_yearly": 0,
            "eps_growth_yearly": 0
        },
        "20083": {
            "year_quarter": 20083,
            "year": 2008,
            "quarter": 3,
            "eps": -0.03,
            "eps_growth_year": null,
            "eps_4q": -1.63,
            "eps_4q_growth_year": null,
            "roe": -13.88,
            "roe_4q": -188.72,
            "gross_profit": -28891,
            "gross_margin": -205.5,
            "gross_margin_4q_avg": -45.27,
            "net_income": -2287,
            "revenue": 14059,
            "common_shares": 682635,
            "book_valuer_per_share": 0.22,
            "book_valuer_per_share_4q_avg": 0.62,
            "equity": 15325,
            "current_ratio": 31.17,
            "debt_ratio": 93.82,
            "inventory_turnover_ratio": 33.32,
            "account_receivable_turnover_ratio": null,
            "reinvestment_rate": null,
            "research_to_sale_ratio": null,
            "price_fair": 0,
            "eps_avg_yearly": 0,
            "eps_latest_yearly": 0,
            "eps_growth_yearly": 0
        },
        "20084": {
            "year_quarter": 20084,
            "year": 2008,
            "quarter": 4,
            "eps": -0.14,
            "eps_growth_year": null,
            "eps_4q": -1.13,
            "eps_4q_growth_year": null,
            "roe": -94.21,
            "roe_4q": -242.32999999999998,
            "gross_profit": 565,
            "gross_margin": 1.54,
            "gross_margin_4q_avg": -43.74,
            "net_income": -9815,
            "revenue": 36600,
            "common_shares": 682635,
            "book_valuer_per_share": 0.08,
            "book_valuer_per_share_4q_avg": 0.33,
            "equity": 5511,
            "current_ratio": 69.48,
            "debt_ratio": 97.84,
            "inventory_turnover_ratio": 92.75,
            "account_receivable_turnover_ratio": 1.11,
            "reinvestment_rate": null,
            "research_to_sale_ratio": null,
            "price_fair": 0,
            "eps_avg_yearly": 0,
            "eps_latest_yearly": 0,
            "eps_growth_yearly": 0
        },
        "20091": {
            "year_quarter": 20091,
            "year": 2009,
            "quarter": 1,
            "eps": -0.09,
            "eps_growth_year": null,
            "eps_4q": -0.3,
            "eps_4q_growth_year": null,
            "roe": -74.86,
            "roe_4q": -262.28,
            "gross_profit": 126,
            "gross_margin": 0.36,
            "gross_margin_4q_avg": -43.16,
            "net_income": -11170,
            "revenue": 34667,
            "common_shares": 1682635,
            "book_valuer_per_share": 0.14,
            "book_valuer_per_share_4q_avg": 0.18,
            "equity": 24333,
            "current_ratio": 78.73,
            "debt_ratio": 90.97,
            "inventory_turnover_ratio": null,
            "account_receivable_turnover_ratio": 0.56,
            "reinvestment_rate": null,
            "research_to_sale_ratio": null,
            "price_fair": 0,
            "eps_avg_yearly": 0,
            "eps_latest_yearly": 0,
            "eps_growth_yearly": 0
        },
        "20092": {
            "year_quarter": 20092,
            "year": 2009,
            "quarter": 2,
            "eps": 0.01,
            "eps_growth_year": null,
            "eps_4q": -0.13,
            "eps_4q_growth_year": null,
            "roe": 5.74,
            "roe_4q": -177.20999999999998,
            "gross_profit": 86,
            "gross_margin": 0.46,
            "gross_margin_4q_avg": -50.79,
            "net_income": 1439,
            "revenue": 18650,
            "common_shares": 1682635,
            "book_valuer_per_share": 0.15,
            "book_valuer_per_share_4q_avg": 0.15,
            "equity": 25780,
            "current_ratio": 63.42,
            "debt_ratio": 86.66,
            "inventory_turnover_ratio": 52.89,
            "account_receivable_turnover_ratio": 0.47,
            "reinvestment_rate": null,
            "research_to_sale_ratio": null,
            "price_fair": 0,
            "eps_avg_yearly": 0,
            "eps_latest_yearly": 0,
            "eps_growth_yearly": 0
        },
        "20093": {
            "year_quarter": 20093,
            "year": 2009,
            "quarter": 3,
            "eps": -0.03,
            "eps_growth_year": null,
            "eps_4q": -0.15,
            "eps_4q_growth_year": null,
            "roe": -22.65,
            "roe_4q": -185.98,
            "gross_profit": 92,
            "gross_margin": 0.7,
            "gross_margin_4q_avg": 0.77,
            "net_income": -5246,
            "revenue": 13151,
            "common_shares": 1682635,
            "book_valuer_per_share": 0.12,
            "book_valuer_per_share_4q_avg": 0.12,
            "equity": 20534,
            "current_ratio": 45.28,
            "debt_ratio": 89.9,
            "inventory_turnover_ratio": 37.21,
            "account_receivable_turnover_ratio": 1.12,
            "reinvestment_rate": null,
            "research_to_sale_ratio": null,
            "price_fair": 0,
            "eps_avg_yearly": 0,
            "eps_latest_yearly": 0,
            "eps_growth_yearly": 0
        },
        "20094": {
            "year_quarter": 20094,
            "year": 2009,
            "quarter": 4,
            "eps": -0.06,
            "eps_growth_year": null,
            "eps_4q": -2.85,
            "eps_4q_growth_year": null,
            "roe": -1.07,
            "roe_4q": -92.84,
            "gross_profit": 4180,
            "gross_margin": 11.02,
            "gross_margin_4q_avg": 3.14,
            "net_income": -272,
            "revenue": 37948,
            "common_shares": 53500,
            "book_valuer_per_share": 5.67,
            "book_valuer_per_share_4q_avg": 1.52,
            "equity": 30346,
            "current_ratio": 28.38,
            "debt_ratio": 83.93,
            "inventory_turnover_ratio": null,
            "account_receivable_turnover_ratio": 8.98,
            "reinvestment_rate": null,
            "research_to_sale_ratio": null,
            "price_fair": 0,
            "eps_avg_yearly": 0,
            "eps_latest_yearly": 0,
            "eps_growth_yearly": 0
        },
        "20101": {
            "year_quarter": 20101,
            "year": 2010,
            "quarter": 1,
            "eps": -0.36,
            "eps_growth_year": null,
            "eps_4q": -1.13,
            "eps_4q_growth_year": null,
            "roe": -6.64,
            "roe_4q": -24.619999999999997,
            "gross_profit": 3527,
            "gross_margin": 12.55,
            "gross_margin_4q_avg": 6.18,
            "net_income": -1949,
            "revenue": 28101,
            "common_shares": 53500,
            "book_valuer_per_share": 5.31,
            "book_valuer_per_share_4q_avg": 2.81,
            "equity": 28397,
            "current_ratio": 15.54,
            "debt_ratio": 82.61,
            "inventory_turnover_ratio": null,
            "account_receivable_turnover_ratio": 5.13,
            "reinvestment_rate": null,
            "research_to_sale_ratio": 0.42,
            "price_fair": 0,
            "eps_avg_yearly": 0,
            "eps_latest_yearly": 0,
            "eps_growth_yearly": 0
        },
        "20102": {
            "year_quarter": 20102,
            "year": 2010,
            "quarter": 2,
            "eps": -0.49,
            "eps_growth_year": -5021.59,
            "eps_4q": -1.15,
            "eps_4q_growth_year": null,
            "roe": -10.05,
            "roe_4q": -40.41,
            "gross_profit": 4721,
            "gross_margin": 17.15,
            "gross_margin_4q_avg": 10.36,
            "net_income": -5586,
            "revenue": 27530,
            "common_shares": 113500,
            "book_valuer_per_share": 7.3,
            "book_valuer_per_share_4q_avg": 4.6,
            "equity": 82804,
            "current_ratio": 150.82,
            "debt_ratio": 62.4,
            "inventory_turnover_ratio": null,
            "account_receivable_turnover_ratio": 18.14,
            "reinvestment_rate": null,
            "research_to_sale_ratio": 0.43,
            "price_fair": 0,
            "eps_avg_yearly": 0,
            "eps_latest_yearly": 0,
            "eps_growth_yearly": 0
        },
        "20103": {
            "year_quarter": 20103,
            "year": 2010,
            "quarter": 3,
            "eps": -0.79,
            "eps_growth_year": null,
            "eps_4q": -1.48,
            "eps_4q_growth_year": null,
            "roe": -11.44,
            "roe_4q": -29.200000000000003,
            "gross_profit": 3520,
            "gross_margin": 12.95,
            "gross_margin_4q_avg": 13.42,
            "net_income": -8962,
            "revenue": 27186,
            "common_shares": 113500,
            "book_valuer_per_share": 6.51,
            "book_valuer_per_share_4q_avg": 6.2,
            "equity": 73842,
            "current_ratio": 168.29,
            "debt_ratio": 60.78,
            "inventory_turnover_ratio": null,
            "account_receivable_turnover_ratio": 45.92,
            "reinvestment_rate": null,
            "research_to_sale_ratio": 0.44,
            "price_fair": 0,
            "eps_avg_yearly": 0,
            "eps_latest_yearly": 0,
            "eps_growth_yearly": 0
        },
        "20104": {
            "year_quarter": 20104,
            "year": 2010,
            "quarter": 4,
            "eps": -0.66,
            "eps_growth_year": null,
            "eps_4q": -2.12,
            "eps_4q_growth_year": null,
            "roe": -10.73,
            "roe_4q": -38.86,
            "gross_profit": 4231,
            "gross_margin": 14.44,
            "gross_margin_4q_avg": 14.27,
            "net_income": -7517,
            "revenue": 29307,
            "common_shares": 113500,
            "book_valuer_per_share": 5.84,
            "book_valuer_per_share_4q_avg": 6.24,
            "equity": 66325,
            "current_ratio": 155.01,
            "debt_ratio": 63.48,
            "inventory_turnover_ratio": null,
            "account_receivable_turnover_ratio": 40.45,
            "reinvestment_rate": null,
            "research_to_sale_ratio": 0.39,
            "price_fair": 0,
            "eps_avg_yearly": 0,
            "eps_latest_yearly": 0,
            "eps_growth_yearly": 0
        },
        "20111": {
            "year_quarter": 20111,
            "year": 2011,
            "quarter": 1,
            "eps": -0.23,
            "eps_growth_year": null,
            "eps_4q": -1.62,
            "eps_4q_growth_year": null,
            "roe": -3.3,
            "roe_4q": -35.519999999999996,
            "gross_profit": 4425,
            "gross_margin": 18.75,
            "gross_margin_4q_avg": 15.82,
            "net_income": -2803,
            "revenue": 23597,
            "common_shares": 153500,
            "book_valuer_per_share": 6.74,
            "book_valuer_per_share_4q_avg": 6.6,
            "equity": 103522,
            "current_ratio": 154.66,
            "debt_ratio": 50.79,
            "inventory_turnover_ratio": null,
            "account_receivable_turnover_ratio": 32.19,
            "reinvestment_rate": null,
            "research_to_sale_ratio": 0.49,
            "price_fair": 0,
            "eps_avg_yearly": 0,
            "eps_latest_yearly": 0,
            "eps_growth_yearly": 0
        },
        "20112": {
            "year_quarter": 20112,
            "year": 2011,
            "quarter": 2,
            "eps": -0.24,
            "eps_growth_year": null,
            "eps_4q": -1.5,
            "eps_4q_growth_year": null,
            "roe": -3.69,
            "roe_4q": -29.159999999999997,
            "gross_profit": 5685,
            "gross_margin": 23.67,
            "gross_margin_4q_avg": 17.45,
            "net_income": -3750,
            "revenue": 24021,
            "common_shares": 153500,
            "book_valuer_per_share": 6.5,
            "book_valuer_per_share_4q_avg": 6.4,
            "equity": 99772,
            "current_ratio": 154.87,
            "debt_ratio": 51.45,
            "inventory_turnover_ratio": null,
            "account_receivable_turnover_ratio": 38.5,
            "reinvestment_rate": null,
            "research_to_sale_ratio": 0.49,
            "price_fair": 0,
            "eps_avg_yearly": 0,
            "eps_latest_yearly": 0,
            "eps_growth_yearly": 0
        },
        "20113": {
            "year_quarter": 20113,
            "year": 2011,
            "quarter": 3,
            "eps": -0.27,
            "eps_growth_year": null,
            "eps_4q": -1.18,
            "eps_4q_growth_year": null,
            "roe": -4.17,
            "roe_4q": -21.89,
            "gross_profit": 5895,
            "gross_margin": 18.63,
            "gross_margin_4q_avg": 18.87,
            "net_income": -4074,
            "revenue": 31641,
            "common_shares": 153500,
            "book_valuer_per_share": 6.23,
            "book_valuer_per_share_4q_avg": 6.33,
            "equity": 95698,
            "current_ratio": 107.89,
            "debt_ratio": 64.73,
            "inventory_turnover_ratio": null,
            "account_receivable_turnover_ratio": 2.41,
            "reinvestment_rate": null,
            "research_to_sale_ratio": 0.25,
            "price_fair": 0,
            "eps_avg_yearly": 0,
            "eps_latest_yearly": 0,
            "eps_growth_yearly": 0
        },
        "20114": {
            "year_quarter": 20114,
            "year": 2011,
            "quarter": 4,
            "eps": -0.22,
            "eps_growth_year": null,
            "eps_4q": -0.92,
            "eps_4q_growth_year": null,
            "roe": -3.66,
            "roe_4q": -14.82,
            "gross_profit": 2336,
            "gross_margin": 11.09,
            "gross_margin_4q_avg": 18.04,
            "net_income": -3442,
            "revenue": 21058,
            "common_shares": 153500,
            "book_valuer_per_share": 6.01,
            "book_valuer_per_share_4q_avg": 6.37,
            "equity": 92256,
            "current_ratio": 67.98,
            "debt_ratio": 73,
            "inventory_turnover_ratio": null,
            "account_receivable_turnover_ratio": 1.52,
            "reinvestment_rate": null,
            "research_to_sale_ratio": 0,
            "price_fair": 0,
            "eps_avg_yearly": 0,
            "eps_latest_yearly": 0,
            "eps_growth_yearly": 0
        },
        "20121": {
            "year_quarter": 20121,
            "year": 2012,
            "quarter": 1,
            "eps": 2.83,
            "eps_growth_year": null,
            "eps_4q": 2.1,
            "eps_4q_growth_year": null,
            "roe": 38.11,
            "roe_4q": 26.59,
            "gross_profit": 13166,
            "gross_margin": 28.13,
            "gross_margin_4q_avg": 20.38,
            "net_income": 43432,
            "revenue": 46803,
            "common_shares": 153500,
            "book_valuer_per_share": 8.84,
            "book_valuer_per_share_4q_avg": 6.9,
            "equity": 135688,
            "current_ratio": 75.62,
            "debt_ratio": 51.47,
            "inventory_turnover_ratio": 193.87,
            "account_receivable_turnover_ratio": 7.03,
            "reinvestment_rate": null,
            "research_to_sale_ratio": 0,
            "price_fair": 0,
            "eps_avg_yearly": 0,
            "eps_latest_yearly": 0,
            "eps_growth_yearly": 0
        },
        "20122": {
            "year_quarter": 20122,
            "year": 2012,
            "quarter": 2,
            "eps": 0.58,
            "eps_growth_year": null,
            "eps_4q": 2.92,
            "eps_4q_growth_year": null,
            "roe": 6.36,
            "roe_4q": 36.64,
            "gross_profit": 13945,
            "gross_margin": 28.17,
            "gross_margin_4q_avg": 21.51,
            "net_income": 8917,
            "revenue": 49499,
            "common_shares": 153500,
            "book_valuer_per_share": 9.42,
            "book_valuer_per_share_4q_avg": 7.63,
            "equity": 144605,
            "current_ratio": 69.24,
            "debt_ratio": 45.48,
            "inventory_turnover_ratio": 55.95,
            "account_receivable_turnover_ratio": 5.55,
            "reinvestment_rate": null,
            "research_to_sale_ratio": 0,
            "price_fair": 6.96,
            "eps_avg_yearly": 2.32,
            "eps_latest_yearly": 2.32,
            "eps_growth_yearly": -318.02
        },
        "20123": {
            "year_quarter": 20123,
            "year": 2012,
            "quarter": 3,
            "eps": 0.75,
            "eps_growth_year": null,
            "eps_4q": 3.93,
            "eps_4q_growth_year": null,
            "roe": 7.64,
            "roe_4q": 48.45,
            "gross_profit": 17100,
            "gross_margin": 30.45,
            "gross_margin_4q_avg": 24.46,
            "net_income": 11487,
            "revenue": 56160,
            "common_shares": 153500,
            "book_valuer_per_share": 10.17,
            "book_valuer_per_share_4q_avg": 8.61,
            "equity": 156092,
            "current_ratio": 82.91,
            "debt_ratio": 49.65,
            "inventory_turnover_ratio": 20.68,
            "account_receivable_turnover_ratio": 6.25,
            "reinvestment_rate": -6509.41,
            "research_to_sale_ratio": 0,
            "price_fair": 7.98,
            "eps_avg_yearly": 2.66,
            "eps_latest_yearly": 3,
            "eps_growth_yearly": -100.39
        },
        "20124": {
            "year_quarter": 20124,
            "year": 2012,
            "quarter": 4,
            "eps": 0.21,
            "eps_growth_year": null,
            "eps_4q": 4.37,
            "eps_4q_growth_year": null,
            "roe": 2.09,
            "roe_4q": 54.2,
            "gross_profit": 13056,
            "gross_margin": 26.4,
            "gross_margin_4q_avg": 28.29,
            "net_income": 3300,
            "revenue": 49453,
            "common_shares": 153500,
            "book_valuer_per_share": 10.38,
            "book_valuer_per_share_4q_avg": 9.7,
            "equity": 159392,
            "current_ratio": 84.44,
            "debt_ratio": 49.67,
            "inventory_turnover_ratio": 13.15,
            "account_receivable_turnover_ratio": 6.23,
            "reinvestment_rate": 260.1,
            "research_to_sale_ratio": 0,
            "price_fair": 6.16,
            "eps_avg_yearly": 2.05,
            "eps_latest_yearly": 0.84,
            "eps_growth_yearly": -162.93
        },
        "20131": {
            "year_quarter": 20131,
            "year": 2013,
            "quarter": 1,
            "eps": 0.4,
            "eps_growth_year": -85.87,
            "eps_4q": 1.94,
            "eps_4q_growth_year": -7.36,
            "roe": 3.77,
            "roe_4q": 19.86,
            "gross_profit": 15884,
            "gross_margin": 24.73,
            "gross_margin_4q_avg": 27.44,
            "net_income": 6095,
            "revenue": 64224,
            "common_shares": 153500,
            "book_valuer_per_share": 10.7,
            "book_valuer_per_share_4q_avg": 10.17,
            "equity": 164293,
            "current_ratio": 49.96,
            "debt_ratio": 56.48,
            "inventory_turnover_ratio": 13.18,
            "account_receivable_turnover_ratio": 9.88,
            "reinvestment_rate": 179.3,
            "research_to_sale_ratio": null,
            "price_fair": 5.82,
            "eps_avg_yearly": 1.94,
            "eps_latest_yearly": 1.6,
            "eps_growth_yearly": -31.72
        },
        "20132": {
            "year_quarter": 20132,
            "year": 2013,
            "quarter": 2,
            "eps": 0.29,
            "eps_growth_year": -50.08,
            "eps_4q": 1.65,
            "eps_4q_growth_year": -43.62,
            "roe": 2.64,
            "roe_4q": 16.14,
            "gross_profit": 16519,
            "gross_margin": 23.37,
            "gross_margin_4q_avg": 26.24,
            "net_income": 4394,
            "revenue": 70699,
            "common_shares": 153500,
            "book_valuer_per_share": 10.99,
            "book_valuer_per_share_4q_avg": 10.56,
            "equity": 168687,
            "current_ratio": 46.12,
            "debt_ratio": 52,
            "inventory_turnover_ratio": 11.98,
            "account_receivable_turnover_ratio": 9.76,
            "reinvestment_rate": 133.99,
            "research_to_sale_ratio": null,
            "price_fair": 5.35,
            "eps_avg_yearly": 1.78,
            "eps_latest_yearly": 1.16,
            "eps_growth_yearly": -47.38
        },
        "20133": {
            "year_quarter": 20133,
            "year": 2013,
            "quarter": 3,
            "eps": -0.4,
            "eps_growth_year": -153.45,
            "eps_4q": 0.49,
            "eps_4q_growth_year": -87.43,
            "roe": -3.74,
            "roe_4q": 4.76,
            "gross_profit": 9675,
            "gross_margin": 13.62,
            "gross_margin_4q_avg": 22.03,
            "net_income": -6196,
            "revenue": 71040,
            "common_shares": 153500,
            "book_valuer_per_share": 10.59,
            "book_valuer_per_share_4q_avg": 10.67,
            "equity": 162491,
            "current_ratio": 58.23,
            "debt_ratio": 58.67,
            "inventory_turnover_ratio": 11.26,
            "account_receivable_turnover_ratio": 7.96,
            "reinvestment_rate": 85.81,
            "research_to_sale_ratio": null,
            "price_fair": 5.35,
            "eps_avg_yearly": 1.78,
            "eps_latest_yearly": 1.16,
            "eps_growth_yearly": -47.38
        },
        "20134": {
            "year_quarter": 20134,
            "year": 2013,
            "quarter": 4,
            "eps": 0.28,
            "eps_growth_year": 28,
            "eps_4q": 0.55,
            "eps_4q_growth_year": -87.31,
            "roe": 2.57,
            "roe_4q": 5.24,
            "gross_profit": 18556,
            "gross_margin": 25.95,
            "gross_margin_4q_avg": 21.92,
            "net_income": 4224,
            "revenue": 71506,
            "common_shares": 153500,
            "book_valuer_per_share": 10.86,
            "book_valuer_per_share_4q_avg": 10.79,
            "equity": 166715,
            "current_ratio": 62.3,
            "debt_ratio": 55.91,
            "inventory_turnover_ratio": 11.27,
            "account_receivable_turnover_ratio": 8.42,
            "reinvestment_rate": 48.71,
            "research_to_sale_ratio": null,
            "price_fair": 5.35,
            "eps_avg_yearly": 1.78,
            "eps_latest_yearly": 1.16,
            "eps_growth_yearly": -47.38
        },
        "20141": {
            "year_quarter": 20141,
            "year": 2014,
            "quarter": 1,
            "eps": 0.14,
            "eps_growth_year": -65,
            "eps_4q": 0.3,
            "eps_4q_growth_year": -84.75,
            "roe": 1.26,
            "roe_4q": 2.73,
            "gross_profit": 17526,
            "gross_margin": 21.12,
            "gross_margin_4q_avg": 21.02,
            "net_income": 2121,
            "revenue": 82983,
            "common_shares": 153500,
            "book_valuer_per_share": 11,
            "book_valuer_per_share_4q_avg": 10.86,
            "equity": 168836,
            "current_ratio": 55.61,
            "debt_ratio": 58.18,
            "inventory_turnover_ratio": 20.52,
            "account_receivable_turnover_ratio": 6.93,
            "reinvestment_rate": 92.52,
            "research_to_sale_ratio": null,
            "price_fair": 4.74,
            "eps_avg_yearly": 1.58,
            "eps_latest_yearly": 0.56,
            "eps_growth_yearly": -72.81
        },
        "20142": {
            "year_quarter": 20142,
            "year": 2014,
            "quarter": 2,
            "eps": 0.24,
            "eps_growth_year": -17.24,
            "eps_4q": 0.25,
            "eps_4q_growth_year": -84.93,
            "roe": 2.14,
            "roe_4q": 2.2300000000000004,
            "gross_profit": 23077,
            "gross_margin": 24.48,
            "gross_margin_4q_avg": 21.29,
            "net_income": 3660,
            "revenue": 94251,
            "common_shares": 153500,
            "book_valuer_per_share": 11.24,
            "book_valuer_per_share_4q_avg": 10.92,
            "equity": 172496,
            "current_ratio": 55.3,
            "debt_ratio": 56.75,
            "inventory_turnover_ratio": 18.7,
            "account_receivable_turnover_ratio": 7.57,
            "reinvestment_rate": 78.62,
            "research_to_sale_ratio": null,
            "price_fair": 4.47,
            "eps_avg_yearly": 1.49,
            "eps_latest_yearly": 0.96,
            "eps_growth_yearly": -21.59
        },
        "20143": {
            "year_quarter": 20143,
            "year": 2014,
            "quarter": 3,
            "eps": 0.04,
            "eps_growth_year": null,
            "eps_4q": 0.69,
            "eps_4q_growth_year": 39.6,
            "roe": 0.34,
            "roe_4q": 6.3100000000000005,
            "gross_profit": 18727,
            "gross_margin": 17.75,
            "gross_margin_4q_avg": 22.33,
            "net_income": 595,
            "revenue": 105508,
            "common_shares": 153500,
            "book_valuer_per_share": 11.28,
            "book_valuer_per_share_4q_avg": 11.1,
            "equity": 173091,
            "current_ratio": 73.75,
            "debt_ratio": 68.76,
            "inventory_turnover_ratio": 13.15,
            "account_receivable_turnover_ratio": 10.1,
            "reinvestment_rate": 68.85,
            "research_to_sale_ratio": null,
            "price_fair": 3.98,
            "eps_avg_yearly": 1.33,
            "eps_latest_yearly": 0.16,
            "eps_growth_yearly": -60.56
        },
        "20144": {
            "year_quarter": 20144,
            "year": 2014,
            "quarter": 4,
            "eps": -0.07,
            "eps_growth_year": -126.16,
            "eps_4q": 0.34,
            "eps_4q_growth_year": -38.11,
            "roe": -0.64,
            "roe_4q": 3.1,
            "gross_profit": 28812,
            "gross_margin": 20.24,
            "gross_margin_4q_avg": 20.9,
            "net_income": -1105,
            "revenue": 142341,
            "common_shares": 153500,
            "book_valuer_per_share": 11.2,
            "book_valuer_per_share_4q_avg": 11.18,
            "equity": 171986,
            "current_ratio": 76.35,
            "debt_ratio": 70.05,
            "inventory_turnover_ratio": 18.67,
            "account_receivable_turnover_ratio": 13.92,
            "reinvestment_rate": 58.57,
            "research_to_sale_ratio": null,
            "price_fair": 3.98,
            "eps_avg_yearly": 1.33,
            "eps_latest_yearly": 0.16,
            "eps_growth_yearly": -60.56
        },
        "20151": {
            "year_quarter": 20151,
            "year": 2015,
            "quarter": 1,
            "eps": 1.5,
            "eps_growth_year": 971.43,
            "eps_4q": 1.71,
            "eps_4q_growth_year": 476.84,
            "roe": 12.56,
            "roe_4q": 14.4,
            "gross_profit": 46770,
            "gross_margin": 29.71,
            "gross_margin_4q_avg": 23.05,
            "net_income": 23056,
            "revenue": 157432,
            "common_shares": 153500,
            "book_valuer_per_share": 12.71,
            "book_valuer_per_share_4q_avg": 11.61,
            "equity": 195042,
            "current_ratio": 83.99,
            "debt_ratio": 68.21,
            "inventory_turnover_ratio": 34.2,
            "account_receivable_turnover_ratio": 26.29,
            "reinvestment_rate": 37.9,
            "research_to_sale_ratio": null,
            "price_fair": 3.98,
            "eps_avg_yearly": 1.33,
            "eps_latest_yearly": 0.16,
            "eps_growth_yearly": -60.56
        },
        "20152": {
            "year_quarter": 20152,
            "year": 2015,
            "quarter": 2,
            "eps": 3.38,
            "eps_growth_year": 1308.33,
            "eps_4q": 4.41,
            "eps_4q_growth_year": 1678.14,
            "roe": 23.51,
            "roe_4q": 35.77,
            "gross_profit": 79521,
            "gross_margin": 40.09,
            "gross_margin_4q_avg": 26.95,
            "net_income": 51956,
            "revenue": 198366,
            "common_shares": 153500,
            "book_valuer_per_share": 16.09,
            "book_valuer_per_share_4q_avg": 12.82,
            "equity": 246998,
            "current_ratio": 97.57,
            "debt_ratio": 60.18,
            "inventory_turnover_ratio": 38.47,
            "account_receivable_turnover_ratio": 33.57,
            "reinvestment_rate": 20.22,
            "research_to_sale_ratio": null,
            "price_fair": 31.81,
            "eps_avg_yearly": 2.68,
            "eps_latest_yearly": 13.52,
            "eps_growth_yearly": 1.87
        },
        "20153": {
            "year_quarter": 20153,
            "year": 2015,
            "quarter": 3,
            "eps": 1.06,
            "eps_growth_year": 2550,
            "eps_4q": 5.44,
            "eps_4q_growth_year": 687.67,
            "roe": 7.01,
            "roe_4q": 42.440000000000005,
            "gross_profit": 45429,
            "gross_margin": 28.36,
            "gross_margin_4q_avg": 29.6,
            "net_income": 17935,
            "revenue": 160175,
            "common_shares": 168850,
            "book_valuer_per_share": 15.69,
            "book_valuer_per_share_4q_avg": 13.92,
            "equity": 264933,
            "current_ratio": 103.03,
            "debt_ratio": 64.64,
            "inventory_turnover_ratio": 27.44,
            "account_receivable_turnover_ratio": 18.35,
            "reinvestment_rate": 2.57,
            "research_to_sale_ratio": null,
            "price_fair": 8.51,
            "eps_avg_yearly": 2.84,
            "eps_latest_yearly": 4.24,
            "eps_growth_yearly": -25.77
        },
        "20154": {
            "year_quarter": 20154,
            "year": 2015,
            "quarter": 4,
            "eps": 1.87,
            "eps_growth_year": null,
            "eps_4q": 7.37,
            "eps_4q_growth_year": 2047.29,
            "roe": 11.24,
            "roe_4q": 54.32000000000001,
            "gross_profit": 63755,
            "gross_margin": 37.51,
            "gross_margin_4q_avg": 33.92,
            "net_income": 31555,
            "revenue": 169958,
            "common_shares": 168850,
            "book_valuer_per_share": 17.56,
            "book_valuer_per_share_4q_avg": 15.51,
            "equity": 296488,
            "current_ratio": 109.05,
            "debt_ratio": 62.15,
            "inventory_turnover_ratio": 20.76,
            "account_receivable_turnover_ratio": 19.62,
            "reinvestment_rate": -4.5,
            "research_to_sale_ratio": null,
            "price_fair": 46.78,
            "eps_avg_yearly": 3.26,
            "eps_latest_yearly": 7.48,
            "eps_growth_yearly": 4.36
        },
        "20161": {
            "year_quarter": 20161,
            "year": 2016,
            "quarter": 1,
            "eps": 3.58,
            "eps_growth_year": 138.67,
            "eps_4q": 9.59,
            "eps_4q_growth_year": 461.64,
            "roe": 18.5,
            "roe_4q": 60.260000000000005,
            "gross_profit": 88200,
            "gross_margin": 47.12,
            "gross_margin_4q_avg": 38.27,
            "net_income": 60457,
            "revenue": 187166,
            "common_shares": 168850,
            "book_valuer_per_share": 21.14,
            "book_valuer_per_share_4q_avg": 17.62,
            "equity": 356945,
            "current_ratio": 121.2,
            "debt_ratio": 56.51,
            "inventory_turnover_ratio": 20.68,
            "account_receivable_turnover_ratio": 32.53,
            "reinvestment_rate": -4.98,
            "research_to_sale_ratio": null,
            "price_fair": 146.3,
            "eps_avg_yearly": 4.18,
            "eps_latest_yearly": 14.32,
            "eps_growth_yearly": 34.48
        },
        "20162": {
            "year_quarter": 20162,
            "year": 2016,
            "quarter": 2,
            "eps": 4.82,
            "eps_growth_year": 42.6,
            "eps_4q": 9.45,
            "eps_4q_growth_year": 114.07,
            "roe": 22.28,
            "roe_4q": 59.03,
            "gross_profit": 115819,
            "gross_margin": 52.7,
            "gross_margin_4q_avg": 41.42,
            "net_income": 81440,
            "revenue": 219789,
            "common_shares": 168850,
            "book_valuer_per_share": 22.16,
            "book_valuer_per_share_4q_avg": 19.14,
            "equity": 374222,
            "current_ratio": 124.87,
            "debt_ratio": 55.81,
            "inventory_turnover_ratio": 21.63,
            "account_receivable_turnover_ratio": 34.27,
            "reinvestment_rate": -4.5,
            "research_to_sale_ratio": null,
            "price_fair": 195.77,
            "eps_avg_yearly": 5.59,
            "eps_latest_yearly": 19.28,
            "eps_growth_yearly": 72.52
        },
        "20163": {
            "year_quarter": 20163,
            "year": 2016,
            "quarter": 3,
            "eps": 2.28,
            "eps_growth_year": 115.09,
            "eps_4q": 10.84,
            "eps_4q_growth_year": 99.28,
            "roe": 11.62,
            "roe_4q": 63.64,
            "gross_profit": 72488,
            "gross_margin": 41.61,
            "gross_margin_4q_avg": 44.74,
            "net_income": 46175,
            "revenue": 174204,
            "common_shares": 202620,
            "book_valuer_per_share": 20.75,
            "book_valuer_per_share_4q_avg": 20.4,
            "equity": 420397,
            "current_ratio": 131.9,
            "debt_ratio": 54.06,
            "inventory_turnover_ratio": 15.73,
            "account_receivable_turnover_ratio": 19.82,
            "reinvestment_rate": -3.22,
            "research_to_sale_ratio": null,
            "price_fair": 213.62,
            "eps_avg_yearly": 6.1,
            "eps_latest_yearly": 9.12,
            "eps_growth_yearly": 45.19
        },
        "20164": {
            "year_quarter": 20164,
            "year": 2016,
            "quarter": 4,
            "eps": 1.4,
            "eps_growth_year": -24.86,
            "eps_4q": 10.69,
            "eps_4q_growth_year": 44.93,
            "roe": 6.55,
            "roe_4q": 58.95,
            "gross_profit": 66514,
            "gross_margin": 36.44,
            "gross_margin_4q_avg": 44.47,
            "net_income": 28452,
            "revenue": 182513,
            "common_shares": 202620,
            "book_valuer_per_share": 22.15,
            "book_valuer_per_share_4q_avg": 21.55,
            "equity": 448849,
            "current_ratio": 135.05,
            "debt_ratio": 52.87,
            "inventory_turnover_ratio": 17.72,
            "account_receivable_turnover_ratio": 22.31,
            "reinvestment_rate": 0,
            "research_to_sale_ratio": null,
            "price_fair": 227.5,
            "eps_avg_yearly": 6.5,
            "eps_latest_yearly": 5.6,
            "eps_growth_yearly": 56.32
        },
        "20171": {
            "year_quarter": 20171,
            "year": 2017,
            "quarter": 1,
            "eps": 2.46,
            "eps_growth_year": -31.28,
            "eps_4q": 10.16,
            "eps_4q_growth_year": 5.96,
            "roe": 10.51,
            "roe_4q": 50.96,
            "gross_profit": 81978,
            "gross_margin": 44.44,
            "gross_margin_4q_avg": 43.8,
            "net_income": 49795,
            "revenue": 184479,
            "common_shares": 202620,
            "book_valuer_per_share": 24.61,
            "book_valuer_per_share_4q_avg": 22.42,
            "equity": 498644,
            "current_ratio": 145.21,
            "debt_ratio": 49.89,
            "inventory_turnover_ratio": 21.07,
            "account_receivable_turnover_ratio": 30.9,
            "reinvestment_rate": -5.72,
            "research_to_sale_ratio": null,
            "price_fair": 251.53,
            "eps_avg_yearly": 7.19,
            "eps_latest_yearly": 9.84,
            "eps_growth_yearly": 51.4
        },
        "20172": {
            "year_quarter": 20172,
            "year": 2017,
            "quarter": 2,
            "eps": 4.07,
            "eps_growth_year": -15.56,
            "eps_4q": 9.73,
            "eps_4q_growth_year": 2.97,
            "roe": 17.98,
            "roe_4q": 46.66,
            "gross_profit": 115768,
            "gross_margin": 51.95,
            "gross_margin_4q_avg": 43.61,
            "net_income": 82495,
            "revenue": 222849,
            "common_shares": 202620,
            "book_valuer_per_share": 20.68,
            "book_valuer_per_share_4q_avg": 22.05,
            "equity": 419043,
            "current_ratio": 124.65,
            "debt_ratio": 58.57,
            "inventory_turnover_ratio": 22.68,
            "account_receivable_turnover_ratio": 33.18,
            "reinvestment_rate": -4,
            "research_to_sale_ratio": null,
            "price_fair": 295.63,
            "eps_avg_yearly": 8.45,
            "eps_latest_yearly": 16.28,
            "eps_growth_yearly": 82.38
        },
        "20173": {
            "year_quarter": 20173,
            "year": 2017,
            "quarter": 3,
            "eps": 1.81,
            "eps_growth_year": -20.61,
            "eps_4q": 9.37,
            "eps_4q_growth_year": -13.55,
            "roe": 8.81,
            "roe_4q": 43.849999999999994,
            "gross_profit": 67739,
            "gross_margin": 37.88,
            "gross_margin_4q_avg": 42.68,
            "net_income": 38611,
            "revenue": 178831,
            "common_shares": 212751,
            "book_valuer_per_share": 21.51,
            "book_valuer_per_share_4q_avg": 22.24,
            "equity": 457654,
            "current_ratio": 134.38,
            "debt_ratio": 53.78,
            "inventory_turnover_ratio": 19,
            "account_receivable_turnover_ratio": 19.62,
            "reinvestment_rate": -2.97,
            "research_to_sale_ratio": null,
            "price_fair": 292.38,
            "eps_avg_yearly": 8.35,
            "eps_latest_yearly": 7.24,
            "eps_growth_yearly": 58.96
        },
        "20174": {
            "year_quarter": 20174,
            "year": 2017,
            "quarter": 4,
            "eps": 2.21,
            "eps_growth_year": 57.47,
            "eps_4q": 10.24,
            "eps_4q_growth_year": -4.14,
            "roe": 9.78,
            "roe_4q": 47.08,
            "gross_profit": 85512,
            "gross_margin": 43.42,
            "gross_margin_4q_avg": 44.42,
            "net_income": 47045,
            "revenue": 196953,
            "common_shares": 212751,
            "book_valuer_per_share": 23.72,
            "book_valuer_per_share_4q_avg": 22.63,
            "equity": 504699,
            "current_ratio": 142.26,
            "debt_ratio": 51.24,
            "inventory_turnover_ratio": 16.3,
            "account_receivable_turnover_ratio": 20.47,
            "reinvestment_rate": -1.79,
            "research_to_sale_ratio": null,
            "price_fair": 293.6,
            "eps_avg_yearly": 8.39,
            "eps_latest_yearly": 8.84,
            "eps_growth_yearly": 61.06
        },
        "20181": {
            "year_quarter": 20181,
            "year": 2018,
            "quarter": 1,
            "eps": 2.43,
            "eps_growth_year": -1.22,
            "eps_4q": 10.33,
            "eps_4q_growth_year": 1.71,
            "roe": 9.75,
            "roe_4q": 46.32000000000001,
            "gross_profit": 85126,
            "gross_margin": 43.29,
            "gross_margin_4q_avg": 44.14,
            "net_income": 51708,
            "revenue": 196626,
            "common_shares": 212751,
            "book_valuer_per_share": 26.15,
            "book_valuer_per_share_4q_avg": 23.02,
            "equity": 556407,
            "current_ratio": 154.18,
            "debt_ratio": 47.99,
            "inventory_turnover_ratio": 17.7,
            "account_receivable_turnover_ratio": 23.95,
            "reinvestment_rate": -4.25,
            "research_to_sale_ratio": null,
            "price_fair": 316.5,
            "eps_avg_yearly": 9.04,
            "eps_latest_yearly": 9.72,
            "eps_growth_yearly": 78.19
        },
        "20182": {
            "year_quarter": 20182,
            "year": 2018,
            "quarter": 2,
            "eps": 3.48,
            "eps_growth_year": -14.5,
            "eps_4q": 9.35,
            "eps_4q_growth_year": -3.86,
            "roe": 15.74,
            "roe_4q": 44.080000000000005,
            "gross_profit": 116463,
            "gross_margin": 50.97,
            "gross_margin_4q_avg": 43.89,
            "net_income": 81456,
            "revenue": 228512,
            "common_shares": 212751,
            "book_valuer_per_share": 22.48,
            "book_valuer_per_share_4q_avg": 23.47,
            "equity": 478300,
            "current_ratio": 132.2,
            "debt_ratio": 57.16,
            "inventory_turnover_ratio": 20.22,
            "account_receivable_turnover_ratio": 26.07,
            "reinvestment_rate": -4.05,
            "research_to_sale_ratio": null,
            "price_fair": 348.9,
            "eps_avg_yearly": 9.97,
            "eps_latest_yearly": 13.92,
            "eps_growth_yearly": 70.13
        },
        "20183": {
            "year_quarter": 20183,
            "year": 2018,
            "quarter": 3,
            "eps": 1.66,
            "eps_growth_year": -8.29,
            "eps_4q": 9.36,
            "eps_4q_growth_year": -0.08,
            "roe": 7.82,
            "roe_4q": 43.09,
            "gross_profit": 72905,
            "gross_margin": 38.85,
            "gross_margin_4q_avg": 44.13,
            "net_income": 38907,
            "revenue": 187641,
            "common_shares": 234026,
            "book_valuer_per_share": 22.1,
            "book_valuer_per_share_4q_avg": 23.61,
            "equity": 517207,
            "current_ratio": 138.65,
            "debt_ratio": 53.97,
            "inventory_turnover_ratio": 18.49,
            "account_receivable_turnover_ratio": 11.8,
            "reinvestment_rate": -3.79,
            "research_to_sale_ratio": null,
            "price_fair": 365.1,
            "eps_avg_yearly": 10.43,
            "eps_latest_yearly": 6.64,
            "eps_growth_yearly": 79
        },
        "20184": {
            "year_quarter": 20184,
            "year": 2018,
            "quarter": 4,
            "eps": 1.27,
            "eps_growth_year": -42.48,
            "eps_4q": 8.62,
            "eps_4q_growth_year": -15.81,
            "roe": 5.59,
            "roe_4q": 38.9,
            "gross_profit": 101926,
            "gross_margin": 50.3,
            "gross_margin_4q_avg": 45.85,
            "net_income": 29764,
            "revenue": 202656,
            "common_shares": 234026,
            "book_valuer_per_share": 23.37,
            "book_valuer_per_share_4q_avg": 23.53,
            "equity": 546971,
            "current_ratio": 147.4,
            "debt_ratio": 52.02,
            "inventory_turnover_ratio": 14.16,
            "account_receivable_turnover_ratio": 11.53,
            "reinvestment_rate": -3.01,
            "research_to_sale_ratio": null,
            "price_fair": 352.61,
            "eps_avg_yearly": 10.07,
            "eps_latest_yearly": 5.08,
            "eps_growth_yearly": 67.47
        },
        "20191": {
            "year_quarter": 20191,
            "year": 2019,
            "quarter": 1,
            "eps": 1.92,
            "eps_growth_year": -20.99,
            "eps_4q": 8.34,
            "eps_4q_growth_year": -19.34,
            "roe": 7.89,
            "roe_4q": 37.04,
            "gross_profit": 92755,
            "gross_margin": 44.63,
            "gross_margin_4q_avg": 46.19,
            "net_income": 44954,
            "revenue": 207834,
            "common_shares": 234026,
            "book_valuer_per_share": 25.29,
            "book_valuer_per_share_4q_avg": 23.31,
            "equity": 591925,
            "current_ratio": 147.32,
            "debt_ratio": 54.77,
            "inventory_turnover_ratio": 16.07,
            "account_receivable_turnover_ratio": 17.96,
            "reinvestment_rate": -2.3,
            "research_to_sale_ratio": null,
            "price_fair": 347.38,
            "eps_avg_yearly": 9.93,
            "eps_latest_yearly": 7.68,
            "eps_growth_yearly": 76.05
        },
        "20192": {
            "year_quarter": 20192,
            "year": 2019,
            "quarter": 2,
            "eps": 3.13,
            "eps_growth_year": -10.06,
            "eps_4q": 7.99,
            "eps_4q_growth_year": -14.56,
            "roe": 13.71,
            "roe_4q": 35.010000000000005,
            "gross_profit": 127726,
            "gross_margin": 52.73,
            "gross_margin_4q_avg": 46.63,
            "net_income": 73330,
            "revenue": 242213,
            "common_shares": 234026,
            "book_valuer_per_share": 20.43,
            "book_valuer_per_share_4q_avg": 22.8,
            "equity": 478034,
            "current_ratio": 121.46,
            "debt_ratio": 64.89,
            "inventory_turnover_ratio": 14.18,
            "account_receivable_turnover_ratio": 19.39,
            "reinvestment_rate": -1.06,
            "research_to_sale_ratio": null,
            "price_fair": 345.19,
            "eps_avg_yearly": 9.86,
            "eps_latest_yearly": 12.52,
            "eps_growth_yearly": 60.47
        },
        "20193": {
            "year_quarter": 20193,
            "year": 2019,
            "quarter": 3,
            "eps": 1.6,
            "eps_growth_year": -3.61,
            "eps_4q": 7.93,
            "eps_4q_growth_year": -15.36,
            "roe": 7.5,
            "roe_4q": 34.69,
            "gross_profit": 83530,
            "gross_margin": 41.81,
            "gross_margin_4q_avg": 47.37,
            "net_income": 37418,
            "revenue": 199797,
            "common_shares": 234026,
            "book_valuer_per_share": 22.03,
            "book_valuer_per_share_4q_avg": 22.78,
            "equity": 520352,
            "current_ratio": 128.73,
            "debt_ratio": 60.69,
            "inventory_turnover_ratio": 11.22,
            "account_receivable_turnover_ratio": 12.7,
            "reinvestment_rate": -0.47,
            "research_to_sale_ratio": null,
            "price_fair": 349.91,
            "eps_avg_yearly": 10,
            "eps_latest_yearly": 6.4,
            "eps_growth_yearly": 65.41
        },
        "20194": {
            "year_quarter": 20194,
            "year": 2019,
            "quarter": 4,
            "eps": 2.26,
            "eps_growth_year": 77.48,
            "eps_4q": 8.91,
            "eps_4q_growth_year": 3.32,
            "roe": 9.64,
            "roe_4q": 38.74,
            "gross_profit": 112868,
            "gross_margin": 52.68,
            "gross_margin_4q_avg": 47.96,
            "net_income": 52681,
            "revenue": 214260,
            "common_shares": 234026,
            "book_valuer_per_share": 24.28,
            "book_valuer_per_share_4q_avg": 23.01,
            "equity": 573033,
            "current_ratio": 136.36,
            "debt_ratio": 57.52,
            "inventory_turnover_ratio": 9.59,
            "account_receivable_turnover_ratio": 15.6,
            "reinvestment_rate": -0.8,
            "research_to_sale_ratio": null,
            "price_fair": 353.33,
            "eps_avg_yearly": 10.1,
            "eps_latest_yearly": 9.04,
            "eps_growth_yearly": 56.62
        },
        "20201": {
            "year_quarter": 20201,
            "year": 2020,
            "quarter": 1,
            "eps": 2.13,
            "eps_growth_year": 10.94,
            "eps_4q": 9.12,
            "eps_4q_growth_year": 9.35,
            "roe": 9.84,
            "roe_4q": 40.69,
            "gross_profit": 98505,
            "gross_margin": 46.29,
            "gross_margin_4q_avg": 48.38,
            "net_income": 49634,
            "revenue": 212789,
            "common_shares": 234026,
            "book_valuer_per_share": 18.41,
            "book_valuer_per_share_4q_avg": 21.29,
            "equity": 435446,
            "current_ratio": 112.39,
            "debt_ratio": 69.42,
            "inventory_turnover_ratio": 13.14,
            "account_receivable_turnover_ratio": 20.63,
            "reinvestment_rate": -0.42,
            "research_to_sale_ratio": null,
            "price_fair": 340.64,
            "eps_avg_yearly": 9.73,
            "eps_latest_yearly": 8.52,
            "eps_growth_yearly": 32.32
        },
        "20202": {
            "year_quarter": 20202,
            "year": 2020,
            "quarter": 2,
            "eps": 3.47,
            "eps_growth_year": 10.86,
            "eps_4q": 9.46,
            "eps_4q_growth_year": 18.38,
            "roe": 17.07,
            "roe_4q": 44.05,
            "gross_profit": 138070,
            "gross_margin": 54.83,
            "gross_margin_4q_avg": 48.9,
            "net_income": 81256,
            "revenue": 251796,
            "common_shares": 234026,
            "book_valuer_per_share": 21.88,
            "book_valuer_per_share_4q_avg": 21.65,
            "equity": 516702,
            "current_ratio": 136.54,
            "debt_ratio": 64.85,
            "inventory_turnover_ratio": 14,
            "account_receivable_turnover_ratio": 18.19,
            "reinvestment_rate": 0.02,
            "research_to_sale_ratio": null,
            "price_fair": 328.83,
            "eps_avg_yearly": 9.4,
            "eps_latest_yearly": 13.88,
            "eps_growth_yearly": 39.38
        },
        "20203": {
            "year_quarter": 20203,
            "year": 2020,
            "quarter": 3,
            "eps": 2.74,
            "eps_growth_year": 71.25,
            "eps_4q": 10.6,
            "eps_4q_growth_year": 33.73,
            "roe": 11.68,
            "roe_4q": 48.230000000000004,
            "gross_profit": 115153,
            "gross_margin": 49.31,
            "gross_margin_4q_avg": 50.78,
            "net_income": 64086,
            "revenue": 233527,
            "common_shares": 234026,
            "book_valuer_per_share": 24.62,
            "book_valuer_per_share_4q_avg": 22.3,
            "equity": 580788,
            "current_ratio": 155.49,
            "debt_ratio": 59.06,
            "inventory_turnover_ratio": 11.92,
            "account_receivable_turnover_ratio": 17.25,
            "reinvestment_rate": 0.08,
            "research_to_sale_ratio": null,
            "price_fair": 332.85,
            "eps_avg_yearly": 9.51,
            "eps_latest_yearly": 10.96,
            "eps_growth_yearly": 47.3
        },
        "20204": {
            "year_quarter": 20204,
            "year": 2020,
            "quarter": 4,
            "eps": 2.98,
            "eps_growth_year": 31.92,
            "eps_4q": 11.32,
            "eps_4q_growth_year": 27.03,
            "roe": 11.27,
            "roe_4q": 49.86,
            "gross_profit": 135816,
            "gross_margin": 56.48,
            "gross_margin_4q_avg": 51.73,
            "net_income": 69352,
            "revenue": 240449,
            "common_shares": 234026,
            "book_valuer_per_share": 27.6,
            "book_valuer_per_share_4q_avg": 23.13,
            "equity": 650140,
            "current_ratio": 166.55,
            "debt_ratio": 55.83,
            "inventory_turnover_ratio": 10.06,
            "account_receivable_turnover_ratio": 25.56,
            "reinvestment_rate": -0.93,
            "research_to_sale_ratio": null,
            "price_fair": 346.68,
            "eps_avg_yearly": 9.91,
            "eps_latest_yearly": 11.92,
            "eps_growth_yearly": 59.14
        },
        "20211": {
            "year_quarter": 20211,
            "year": 2021,
            "quarter": 1,
            "eps": 2.86,
            "eps_growth_year": 34.27,
            "eps_4q": 12.06,
            "eps_4q_growth_year": 32.26,
            "roe": 9.77,
            "roe_4q": 49.79,
            "gross_profit": 118935,
            "gross_margin": 50.89,
            "gross_margin_4q_avg": 52.88,
            "net_income": 66750,
            "revenue": 233719,
            "common_shares": 234026,
            "book_valuer_per_share": 30.46,
            "book_valuer_per_share_4q_avg": 26.14,
            "equity": 716890,
            "current_ratio": 176.71,
            "debt_ratio": 55.14,
            "inventory_turnover_ratio": 13.31,
            "account_receivable_turnover_ratio": 23.9,
            "reinvestment_rate": -0.77,
            "research_to_sale_ratio": null,
            "price_fair": 350.18,
            "eps_avg_yearly": 10.01,
            "eps_latest_yearly": 11.44,
            "eps_growth_yearly": 39.2
        },
        "20212": {
            "year_quarter": 20212,
            "year": 2021,
            "quarter": 2,
            "eps": 4.27,
            "eps_growth_year": 23.05,
            "eps_4q": 12.86,
            "eps_4q_growth_year": 35.94,
            "roe": 15.07,
            "roe_4q": 47.79,
            "gross_profit": 161691,
            "gross_margin": 59.65,
            "gross_margin_4q_avg": 54.08,
            "net_income": 99672,
            "revenue": 271086,
            "common_shares": 234026,
            "book_valuer_per_share": 25.74,
            "book_valuer_per_share_4q_avg": 27.11,
            "equity": 605939,
            "current_ratio": 146.28,
            "debt_ratio": 61.68,
            "inventory_turnover_ratio": 14.05,
            "account_receivable_turnover_ratio": 30.05,
            "reinvestment_rate": -0.99,
            "research_to_sale_ratio": null,
            "price_fair": 351.93,
            "eps_avg_yearly": 10.06,
            "eps_latest_yearly": 17.08,
            "eps_growth_yearly": 35.17
        },
        "20213": {
            "year_quarter": 20213,
            "year": 2021,
            "quarter": 3,
            "eps": 2.2,
            "eps_growth_year": -19.71,
            "eps_4q": 11.83,
            "eps_4q_growth_year": 11.64,
            "roe": 8.56,
            "roe_4q": 44.67,
            "gross_profit": 96076,
            "gross_margin": 44.53,
            "gross_margin_4q_avg": 52.89,
            "net_income": 54177,
            "revenue": 215779,
            "common_shares": 245727,
            "book_valuer_per_share": 26.71,
            "book_valuer_per_share_4q_avg": 27.63,
            "equity": 660116,
            "current_ratio": 151.8,
            "debt_ratio": 57.22,
            "inventory_turnover_ratio": 10.69,
            "account_receivable_turnover_ratio": 14.45,
            "reinvestment_rate": -0.94,
            "research_to_sale_ratio": null,
            "price_fair": 355.34,
            "eps_avg_yearly": 10.15,
            "eps_latest_yearly": 8.8,
            "eps_growth_yearly": 36.93
        },
        "20214": {
            "year_quarter": 20214,
            "year": 2021,
            "quarter": 4,
            "eps": 2.21,
            "eps_growth_year": -25.72,
            "eps_4q": 11.21,
            "eps_4q_growth_year": -0.98,
            "roe": 7.9,
            "roe_4q": 41.3,
            "gross_profit": 107503,
            "gross_margin": 47.93,
            "gross_margin_4q_avg": 50.75,
            "net_income": 54296,
            "revenue": 224274,
            "common_shares": 245727,
            "book_valuer_per_share": 28.92,
            "book_valuer_per_share_4q_avg": 27.96,
            "equity": 714412,
            "current_ratio": 156.38,
            "debt_ratio": 52.3,
            "inventory_turnover_ratio": 8.77,
            "account_receivable_turnover_ratio": 15.01,
            "reinvestment_rate": -1.02,
            "research_to_sale_ratio": null,
            "price_fair": 355.34,
            "eps_avg_yearly": 10.15,
            "eps_latest_yearly": 8.84,
            "eps_growth_yearly": 31.52
        },
        "20221": {
            "year_quarter": 20221,
            "year": 2022,
            "quarter": 1,
            "eps": 1.63,
            "eps_growth_year": -43.01,
            "eps_4q": 10.11,
            "eps_4q_growth_year": -16.13,
            "roe": 6.48,
            "roe_4q": 38.010000000000005,
            "gross_profit": 90336,
            "gross_margin": 39.72,
            "gross_margin_4q_avg": 47.96,
            "net_income": 40058,
            "revenue": 227441,
            "common_shares": 245727,
            "book_valuer_per_share": 21.05,
            "book_valuer_per_share_4q_avg": 25.61,
            "equity": 521029,
            "current_ratio": 118.78,
            "debt_ratio": 67.42,
            "inventory_turnover_ratio": 13.71,
            "account_receivable_turnover_ratio": 28.57,
            "reinvestment_rate": -1.11,
            "research_to_sale_ratio": null,
            "price_fair": 323.14,
            "eps_avg_yearly": 9.95,
            "eps_latest_yearly": 6.52,
            "eps_growth_yearly": 22.47
        },
        "20222": {
            "year_quarter": 20222,
            "year": 2022,
            "quarter": 2,
            "eps": 3.53,
            "eps_growth_year": -17.33,
            "eps_4q": 9.57,
            "eps_4q_growth_year": -25.54,
            "roe": 15.31,
            "roe_4q": 38.25,
            "gross_profit": 150177,
            "gross_margin": 53.57,
            "gross_margin_4q_avg": 46.44,
            "net_income": 86390,
            "revenue": 280335,
            "common_shares": 245727,
            "book_valuer_per_share": 24.58,
            "book_valuer_per_share_4q_avg": 25.32,
            "equity": 607419,
            "current_ratio": 138.12,
            "debt_ratio": 55.53,
            "inventory_turnover_ratio": 15.84,
            "account_receivable_turnover_ratio": 26.17,
            "reinvestment_rate": 0.87,
            "research_to_sale_ratio": null,
            "price_fair": 348.78,
            "eps_avg_yearly": 9.97,
            "eps_latest_yearly": 14.12,
            "eps_growth_yearly": 40.81
        },
        "20223": {
            "year_quarter": 20223,
            "year": 2022,
            "quarter": 3,
            "eps": 1.9,
            "eps_growth_year": -13.64,
            "eps_4q": 9.27,
            "eps_4q_growth_year": -21.63,
            "roe": 7.4,
            "roe_4q": 37.09,
            "gross_profit": 93548,
            "gross_margin": 39.52,
            "gross_margin_4q_avg": 45.19,
            "net_income": 46701,
            "revenue": 236727,
            "common_shares": 245727,
            "book_valuer_per_share": 26.48,
            "book_valuer_per_share_4q_avg": 25.26,
            "equity": 654120,
            "current_ratio": 141.4,
            "debt_ratio": 55.06,
            "inventory_turnover_ratio": 14.98,
            "account_receivable_turnover_ratio": 19.22,
            "reinvestment_rate": 1.09,
            "research_to_sale_ratio": null,
            "price_fair": 350.88,
            "eps_avg_yearly": 10.03,
            "eps_latest_yearly": 7.6,
            "eps_growth_yearly": 42.34
        },
        "20224": {
            "year_quarter": 20224,
            "year": 2022,
            "quarter": 4,
            "eps": 2.91,
            "eps_growth_year": 31.6,
            "eps_4q": 9.97,
            "eps_4q_growth_year": -11.03,
            "roe": 10.29,
            "roe_4q": 39.480000000000004,
            "gross_profit": 125631,
            "gross_margin": 52.82,
            "gross_margin_4q_avg": 46.41,
            "net_income": 70972,
            "revenue": 237826,
            "common_shares": 245727,
            "book_valuer_per_share": 29.4,
            "book_valuer_per_share_4q_avg": 25.38,
            "equity": 725092,
            "current_ratio": 153.89,
            "debt_ratio": 50.52,
            "inventory_turnover_ratio": 11.02,
            "account_receivable_turnover_ratio": 23.14,
            "reinvestment_rate": 1.52,
            "research_to_sale_ratio": null,
            "price_fair": 365.23,
            "eps_avg_yearly": 10.44,
            "eps_latest_yearly": 11.64,
            "eps_growth_yearly": 61.5
        },
        "20231": {
            "year_quarter": 20231,
            "year": 2023,
            "quarter": 1,
            "eps": 1.6,
            "eps_growth_year": -1.84,
            "eps_4q": 9.94,
            "eps_4q_growth_year": -1.73,
            "roe": 6.18,
            "roe_4q": 39.18,
            "gross_profit": 82651,
            "gross_margin": 37.19,
            "gross_margin_4q_avg": 45.78,
            "net_income": 39226,
            "revenue": 222220,
            "common_shares": 245727,
            "book_valuer_per_share": 22.19,
            "book_valuer_per_share_4q_avg": 25.66,
            "equity": 545307,
            "current_ratio": 117.43,
            "debt_ratio": 64.67,
            "inventory_turnover_ratio": 16.24,
            "account_receivable_turnover_ratio": 27.88,
            "reinvestment_rate": 1.58,
            "research_to_sale_ratio": null,
            "price_fair": 362.43,
            "eps_avg_yearly": 10.36,
            "eps_latest_yearly": 6.4,
            "eps_growth_yearly": 37.45
        },
        "20232": {
            "year_quarter": 20232,
            "year": 2023,
            "quarter": 2,
            "eps": 3.57,
            "eps_growth_year": 1.13,
            "eps_4q": 9.97,
            "eps_4q_growth_year": 4.19,
            "roe": 14.88,
            "roe_4q": 38.75,
            "gross_profit": 135353,
            "gross_margin": 50.96,
            "gross_margin_4q_avg": 45.12,
            "net_income": 87647,
            "revenue": 265594,
            "common_shares": 245727,
            "book_valuer_per_share": 25.76,
            "book_valuer_per_share_4q_avg": 25.96,
            "equity": 632954,
            "current_ratio": 137.7,
            "debt_ratio": 53.3,
            "inventory_turnover_ratio": 16.57,
            "account_receivable_turnover_ratio": 25.77,
            "reinvestment_rate": 2.22,
            "research_to_sale_ratio": null,
            "price_fair": 366.28,
            "eps_avg_yearly": 10.47,
            "eps_latest_yearly": 14.28,
            "eps_growth_yearly": 52.48
        }
    },
    "months": {
        "2003-09": {
            "month": "2003-09",
            "price": "41.46",
            "revenue": 697911
        },
        "2003-10": {
            "month": "2003-10",
            "price": "40.00",
            "revenue": 500348
        },
        "2003-11": {
            "month": "2003-11",
            "price": "37.04",
            "revenue": 758007
        },
        "2003-12": {
            "month": "2003-12",
            "price": "38.12",
            "revenue": 314406
        },
        "2004-01": {
            "month": "2004-01",
            "price": "35.84",
            "revenue": 279571
        },
        "2004-02": {
            "month": "2004-02",
            "price": "33.04",
            "revenue": 195677
        },
        "2004-03": {
            "month": "2004-03",
            "price": "27.43",
            "revenue": 375433
        },
        "2004-04": {
            "month": "2004-04",
            "price": "24.71",
            "revenue": 193002
        },
        "2004-05": {
            "month": "2004-05",
            "price": "16.02",
            "revenue": 130920
        },
        "2004-06": {
            "month": "2004-06",
            "price": "16.65",
            "revenue": 111243
        },
        "2004-07": {
            "month": "2004-07",
            "price": "15.57",
            "revenue": 113185
        },
        "2004-08": {
            "month": "2004-08",
            "price": "11.32",
            "revenue": 131980
        },
        "2004-09": {
            "month": "2004-09",
            "price": "8.06",
            "revenue": 103005
        },
        "2004-10": {
            "month": "2004-10",
            "price": "7.34",
            "revenue": 147412
        },
        "2004-11": {
            "month": "2004-11",
            "price": "6.83",
            "revenue": 140899
        },
        "2004-12": {
            "month": "2004-12",
            "price": "6.86",
            "revenue": 107019
        },
        "2005-01": {
            "month": "2005-01",
            "price": "6.03",
            "revenue": 26362
        },
        "2005-02": {
            "month": "2005-02",
            "price": "5.14",
            "revenue": 95008
        },
        "2005-03": {
            "month": "2005-03",
            "price": "6.71",
            "revenue": 117777
        },
        "2005-04": {
            "month": "2005-04",
            "price": "6.79",
            "revenue": 80489
        },
        "2005-05": {
            "month": "2005-05",
            "price": "5.93",
            "revenue": 100315
        },
        "2005-06": {
            "month": "2005-06",
            "price": "6.31",
            "revenue": 105643
        },
        "2005-07": {
            "month": "2005-07",
            "price": "6.18",
            "revenue": 75729
        },
        "2005-08": {
            "month": "2005-08",
            "price": "5.68",
            "revenue": 140742
        },
        "2005-09": {
            "month": "2005-09",
            "price": "4.89",
            "revenue": 177284
        },
        "2005-10": {
            "month": "2005-10",
            "price": "4.09",
            "revenue": 266587
        },
        "2005-11": {
            "month": "2005-11",
            "price": "5.00",
            "revenue": 360433
        },
        "2005-12": {
            "month": "2005-12",
            "price": "5.41",
            "revenue": 266326
        },
        "2006-01": {
            "month": "2006-01",
            "price": "5.58",
            "revenue": 135839
        },
        "2006-02": {
            "month": "2006-02",
            "price": "5.00",
            "revenue": 50079
        },
        "2006-03": {
            "month": "2006-03",
            "price": "4.96",
            "revenue": 70191
        },
        "2006-04": {
            "month": "2006-04",
            "price": "4.57",
            "revenue": 94534
        },
        "2006-05": {
            "month": "2006-05",
            "price": "2.92",
            "revenue": 78313
        },
        "2006-06": {
            "month": "2006-06",
            "price": "2.81",
            "revenue": 64766
        },
        "2006-07": {
            "month": "2006-07",
            "price": "2.19",
            "revenue": 71823
        },
        "2006-08": {
            "month": "2006-08",
            "price": "2.65",
            "revenue": 85668
        },
        "2006-09": {
            "month": "2006-09",
            "price": "1.81",
            "revenue": 56648
        },
        "2006-10": {
            "month": "2006-10",
            "price": "1.46",
            "revenue": 69665
        },
        "2006-11": {
            "month": "2006-11",
            "price": "1.54",
            "revenue": 87716
        },
        "2006-12": {
            "month": "2006-12",
            "price": "1.98",
            "revenue": 142898
        },
        "2007-01": {
            "month": "2007-01",
            "price": "1.76",
            "revenue": 37848
        },
        "2007-02": {
            "month": "2007-02",
            "price": "3.06",
            "revenue": 42053
        },
        "2007-03": {
            "month": "2007-03",
            "price": "4.07",
            "revenue": 88396
        },
        "2007-04": {
            "month": "2007-04",
            "price": "3.85",
            "revenue": 62674
        },
        "2007-05": {
            "month": "2007-05",
            "price": "3.37",
            "revenue": 54527
        },
        "2007-06": {
            "month": "2007-06",
            "price": "2.76",
            "revenue": 53264
        },
        "2007-07": {
            "month": "2007-07",
            "price": "2.80",
            "revenue": 52187
        },
        "2007-08": {
            "month": "2007-08",
            "price": "2.73",
            "revenue": 30419
        },
        "2007-09": {
            "month": "2007-09",
            "price": "2.68",
            "revenue": 40600
        },
        "2007-10": {
            "month": "2007-10",
            "price": "3.32",
            "revenue": 23986
        },
        "2007-11": {
            "month": "2007-11",
            "price": "2.70",
            "revenue": 26093
        },
        "2007-12": {
            "month": "2007-12",
            "price": "3.04",
            "revenue": 52562
        },
        "2008-01": {
            "month": "2008-01",
            "price": "2.63",
            "revenue": 17578
        },
        "2008-02": {
            "month": "2008-02",
            "price": "2.44",
            "revenue": 12442
        },
        "2008-03": {
            "month": "2008-03",
            "price": "2.24",
            "revenue": 30664
        },
        "2008-04": {
            "month": "2008-04",
            "price": "2.01",
            "revenue": 8334
        },
        "2008-05": {
            "month": "2008-05",
            "price": "1.56",
            "revenue": 25239
        },
        "2008-06": {
            "month": "2008-06",
            "price": "1.49",
            "revenue": 24437
        },
        "2008-07": {
            "month": "2008-07",
            "price": "1.33",
            "revenue": 10022
        },
        "2008-09": {
            "month": "2008-09",
            "price": "0.94",
            "revenue": 7604
        },
        "2008-10": {
            "month": "2008-10",
            "price": "0.77",
            "revenue": 6611
        },
        "2008-11": {
            "month": "2008-11",
            "price": "0.57",
            "revenue": 11646
        },
        "2008-12": {
            "month": "2008-12",
            "price": "0.46",
            "revenue": 18343
        },
        "2009-01": {
            "month": "2009-01",
            "price": "0.40",
            "revenue": 9186
        },
        "2009-02": {
            "month": "2009-02",
            "price": "0.44",
            "revenue": 14710
        },
        "2009-03": {
            "month": "2009-03",
            "price": "0.88",
            "revenue": 10771
        },
        "2009-04": {
            "month": "2009-04",
            "price": "2.36",
            "revenue": 11840
        },
        "2009-05": {
            "month": "2009-05",
            "price": "2.45",
            "revenue": 5630
        },
        "2009-06": {
            "month": "2009-06",
            "price": "1.74",
            "revenue": 1180
        },
        "2009-07": {
            "month": "2009-07",
            "price": "1.79",
            "revenue": 1484
        },
        "2009-08": {
            "month": "2009-08",
            "price": "1.86",
            "revenue": 6480
        },
        "2009-09": {
            "month": "2009-09",
            "price": "1.16",
            "revenue": 5186
        },
        "2009-10": {
            "month": "2009-10",
            "price": "1.25",
            "revenue": 8183
        },
        "2009-11": {
            "month": "2009-11",
            "price": "1.11",
            "revenue": 9283
        },
        "2009-12": {
            "month": "2009-12",
            "price": "1.14",
            "revenue": 20483
        },
        "2010-01": {
            "month": "2010-01",
            "price": "1.19",
            "revenue": 9787
        },
        "2010-02": {
            "month": "2010-02",
            "price": "41.48",
            "revenue": 8338
        },
        "2010-03": {
            "month": "2010-03",
            "price": "33.37",
            "revenue": 9976
        },
        "2010-04": {
            "month": "2010-04",
            "price": "27.59",
            "revenue": 10431
        },
        "2010-05": {
            "month": "2010-05",
            "price": "22.68",
            "revenue": 9118
        },
        "2010-06": {
            "month": "2010-06",
            "price": "20.11",
            "revenue": 7981
        },
        "2010-07": {
            "month": "2010-07",
            "price": "19.31",
            "revenue": 9445
        },
        "2010-08": {
            "month": "2010-08",
            "price": "18.10",
            "revenue": 9326
        },
        "2010-09": {
            "month": "2010-09",
            "price": "30.02",
            "revenue": 8415
        },
        "2010-10": {
            "month": "2010-10",
            "price": "31.62",
            "revenue": 8944
        },
        "2010-11": {
            "month": "2010-11",
            "price": "24.88",
            "revenue": 10386
        },
        "2010-12": {
            "month": "2010-12",
            "price": "26.65",
            "revenue": 9978
        },
        "2011-01": {
            "month": "2011-01",
            "price": "27.55",
            "revenue": 8232
        },
        "2011-02": {
            "month": "2011-02",
            "price": "25.33",
            "revenue": 5811
        },
        "2011-03": {
            "month": "2011-03",
            "price": "37.12",
            "revenue": 9554
        },
        "2011-04": {
            "month": "2011-04",
            "price": "40.46",
            "revenue": 8369
        },
        "2011-05": {
            "month": "2011-05",
            "price": "32.68",
            "revenue": 8412
        },
        "2011-06": {
            "month": "2011-06",
            "price": "30.07",
            "revenue": 7240
        },
        "2011-07": {
            "month": "2011-07",
            "price": "29.66",
            "revenue": 7767
        },
        "2011-08": {
            "month": "2011-08",
            "price": "34.41",
            "revenue": 13576
        },
        "2011-09": {
            "month": "2011-09",
            "price": "34.91",
            "revenue": 9257
        },
        "2011-10": {
            "month": "2011-10",
            "price": "36.59",
            "revenue": 6899
        },
        "2011-11": {
            "month": "2011-11",
            "price": "36.43",
            "revenue": 7476
        },
        "2011-12": {
            "month": "2011-12",
            "price": "37.27",
            "revenue": 8751
        },
        "2012-01": {
            "month": "2012-01",
            "price": "35.97",
            "revenue": 11609
        },
        "2012-02": {
            "month": "2012-02",
            "price": "36.12",
            "revenue": 16001
        },
        "2012-03": {
            "month": "2012-03",
            "price": "34.53",
            "revenue": 18974
        },
        "2012-04": {
            "month": "2012-04",
            "price": "38.63",
            "revenue": 18165
        },
        "2012-05": {
            "month": "2012-05",
            "price": "46.17",
            "revenue": 15628
        },
        "2012-06": {
            "month": "2012-06",
            "price": "41.28",
            "revenue": 15705
        },
        "2012-07": {
            "month": "2012-07",
            "price": "40.82",
            "revenue": 18792
        },
        "2012-08": {
            "month": "2012-08",
            "price": "43.93",
            "revenue": 16948
        },
        "2012-09": {
            "month": "2012-09",
            "price": "47.01",
            "revenue": 20173
        },
        "2012-10": {
            "month": "2012-10",
            "price": "50.45",
            "revenue": 17736
        },
        "2012-11": {
            "month": "2012-11",
            "price": "48.60",
            "revenue": 15137
        },
        "2012-12": {
            "month": "2012-12",
            "price": "51.19",
            "revenue": 16827
        },
        "2013-01": {
            "month": "2013-01",
            "price": "64.67",
            "revenue": 18785
        },
        "2013-02": {
            "month": "2013-02",
            "price": "63.85",
            "revenue": 20543
        },
        "2013-03": {
            "month": "2013-03",
            "price": "60.52",
            "revenue": 24897
        },
        "2013-04": {
            "month": "2013-04",
            "price": "59.18",
            "revenue": 23863
        },
        "2013-05": {
            "month": "2013-05",
            "price": "56.10",
            "revenue": 22911
        },
        "2013-06": {
            "month": "2013-06",
            "price": "49.27",
            "revenue": 23924
        },
        "2013-07": {
            "month": "2013-07",
            "price": "41.72",
            "revenue": 28177
        },
        "2013-08": {
            "month": "2013-08",
            "price": "38.00",
            "revenue": 19238
        },
        "2013-09": {
            "month": "2013-09",
            "price": "38.51",
            "revenue": 23625
        },
        "2013-10": {
            "month": "2013-10",
            "price": "32.81",
            "revenue": 22585
        },
        "2013-11": {
            "month": "2013-11",
            "price": "29.79",
            "revenue": 20512
        },
        "2013-12": {
            "month": "2013-12",
            "price": "31.03",
            "revenue": 28409
        },
        "2014-01": {
            "month": "2014-01",
            "price": "33.11",
            "revenue": 24683
        },
        "2014-02": {
            "month": "2014-02",
            "price": "41.68",
            "revenue": 26463
        },
        "2014-03": {
            "month": "2014-03",
            "price": "41.35",
            "revenue": 31837
        },
        "2014-04": {
            "month": "2014-04",
            "price": "41.64",
            "revenue": 31104
        },
        "2014-05": {
            "month": "2014-05",
            "price": "40.20",
            "revenue": 30098
        },
        "2014-06": {
            "month": "2014-06",
            "price": "39.25",
            "revenue": 33049
        },
        "2014-07": {
            "month": "2014-07",
            "price": "35.66",
            "revenue": 32722
        },
        "2014-08": {
            "month": "2014-08",
            "price": "36.43",
            "revenue": 28744
        },
        "2014-09": {
            "month": "2014-09",
            "price": "36.01",
            "revenue": 44042
        },
        "2014-10": {
            "month": "2014-10",
            "price": "36.02",
            "revenue": 37534
        },
        "2014-11": {
            "month": "2014-11",
            "price": "32.09",
            "revenue": 45692
        },
        "2014-12": {
            "month": "2014-12",
            "price": "32.94",
            "revenue": 59115
        },
        "2015-01": {
            "month": "2015-01",
            "price": "34.73",
            "revenue": 47657
        },
        "2015-02": {
            "month": "2015-02",
            "price": "35.27",
            "revenue": 50684
        },
        "2015-03": {
            "month": "2015-03",
            "price": "37.15",
            "revenue": 59091
        },
        "2015-04": {
            "month": "2015-04",
            "price": "44.24",
            "revenue": 63210
        },
        "2015-05": {
            "month": "2015-05",
            "price": "74.32",
            "revenue": 64831
        },
        "2015-06": {
            "month": "2015-06",
            "price": "142.43",
            "revenue": 70325
        },
        "2015-07": {
            "month": "2015-07",
            "price": "155.84",
            "revenue": 66897
        },
        "2015-08": {
            "month": "2015-08",
            "price": "136.07",
            "revenue": 45319
        },
        "2015-09": {
            "month": "2015-09",
            "price": "124.48",
            "revenue": 47960
        },
        "2015-10": {
            "month": "2015-10",
            "price": "118.73",
            "revenue": 53102
        },
        "2015-11": {
            "month": "2015-11",
            "price": "95.17",
            "revenue": 56731
        },
        "2015-12": {
            "month": "2015-12",
            "price": "82.57",
            "revenue": 60011
        },
        "2016-01": {
            "month": "2016-01",
            "price": "81.48",
            "revenue": 56371
        },
        "2016-02": {
            "month": "2016-02",
            "price": "94.82",
            "revenue": 61589
        },
        "2016-03": {
            "month": "2016-03",
            "price": "115.63",
            "revenue": 69206
        },
        "2016-04": {
            "month": "2016-04",
            "price": "111.58",
            "revenue": 72490
        },
        "2016-05": {
            "month": "2016-05",
            "price": "130.05",
            "revenue": 72057
        },
        "2016-06": {
            "month": "2016-06",
            "price": "136.52",
            "revenue": 75242
        },
        "2016-07": {
            "month": "2016-07",
            "price": "137.60",
            "revenue": 69665
        },
        "2016-08": {
            "month": "2016-08",
            "price": "142.57",
            "revenue": 51525
        },
        "2016-09": {
            "month": "2016-09",
            "price": "110.32",
            "revenue": 53006
        },
        "2016-10": {
            "month": "2016-10",
            "price": "104.29",
            "revenue": 57640
        },
        "2016-11": {
            "month": "2016-11",
            "price": "118.30",
            "revenue": 60579
        },
        "2016-12": {
            "month": "2016-12",
            "price": "120.77",
            "revenue": 64304
        },
        "2017-01": {
            "month": "2017-01",
            "price": "120.84",
            "revenue": 56180
        },
        "2017-02": {
            "month": "2017-02",
            "price": "124.64",
            "revenue": 59855
        },
        "2017-03": {
            "month": "2017-03",
            "price": "123.26",
            "revenue": 68262
        },
        "2017-04": {
            "month": "2017-04",
            "price": "116.36",
            "revenue": 71598
        },
        "2017-05": {
            "month": "2017-05",
            "price": "116.18",
            "revenue": 74297
        },
        "2017-06": {
            "month": "2017-06",
            "price": "118.91",
            "revenue": 77135
        },
        "2017-07": {
            "month": "2017-07",
            "price": "120.29",
            "revenue": 69272
        },
        "2017-08": {
            "month": "2017-08",
            "price": "113.85",
            "revenue": 52946
        },
        "2017-09": {
            "month": "2017-09",
            "price": "102.52",
            "revenue": 56612
        },
        "2017-10": {
            "month": "2017-10",
            "price": "101.16",
            "revenue": 63305
        },
        "2017-11": {
            "month": "2017-11",
            "price": "103.20",
            "revenue": 65629
        },
        "2017-12": {
            "month": "2017-12",
            "price": "107.45",
            "revenue": 68025
        },
        "2018-01": {
            "month": "2018-01",
            "price": "117.02",
            "revenue": 60748
        },
        "2018-02": {
            "month": "2018-02",
            "price": "116.92",
            "revenue": 63645
        },
        "2018-03": {
            "month": "2018-03",
            "price": "123.96",
            "revenue": 72233
        },
        "2018-04": {
            "month": "2018-04",
            "price": "124.72",
            "revenue": 73492
        },
        "2018-05": {
            "month": "2018-05",
            "price": "126.05",
            "revenue": 76556
        },
        "2018-06": {
            "month": "2018-06",
            "price": "125.02",
            "revenue": 78464
        },
        "2018-07": {
            "month": "2018-07",
            "price": "121.93",
            "revenue": 69952
        },
        "2018-08": {
            "month": "2018-08",
            "price": "110.91",
            "revenue": 57821
        },
        "2018-09": {
            "month": "2018-09",
            "price": "106.34",
            "revenue": 59869
        },
        "2018-10": {
            "month": "2018-10",
            "price": "101.00",
            "revenue": 63867
        },
        "2018-11": {
            "month": "2018-11",
            "price": "104.34",
            "revenue": 67016
        },
        "2018-12": {
            "month": "2018-12",
            "price": "103.36",
            "revenue": 71784
        },
        "2019-01": {
            "month": "2019-01",
            "price": "105.26",
            "revenue": 63243
        },
        "2019-02": {
            "month": "2019-02",
            "price": "108.19",
            "revenue": 67795
        },
        "2019-03": {
            "month": "2019-03",
            "price": "110.00",
            "revenue": 76797
        },
        "2019-04": {
            "month": "2019-04",
            "price": "108.80",
            "revenue": 77471
        },
        "2019-05": {
            "month": "2019-05",
            "price": "109.02",
            "revenue": 82202
        },
        "2019-06": {
            "month": "2019-06",
            "price": "109.84",
            "revenue": 82525
        },
        "2019-07": {
            "month": "2019-07",
            "price": "103.11",
            "revenue": 74887
        },
        "2019-08": {
            "month": "2019-08",
            "price": "101.88",
            "revenue": 61890
        },
        "2019-09": {
            "month": "2019-09",
            "price": "101.82",
            "revenue": 63034
        },
        "2019-10": {
            "month": "2019-10",
            "price": "101.76",
            "revenue": 68346
        },
        "2019-11": {
            "month": "2019-11",
            "price": "102.00",
            "revenue": 72789
        },
        "2019-12": {
            "month": "2019-12",
            "price": "101.91",
            "revenue": 72860
        },
        "2020-01": {
            "month": "2020-01",
            "price": "101.80",
            "revenue": 65906
        },
        "2020-02": {
            "month": "2020-02",
            "price": "100.88",
            "revenue": 70581
        },
        "2020-03": {
            "month": "2020-03",
            "price": "95.40",
            "revenue": 76303
        },
        "2020-04": {
            "month": "2020-04",
            "price": "99.84",
            "revenue": 79901
        },
        "2020-05": {
            "month": "2020-05",
            "price": "106.70",
            "revenue": 82920
        },
        "2020-06": {
            "month": "2020-06",
            "price": "112.15",
            "revenue": 88974
        },
        "2020-07": {
            "month": "2020-07",
            "price": "106.65",
            "revenue": 85418
        },
        "2020-08": {
            "month": "2020-08",
            "price": "108.00",
            "revenue": 73288
        },
        "2020-09": {
            "month": "2020-09",
            "price": "111.02",
            "revenue": 74822
        },
        "2020-10": {
            "month": "2020-10",
            "price": "112.76",
            "revenue": 78364
        },
        "2020-11": {
            "month": "2020-11",
            "price": "117.48",
            "revenue": 83771
        },
        "2020-12": {
            "month": "2020-12",
            "price": "123.85",
            "revenue": 78318
        },
        "2021-01": {
            "month": "2021-01",
            "price": "123.08",
            "revenue": 72252
        },
        "2021-02": {
            "month": "2021-02",
            "price": "124.19",
            "revenue": 74951
        },
        "2021-03": {
            "month": "2021-03",
            "price": "135.43",
            "revenue": 86376
        },
        "2021-04": {
            "month": "2021-04",
            "price": "145.53",
            "revenue": 91517
        },
        "2021-05": {
            "month": "2021-05",
            "price": "145.02",
            "revenue": 90371
        },
        "2021-06": {
            "month": "2021-06",
            "price": "150.10",
            "revenue": 89336
        },
        "2021-07": {
            "month": "2021-07",
            "price": "151.34",
            "revenue": 84235
        },
        "2021-08": {
            "month": "2021-08",
            "price": "148.09",
            "revenue": 65278
        },
        "2021-09": {
            "month": "2021-09",
            "price": "143.52",
            "revenue": 66262
        },
        "2021-10": {
            "month": "2021-10",
            "price": "131.70",
            "revenue": 71711
        },
        "2021-11": {
            "month": "2021-11",
            "price": "126.95",
            "revenue": 76283
        },
        "2021-12": {
            "month": "2021-12",
            "price": "124.16",
            "revenue": 76109
        },
        "2022-01": {
            "month": "2022-01",
            "price": "125.47",
            "revenue": 68587
        },
        "2022-02": {
            "month": "2022-02",
            "price": "125.87",
            "revenue": 74093
        },
        "2022-03": {
            "month": "2022-03",
            "price": "128.24",
            "revenue": 84761
        },
        "2022-04": {
            "month": "2022-04",
            "price": "127.42",
            "revenue": 90806
        },
        "2022-05": {
            "month": "2022-05",
            "price": "107.13",
            "revenue": 93435
        },
        "2022-06": {
            "month": "2022-06",
            "price": "99.26",
            "revenue": 96428
        },
        "2022-07": {
            "month": "2022-07",
            "price": "104.52",
            "revenue": 87647
        },
        "2022-08": {
            "month": "2022-08",
            "price": "111.74",
            "revenue": 72950
        },
        "2022-09": {
            "month": "2022-09",
            "price": "107.62",
            "revenue": 75795
        },
        "2022-10": {
            "month": "2022-10",
            "price": "102.11",
            "revenue": 80409
        },
        "2022-11": {
            "month": "2022-11",
            "price": "100.46",
            "revenue": 80628
        },
        "2022-12": {
            "month": "2022-12",
            "price": "103.73",
            "revenue": 76790
        },
        "2023-01": {
            "month": "2023-01",
            "price": "107.31",
            "revenue": 67620
        },
        "2023-02": {
            "month": "2023-02",
            "price": "107.94",
            "revenue": 72888
        },
        "2023-03": {
            "month": "2023-03",
            "price": "113.59",
            "revenue": 81712
        },
        "2023-04": {
            "month": "2023-04",
            "price": "112.88",
            "revenue": 86703
        },
        "2023-05": {
            "month": "2023-05",
            "price": "108.30",
            "revenue": 87491
        },
        "2023-06": {
            "month": "2023-06",
            "price": "108.28",
            "revenue": 91399
        },
        "2023-07": {
            "month": "2023-07",
            "price": "109.07",
            "revenue": 89316
        },
        "2023-08": {
            "month": "2023-08",
            "price": "111.14",
            "revenue": 76217
        }
    }
}
