{
    "summary": {
        "stock_name": "崴強",
        "stock_id": "6298",
        "category": "電腦及週邊設備",
        "main_business": "影像掃描器、多功能事務機、手寫觸控式液晶顯示器<br>電腦程式設計及電腦週邊設備研發製造及內外銷<br>各型電腦視訊圖形卡、介面卡及光碟機、光碟片研發製造及內外銷",
        "website_url": "",
        "ceo": "蔡元豪",
        "pe_ratio": 7,
        "report_year_from": 2002,
        "report_year_to": 2018,
        "age": 21,
        "eps_negative_percentage": 0,
        "eps_growth_avg": {
            "last_all": 6.1,
            "last_2y": 15.93,
            "last_4y": -3.46,
            "last_8y": 22.48,
            "last_12y": 3.79,
            "last_16y": null,
            "last_20y": null,
            "at_2006_last_3y": null,
            "at_2007_last_3y": null,
            "at_2008_last_3y": -11.02,
            "at_2009_last_3y": -38.27,
            "at_2010_last_3y": -30.7,
            "at_2011_last_3y": -3.86,
            "at_2012_last_3y": 36.18,
            "at_2013_last_3y": 54.91,
            "at_2014_last_3y": 46.55,
            "at_2015_last_3y": 9.25,
            "at_2016_last_3y": 9.25,
            "at_2017_last_3y": 11.11,
            "at_2018_last_3y": -1.97,
            "at_2019_last_3y": -1.97,
            "at_2020_last_3y": -1.97,
            "at_2021_last_3y": -1.97,
            "at_2022_last_3y": -1.97,
            "at_2023_last_3y": -1.97,
            "at_2006_last_all": 14.95,
            "at_2007_last_all": 5.36,
            "at_2008_last_all": -11.02,
            "at_2009_last_all": -23.38,
            "at_2010_last_all": -15.48,
            "at_2011_last_all": 0.09,
            "at_2012_last_all": 12.58,
            "at_2013_last_all": 11.41,
            "at_2014_last_all": 9.33,
            "at_2015_last_all": 3.42,
            "at_2016_last_all": 11.47,
            "at_2017_last_all": 11.32,
            "at_2018_last_all": 6.1,
            "at_2019_last_all": 6.1,
            "at_2020_last_all": 6.1,
            "at_2021_last_all": 6.1,
            "at_2022_last_all": 6.1,
            "at_2023_last_all": 6.1
        },
        "latest_eps": 2.46,
        "latest_price": 17.2,
        "latest_roe": 16.36,
        "latest_gross_margin": 17.05,
        "latest_equity": 2353783,
        "latest_revenue": 1001338,
        "latest_gross_profit": 170756,
        "latest_net_income": 103721,
        "latest_debt_ratio": 57.1,
        "latest_current_ratio": 131.27,
        "latest_account_receivable_turnover_ratio": 1.35,
        "latest_inventory_turnover_ratio": 1.49,
        "latest_reinvestment_rate": -32.23,
        "latest_research_to_sale_ratio": 4.3
    },
    "eps_dividends": {
        "2001": {
            "cash": 0,
            "stock": 0,
            "eps": 0
        },
        "2002": {
            "cash": 0,
            "stock": 0,
            "eps": 0
        },
        "2003": {
            "cash": 0.2,
            "stock": 1,
            "eps": 0
        },
        "2004": {
            "cash": 0,
            "stock": 0,
            "eps": 2.1
        },
        "2005": {
            "cash": 0,
            "stock": 1,
            "eps": 2.86
        },
        "2006": {
            "cash": 1.5,
            "stock": 0.5,
            "eps": 2.68
        },
        "2007": {
            "cash": 1.5,
            "stock": 0.5,
            "eps": 2.31
        },
        "2008": {
            "cash": 1,
            "stock": 1,
            "eps": 0.92
        },
        "2009": {
            "cash": 0.6,
            "stock": 0.1,
            "eps": 0.25
        },
        "2010": {
            "cash": 0,
            "stock": 0,
            "eps": 0.31
        },
        "2011": {
            "cash": 0.2,
            "stock": 0,
            "eps": 0.6
        },
        "2012": {
            "cash": 0.6,
            "stock": 0,
            "eps": 2.39
        },
        "2013": {
            "cash": 1.8,
            "stock": 0,
            "eps": 2.44
        },
        "2014": {
            "cash": 2,
            "stock": 0,
            "eps": 2.21
        },
        "2015": {
            "cash": 2,
            "stock": 0,
            "eps": 0.98
        },
        "2016": {
            "cash": 1,
            "stock": 0,
            "eps": 2.1
        },
        "2017": {
            "cash": 1,
            "stock": 0,
            "eps": 2.3
        },
        "2018": {
            "cash": 3,
            "stock": 0,
            "eps": 0.88
        }
    },
    "dividends": {
        "2003-07-31": {
            "cash": 0.2,
            "stock": 1
        },
        "2005-04-14": {
            "cash": 0,
            "stock": 1
        },
        "2006-04-27": {
            "cash": 1.5,
            "stock": 0.5
        },
        "2007-04-27": {
            "cash": 1.5,
            "stock": 0.5
        },
        "2008-04-30": {
            "cash": 1,
            "stock": 1
        },
        "2009-04-30": {
            "cash": 0.6,
            "stock": 0.1
        },
        "2011-04-28": {
            "cash": 0.2,
            "stock": 0
        },
        "2012-07-31": {
            "cash": 0.6,
            "stock": 0
        },
        "2013-07-31": {
            "cash": 1.8,
            "stock": 0
        },
        "2014-08-08": {
            "cash": 2,
            "stock": 0
        },
        "2015-08-20": {
            "cash": 2,
            "stock": 0
        },
        "2016-08-19": {
            "cash": 1,
            "stock": 0
        },
        "2017-08-18": {
            "cash": 1,
            "stock": 0
        },
        "2018-09-14": {
            "cash": 3,
            "stock": 0
        }
    },
    "prices": {
        "200101": "無",
        "200102": "無",
        "200103": "無",
        "200104": "無",
        "200105": "無",
        "200106": "無",
        "200107": "無",
        "200108": "無",
        "200109": "無",
        "200110": "無",
        "200111": "無",
        "200112": "無",
        "200201": "無",
        "200202": "無",
        "200203": "無",
        "200204": "無",
        "200205": "無",
        "200206": "無",
        "200207": "無",
        "200208": "無",
        "200209": "無",
        "200210": "無",
        "200211": "無",
        "200212": "無",
        "200301": "無",
        "200302": "無",
        "200303": "無",
        "200304": "無",
        "200305": "無",
        "200306": "無",
        "200307": "無",
        "200308": "無",
        "200309": "無",
        "200310": "23.64",
        "200311": "21.50",
        "200312": "19.36",
        "200401": "20.97",
        "200402": "18.02",
        "200403": "17.28",
        "200404": "18.40",
        "200405": "17.24",
        "200406": "15.80",
        "200407": "15.10",
        "200408": "無",
        "200409": "14.36",
        "200410": "無",
        "200411": "12.78",
        "200412": "11.27",
        "200501": "11.96",
        "200502": "15.36",
        "200503": "25.67",
        "200504": "30.60",
        "200505": "32.01",
        "200506": "35.94",
        "200507": "40.65",
        "200508": "42.44",
        "200509": "48.77",
        "200510": "50.63",
        "200511": "45.71",
        "200512": "55.65",
        "200601": "66.54",
        "200602": "62.45",
        "200603": "51.05",
        "200604": "47.37",
        "200605": "41.16",
        "200606": "32.68",
        "200607": "34.67",
        "200608": "34.96",
        "200609": "31.90",
        "200610": "33.92",
        "200611": "41.43",
        "200612": "43.69",
        "200701": "49.77",
        "200702": "44.99",
        "200703": "42.56",
        "200704": "44.61",
        "200705": "42.81",
        "200706": "49.23",
        "200707": "51.60",
        "200708": "41.55",
        "200709": "41.64",
        "200710": "42.35",
        "200711": "35.22",
        "200712": "30.02",
        "200801": "27.86",
        "200802": "27.37",
        "200803": "28.63",
        "200804": "31.57",
        "200805": "29.73",
        "200806": "25.28",
        "200807": "20.62",
        "200808": "19.26",
        "200809": "13.54",
        "200810": "10.44",
        "200811": "10.18",
        "200812": "10.59",
        "200901": "10.28",
        "200902": "10.11",
        "200903": "13.85",
        "200904": "15.35",
        "200905": "19.58",
        "200906": "21.00",
        "200907": "22.98",
        "200908": "20.86",
        "200909": "20.65",
        "200910": "20.46",
        "200911": "19.23",
        "200912": "27.72",
        "201001": "26.43",
        "201002": "22.41",
        "201003": "22.83",
        "201004": "24.28",
        "201005": "20.18",
        "201006": "19.04",
        "201007": "19.90",
        "201008": "19.37",
        "201009": "18.24",
        "201010": "17.53",
        "201011": "15.95",
        "201012": "16.67",
        "201101": "16.49",
        "201102": "15.99",
        "201103": "15.87",
        "201104": "16.26",
        "201105": "15.25",
        "201106": "14.99",
        "201107": "17.03",
        "201108": "20.31",
        "201109": "19.34",
        "201110": "17.37",
        "201111": "15.30",
        "201112": "12.75",
        "201201": "14.50",
        "201202": "17.24",
        "201203": "17.80",
        "201204": "16.82",
        "201205": "17.17",
        "201206": "16.97",
        "201207": "18.78",
        "201208": "21.85",
        "201209": "22.04",
        "201210": "22.19",
        "201211": "22.18",
        "201212": "22.19",
        "201301": "21.82",
        "201302": "21.58",
        "201303": "22.49",
        "201304": "21.19",
        "201305": "21.76",
        "201306": "21.81",
        "201307": "21.07",
        "201308": "18.38",
        "201309": "18.32",
        "201310": "18.34",
        "201311": "18.22",
        "201312": "19.09",
        "201401": "20.17",
        "201402": "20.35",
        "201403": "20.58",
        "201404": "22.75",
        "201405": "23.32",
        "201406": "24.08",
        "201407": "22.88",
        "201408": "21.18",
        "201409": "20.25",
        "201410": "18.38",
        "201411": "18.46",
        "201412": "19.28",
        "201501": "19.65",
        "201502": "19.46",
        "201503": "19.70",
        "201504": "21.64",
        "201505": "21.15",
        "201506": "20.09",
        "201507": "19.22",
        "201508": "14.86",
        "201509": "15.12",
        "201510": "16.36",
        "201511": "17.30",
        "201512": "16.63",
        "201601": "15.68",
        "201602": "16.38",
        "201603": "17.36",
        "201604": "15.59",
        "201605": "15.17",
        "201606": "15.24",
        "201607": "15.54",
        "201608": "14.91",
        "201609": "15.04",
        "201610": "15.06",
        "201611": "15.58",
        "201612": "16.27",
        "201701": "16.09",
        "201702": "17.03",
        "201703": "18.08",
        "201704": "19.34",
        "201705": "17.42",
        "201706": "17.57",
        "201707": "17.81",
        "201708": "17.28",
        "201709": "18.50",
        "201710": "19.30",
        "201711": "20.76",
        "201712": "19.88",
        "201801": "20.49",
        "201802": "20.46",
        "201803": "21.65",
        "201804": "25.29",
        "201805": "22.99",
        "201806": "23.21",
        "201807": "21.95",
        "201808": "20.67",
        "201809": "17.47",
        "201810": "無",
        "201811": "無",
        "201812": "無",
        "201901": "無",
        "201902": "無",
        "201903": "無",
        "201904": "無",
        "201905": "無",
        "201906": "無",
        "201907": "無",
        "201908": "無",
        "201909": "無",
        "201910": "無",
        "201911": "無",
        "201912": "無",
        "202001": "無",
        "202002": "無",
        "202003": "無",
        "202004": "無",
        "202005": "無",
        "202006": "無",
        "202007": "無",
        "202008": "無",
        "202009": "無",
        "202010": "無",
        "202011": "無",
        "202012": "無",
        "202101": "無",
        "202102": "無",
        "202103": "無",
        "202104": "無",
        "202105": "無",
        "202106": "無",
        "202107": "無",
        "202108": "無",
        "202109": "無",
        "202110": "無",
        "202111": "無",
        "202112": "無",
        "202201": "無",
        "202202": "無",
        "202203": "無",
        "202204": "無",
        "202205": "無",
        "202206": "無",
        "202207": "無",
        "202208": "無",
        "202209": "無",
        "202210": "無",
        "202211": "無",
        "202212": "無",
        "202301": "無",
        "202302": "無",
        "202303": "無",
        "202304": "無",
        "202305": "無"
    },
    "quarters": {
        "20011": {
            "year_quarter": 20011,
            "year": 2001,
            "quarter": 1,
            "eps": null,
            "eps_growth_year": null,
            "eps_4q": null,
            "eps_4q_growth_year": null,
            "roe": null,
            "roe_4q": 0,
            "gross_profit": null,
            "gross_margin": null,
            "gross_margin_4q_avg": 0,
            "net_income": null,
            "revenue": null,
            "common_shares": null,
            "book_valuer_per_share": null,
            "book_valuer_per_share_4q_avg": 0,
            "equity": null,
            "current_ratio": null,
            "debt_ratio": null,
            "inventory_turnover_ratio": null,
            "account_receivable_turnover_ratio": null,
            "reinvestment_rate": null,
            "research_to_sale_ratio": null,
            "price_fair": 0,
            "eps_avg_yearly": 0,
            "eps_latest_yearly": 0,
            "eps_growth_yearly": 0
        },
        "20012": {
            "year_quarter": 20012,
            "year": 2001,
            "quarter": 2,
            "eps": null,
            "eps_growth_year": null,
            "eps_4q": null,
            "eps_4q_growth_year": null,
            "roe": null,
            "roe_4q": 0,
            "gross_profit": null,
            "gross_margin": null,
            "gross_margin_4q_avg": 0,
            "net_income": null,
            "revenue": null,
            "common_shares": null,
            "book_valuer_per_share": null,
            "book_valuer_per_share_4q_avg": 0,
            "equity": null,
            "current_ratio": null,
            "debt_ratio": null,
            "inventory_turnover_ratio": null,
            "account_receivable_turnover_ratio": null,
            "reinvestment_rate": null,
            "research_to_sale_ratio": null,
            "price_fair": 0,
            "eps_avg_yearly": 0,
            "eps_latest_yearly": 0,
            "eps_growth_yearly": 0
        },
        "20013": {
            "year_quarter": 20013,
            "year": 2001,
            "quarter": 3,
            "eps": null,
            "eps_growth_year": null,
            "eps_4q": null,
            "eps_4q_growth_year": null,
            "roe": null,
            "roe_4q": 0,
            "gross_profit": null,
            "gross_margin": null,
            "gross_margin_4q_avg": 0,
            "net_income": null,
            "revenue": null,
            "common_shares": null,
            "book_valuer_per_share": null,
            "book_valuer_per_share_4q_avg": 0,
            "equity": null,
            "current_ratio": null,
            "debt_ratio": null,
            "inventory_turnover_ratio": null,
            "account_receivable_turnover_ratio": null,
            "reinvestment_rate": null,
            "research_to_sale_ratio": null,
            "price_fair": 0,
            "eps_avg_yearly": 0,
            "eps_latest_yearly": 0,
            "eps_growth_yearly": 0
        },
        "20014": {
            "year_quarter": 20014,
            "year": 2001,
            "quarter": 4,
            "eps": null,
            "eps_growth_year": null,
            "eps_4q": null,
            "eps_4q_growth_year": null,
            "roe": null,
            "roe_4q": 0,
            "gross_profit": null,
            "gross_margin": null,
            "gross_margin_4q_avg": 0,
            "net_income": null,
            "revenue": null,
            "common_shares": 673000,
            "book_valuer_per_share": 11.36,
            "book_valuer_per_share_4q_avg": 2.84,
            "equity": 764629,
            "current_ratio": 170.39,
            "debt_ratio": 42.04,
            "inventory_turnover_ratio": null,
            "account_receivable_turnover_ratio": null,
            "reinvestment_rate": null,
            "research_to_sale_ratio": null,
            "price_fair": 0,
            "eps_avg_yearly": 0,
            "eps_latest_yearly": 0,
            "eps_growth_yearly": 0
        },
        "20021": {
            "year_quarter": 20021,
            "year": 2002,
            "quarter": 1,
            "eps": null,
            "eps_growth_year": null,
            "eps_4q": null,
            "eps_4q_growth_year": null,
            "roe": null,
            "roe_4q": 0,
            "gross_profit": null,
            "gross_margin": null,
            "gross_margin_4q_avg": 0,
            "net_income": null,
            "revenue": null,
            "common_shares": null,
            "book_valuer_per_share": null,
            "book_valuer_per_share_4q_avg": 2.84,
            "equity": null,
            "current_ratio": null,
            "debt_ratio": null,
            "inventory_turnover_ratio": null,
            "account_receivable_turnover_ratio": null,
            "reinvestment_rate": null,
            "research_to_sale_ratio": null,
            "price_fair": 0,
            "eps_avg_yearly": 0,
            "eps_latest_yearly": 0,
            "eps_growth_yearly": 0
        },
        "20022": {
            "year_quarter": 20022,
            "year": 2002,
            "quarter": 2,
            "eps": null,
            "eps_growth_year": null,
            "eps_4q": null,
            "eps_4q_growth_year": null,
            "roe": null,
            "roe_4q": 0,
            "gross_profit": null,
            "gross_margin": null,
            "gross_margin_4q_avg": 0,
            "net_income": null,
            "revenue": null,
            "common_shares": null,
            "book_valuer_per_share": null,
            "book_valuer_per_share_4q_avg": 2.84,
            "equity": null,
            "current_ratio": null,
            "debt_ratio": null,
            "inventory_turnover_ratio": null,
            "account_receivable_turnover_ratio": null,
            "reinvestment_rate": null,
            "research_to_sale_ratio": null,
            "price_fair": 0,
            "eps_avg_yearly": 0,
            "eps_latest_yearly": 0,
            "eps_growth_yearly": 0
        },
        "20023": {
            "year_quarter": 20023,
            "year": 2002,
            "quarter": 3,
            "eps": null,
            "eps_growth_year": null,
            "eps_4q": null,
            "eps_4q_growth_year": null,
            "roe": null,
            "roe_4q": 0,
            "gross_profit": null,
            "gross_margin": null,
            "gross_margin_4q_avg": 0,
            "net_income": null,
            "revenue": null,
            "common_shares": null,
            "book_valuer_per_share": null,
            "book_valuer_per_share_4q_avg": 2.84,
            "equity": null,
            "current_ratio": null,
            "debt_ratio": null,
            "inventory_turnover_ratio": null,
            "account_receivable_turnover_ratio": null,
            "reinvestment_rate": null,
            "research_to_sale_ratio": null,
            "price_fair": 0,
            "eps_avg_yearly": 0,
            "eps_latest_yearly": 0,
            "eps_growth_yearly": 0
        },
        "20024": {
            "year_quarter": 20024,
            "year": 2002,
            "quarter": 4,
            "eps": null,
            "eps_growth_year": null,
            "eps_4q": null,
            "eps_4q_growth_year": null,
            "roe": null,
            "roe_4q": 0,
            "gross_profit": null,
            "gross_margin": null,
            "gross_margin_4q_avg": 0,
            "net_income": null,
            "revenue": null,
            "common_shares": 673000,
            "book_valuer_per_share": 13.21,
            "book_valuer_per_share_4q_avg": 3.3,
            "equity": 888716,
            "current_ratio": 113.02,
            "debt_ratio": 64.63,
            "inventory_turnover_ratio": null,
            "account_receivable_turnover_ratio": null,
            "reinvestment_rate": null,
            "research_to_sale_ratio": null,
            "price_fair": 0,
            "eps_avg_yearly": 0,
            "eps_latest_yearly": 0,
            "eps_growth_yearly": 0
        },
        "20031": {
            "year_quarter": 20031,
            "year": 2003,
            "quarter": 1,
            "eps": null,
            "eps_growth_year": null,
            "eps_4q": null,
            "eps_4q_growth_year": null,
            "roe": null,
            "roe_4q": 0,
            "gross_profit": null,
            "gross_margin": null,
            "gross_margin_4q_avg": 0,
            "net_income": null,
            "revenue": null,
            "common_shares": null,
            "book_valuer_per_share": null,
            "book_valuer_per_share_4q_avg": 3.3,
            "equity": null,
            "current_ratio": null,
            "debt_ratio": null,
            "inventory_turnover_ratio": null,
            "account_receivable_turnover_ratio": null,
            "reinvestment_rate": null,
            "research_to_sale_ratio": null,
            "price_fair": 0,
            "eps_avg_yearly": 0,
            "eps_latest_yearly": 0,
            "eps_growth_yearly": 0
        },
        "20032": {
            "year_quarter": 20032,
            "year": 2003,
            "quarter": 2,
            "eps": null,
            "eps_growth_year": null,
            "eps_4q": null,
            "eps_4q_growth_year": null,
            "roe": null,
            "roe_4q": 0,
            "gross_profit": null,
            "gross_margin": null,
            "gross_margin_4q_avg": 0,
            "net_income": null,
            "revenue": null,
            "common_shares": null,
            "book_valuer_per_share": null,
            "book_valuer_per_share_4q_avg": 3.3,
            "equity": null,
            "current_ratio": null,
            "debt_ratio": null,
            "inventory_turnover_ratio": null,
            "account_receivable_turnover_ratio": null,
            "reinvestment_rate": null,
            "research_to_sale_ratio": null,
            "price_fair": 0,
            "eps_avg_yearly": 0,
            "eps_latest_yearly": 0,
            "eps_growth_yearly": 0
        },
        "20033": {
            "year_quarter": 20033,
            "year": 2003,
            "quarter": 3,
            "eps": null,
            "eps_growth_year": null,
            "eps_4q": null,
            "eps_4q_growth_year": null,
            "roe": null,
            "roe_4q": 0,
            "gross_profit": null,
            "gross_margin": null,
            "gross_margin_4q_avg": 0,
            "net_income": null,
            "revenue": null,
            "common_shares": null,
            "book_valuer_per_share": null,
            "book_valuer_per_share_4q_avg": 3.3,
            "equity": null,
            "current_ratio": null,
            "debt_ratio": null,
            "inventory_turnover_ratio": null,
            "account_receivable_turnover_ratio": null,
            "reinvestment_rate": null,
            "research_to_sale_ratio": null,
            "price_fair": 0,
            "eps_avg_yearly": 0,
            "eps_latest_yearly": 0,
            "eps_growth_yearly": 0
        },
        "20034": {
            "year_quarter": 20034,
            "year": 2003,
            "quarter": 4,
            "eps": null,
            "eps_growth_year": null,
            "eps_4q": null,
            "eps_4q_growth_year": null,
            "roe": null,
            "roe_4q": 0,
            "gross_profit": null,
            "gross_margin": null,
            "gross_margin_4q_avg": 0,
            "net_income": null,
            "revenue": null,
            "common_shares": 751300,
            "book_valuer_per_share": 12.2,
            "book_valuer_per_share_4q_avg": 3.05,
            "equity": 916588,
            "current_ratio": 124.29,
            "debt_ratio": 66.98,
            "inventory_turnover_ratio": null,
            "account_receivable_turnover_ratio": null,
            "reinvestment_rate": null,
            "research_to_sale_ratio": null,
            "price_fair": 0,
            "eps_avg_yearly": 0,
            "eps_latest_yearly": 0,
            "eps_growth_yearly": 0
        },
        "20041": {
            "year_quarter": 20041,
            "year": 2004,
            "quarter": 1,
            "eps": null,
            "eps_growth_year": null,
            "eps_4q": null,
            "eps_4q_growth_year": null,
            "roe": null,
            "roe_4q": 0,
            "gross_profit": null,
            "gross_margin": null,
            "gross_margin_4q_avg": 0,
            "net_income": null,
            "revenue": null,
            "common_shares": null,
            "book_valuer_per_share": null,
            "book_valuer_per_share_4q_avg": 3.05,
            "equity": null,
            "current_ratio": null,
            "debt_ratio": null,
            "inventory_turnover_ratio": null,
            "account_receivable_turnover_ratio": null,
            "reinvestment_rate": null,
            "research_to_sale_ratio": null,
            "price_fair": 0,
            "eps_avg_yearly": 0,
            "eps_latest_yearly": 0,
            "eps_growth_yearly": 0
        },
        "20042": {
            "year_quarter": 20042,
            "year": 2004,
            "quarter": 2,
            "eps": null,
            "eps_growth_year": null,
            "eps_4q": null,
            "eps_4q_growth_year": null,
            "roe": null,
            "roe_4q": 0,
            "gross_profit": null,
            "gross_margin": null,
            "gross_margin_4q_avg": 0,
            "net_income": null,
            "revenue": null,
            "common_shares": null,
            "book_valuer_per_share": null,
            "book_valuer_per_share_4q_avg": 3.05,
            "equity": null,
            "current_ratio": null,
            "debt_ratio": null,
            "inventory_turnover_ratio": null,
            "account_receivable_turnover_ratio": null,
            "reinvestment_rate": null,
            "research_to_sale_ratio": null,
            "price_fair": 0,
            "eps_avg_yearly": 0,
            "eps_latest_yearly": 0,
            "eps_growth_yearly": 0
        },
        "20043": {
            "year_quarter": 20043,
            "year": 2004,
            "quarter": 3,
            "eps": 0.88,
            "eps_growth_year": null,
            "eps_4q": null,
            "eps_4q_growth_year": null,
            "roe": 6.45,
            "roe_4q": 6.45,
            "gross_profit": 90292,
            "gross_margin": 12.66,
            "gross_margin_4q_avg": 3.17,
            "net_income": 78498,
            "revenue": 713179,
            "common_shares": 1000000,
            "book_valuer_per_share": 12.16,
            "book_valuer_per_share_4q_avg": 6.09,
            "equity": 1216343,
            "current_ratio": 134.23,
            "debt_ratio": 41.76,
            "inventory_turnover_ratio": 3.01,
            "account_receivable_turnover_ratio": null,
            "reinvestment_rate": null,
            "research_to_sale_ratio": null,
            "price_fair": 0,
            "eps_avg_yearly": 0,
            "eps_latest_yearly": 0,
            "eps_growth_yearly": 0
        },
        "20044": {
            "year_quarter": 20044,
            "year": 2004,
            "quarter": 4,
            "eps": 1.22,
            "eps_growth_year": null,
            "eps_4q": null,
            "eps_4q_growth_year": null,
            "roe": 8.11,
            "roe_4q": 14.559999999999999,
            "gross_profit": 76907,
            "gross_margin": 12.63,
            "gross_margin_4q_avg": 6.32,
            "net_income": 101786,
            "revenue": 608873,
            "common_shares": 1000000,
            "book_valuer_per_share": 12.93,
            "book_valuer_per_share_4q_avg": 6.27,
            "equity": 1292870,
            "current_ratio": 102.15,
            "debt_ratio": 69.93,
            "inventory_turnover_ratio": 0.84,
            "account_receivable_turnover_ratio": null,
            "reinvestment_rate": null,
            "research_to_sale_ratio": null,
            "price_fair": 170.8,
            "eps_avg_yearly": 4.88,
            "eps_latest_yearly": 4.88,
            "eps_growth_yearly": 154.55
        },
        "20051": {
            "year_quarter": 20051,
            "year": 2005,
            "quarter": 1,
            "eps": 1.7,
            "eps_growth_year": null,
            "eps_4q": null,
            "eps_4q_growth_year": null,
            "roe": 12.33,
            "roe_4q": 26.889999999999997,
            "gross_profit": 314947,
            "gross_margin": 18.8,
            "gross_margin_4q_avg": 11.02,
            "net_income": 169730,
            "revenue": 1675385,
            "common_shares": 1000000,
            "book_valuer_per_share": 14.61,
            "book_valuer_per_share_4q_avg": 9.93,
            "equity": 1460993,
            "current_ratio": 113.06,
            "debt_ratio": 56.95,
            "inventory_turnover_ratio": 2,
            "account_receivable_turnover_ratio": null,
            "reinvestment_rate": null,
            "research_to_sale_ratio": null,
            "price_fair": 204.4,
            "eps_avg_yearly": 5.84,
            "eps_latest_yearly": 6.8,
            "eps_growth_yearly": 155.96
        },
        "20052": {
            "year_quarter": 20052,
            "year": 2005,
            "quarter": 2,
            "eps": 1.03,
            "eps_growth_year": null,
            "eps_4q": 4.53,
            "eps_4q_growth_year": null,
            "roe": 6.8,
            "roe_4q": 33.69,
            "gross_profit": 238963,
            "gross_margin": 17.22,
            "gross_margin_4q_avg": 15.33,
            "net_income": 102933,
            "revenue": 1387807,
            "common_shares": 1000000,
            "book_valuer_per_share": 15.65,
            "book_valuer_per_share_4q_avg": 13.84,
            "equity": 1565154,
            "current_ratio": 136.18,
            "debt_ratio": 40.5,
            "inventory_turnover_ratio": 3.87,
            "account_receivable_turnover_ratio": null,
            "reinvestment_rate": null,
            "research_to_sale_ratio": null,
            "price_fair": 184.33,
            "eps_avg_yearly": 5.27,
            "eps_latest_yearly": 4.12,
            "eps_growth_yearly": 51.43
        },
        "20053": {
            "year_quarter": 20053,
            "year": 2005,
            "quarter": 3,
            "eps": 0.35,
            "eps_growth_year": -60.23,
            "eps_4q": 3.72,
            "eps_4q_growth_year": null,
            "roe": 2.44,
            "roe_4q": 29.68,
            "gross_profit": 146989,
            "gross_margin": 7.62,
            "gross_margin_4q_avg": 14.07,
            "net_income": 38849,
            "revenue": 1929670,
            "common_shares": 1113600,
            "book_valuer_per_share": 14.57,
            "book_valuer_per_share_4q_avg": 14.44,
            "equity": 1622784,
            "current_ratio": 137.06,
            "debt_ratio": 42.86,
            "inventory_turnover_ratio": 6.57,
            "account_receivable_turnover_ratio": null,
            "reinvestment_rate": null,
            "research_to_sale_ratio": null,
            "price_fair": 12.9,
            "eps_avg_yearly": 4.3,
            "eps_latest_yearly": 1.4,
            "eps_growth_yearly": -27.45
        },
        "20054": {
            "year_quarter": 20054,
            "year": 2005,
            "quarter": 4,
            "eps": -0.22,
            "eps_growth_year": -118.03,
            "eps_4q": 2.58,
            "eps_4q_growth_year": null,
            "roe": -1.5,
            "roe_4q": 20.07,
            "gross_profit": 61009,
            "gross_margin": 4.27,
            "gross_margin_4q_avg": 11.98,
            "net_income": -24105,
            "revenue": 1427249,
            "common_shares": 1113600,
            "book_valuer_per_share": 14.32,
            "book_valuer_per_share_4q_avg": 14.79,
            "equity": 1595140,
            "current_ratio": 144.5,
            "debt_ratio": 48.88,
            "inventory_turnover_ratio": 4.09,
            "account_receivable_turnover_ratio": null,
            "reinvestment_rate": null,
            "research_to_sale_ratio": null,
            "price_fair": 12.9,
            "eps_avg_yearly": 4.3,
            "eps_latest_yearly": 1.4,
            "eps_growth_yearly": -27.45
        },
        "20061": {
            "year_quarter": 20061,
            "year": 2006,
            "quarter": 1,
            "eps": 0.21,
            "eps_growth_year": -87.65,
            "eps_4q": 1.25,
            "eps_4q_growth_year": null,
            "roe": 1.29,
            "roe_4q": 9.03,
            "gross_profit": 71943,
            "gross_margin": 8.15,
            "gross_margin_4q_avg": 9.32,
            "net_income": 23696,
            "revenue": 883257,
            "common_shares": 1226000,
            "book_valuer_per_share": 16.98,
            "book_valuer_per_share_4q_avg": 15.38,
            "equity": 2081468,
            "current_ratio": 176.26,
            "debt_ratio": 35.94,
            "inventory_turnover_ratio": 1.68,
            "account_receivable_turnover_ratio": null,
            "reinvestment_rate": null,
            "research_to_sale_ratio": null,
            "price_fair": 12.9,
            "eps_avg_yearly": 4.3,
            "eps_latest_yearly": 1.4,
            "eps_growth_yearly": -27.45
        },
        "20062": {
            "year_quarter": 20062,
            "year": 2006,
            "quarter": 2,
            "eps": 0.37,
            "eps_growth_year": -64.08,
            "eps_4q": 0.67,
            "eps_4q_growth_year": -85.14,
            "roe": 2.33,
            "roe_4q": 4.5600000000000005,
            "gross_profit": 163211,
            "gross_margin": 10.25,
            "gross_margin_4q_avg": 7.57,
            "net_income": 46886,
            "revenue": 1592312,
            "common_shares": 1226000,
            "book_valuer_per_share": 15.85,
            "book_valuer_per_share_4q_avg": 15.43,
            "equity": 1943193,
            "current_ratio": 140.68,
            "debt_ratio": 49.76,
            "inventory_turnover_ratio": 1.91,
            "account_receivable_turnover_ratio": null,
            "reinvestment_rate": null,
            "research_to_sale_ratio": null,
            "price_fair": 130.76,
            "eps_avg_yearly": 3.74,
            "eps_latest_yearly": 1.48,
            "eps_growth_yearly": 38.99
        },
        "20063": {
            "year_quarter": 20063,
            "year": 2006,
            "quarter": 3,
            "eps": 1.05,
            "eps_growth_year": 200,
            "eps_4q": 1.41,
            "eps_4q_growth_year": -62.17,
            "roe": 6.72,
            "roe_4q": 8.84,
            "gross_profit": 270413,
            "gross_margin": 14.93,
            "gross_margin_4q_avg": 9.4,
            "net_income": 136047,
            "revenue": 1811649,
            "common_shares": 1333298,
            "book_valuer_per_share": 15.78,
            "book_valuer_per_share_4q_avg": 15.73,
            "equity": 2104142,
            "current_ratio": 154.92,
            "debt_ratio": 45.29,
            "inventory_turnover_ratio": 1.81,
            "account_receivable_turnover_ratio": null,
            "reinvestment_rate": null,
            "research_to_sale_ratio": null,
            "price_fair": 133.47,
            "eps_avg_yearly": 3.81,
            "eps_latest_yearly": 4.2,
            "eps_growth_yearly": 155.02
        },
        "20064": {
            "year_quarter": 20064,
            "year": 2006,
            "quarter": 4,
            "eps": 1.05,
            "eps_growth_year": null,
            "eps_4q": 2.64,
            "eps_4q_growth_year": 2.19,
            "roe": 6.28,
            "roe_4q": 16.62,
            "gross_profit": 309787,
            "gross_margin": 16.37,
            "gross_margin_4q_avg": 12.43,
            "net_income": 136759,
            "revenue": 1892581,
            "common_shares": 1345058,
            "book_valuer_per_share": 16.72,
            "book_valuer_per_share_4q_avg": 16.33,
            "equity": 2249443,
            "current_ratio": 181.15,
            "debt_ratio": 42.69,
            "inventory_turnover_ratio": 2.32,
            "account_receivable_turnover_ratio": null,
            "reinvestment_rate": null,
            "research_to_sale_ratio": null,
            "price_fair": 135.4,
            "eps_avg_yearly": 3.87,
            "eps_latest_yearly": 4.2,
            "eps_growth_yearly": 132.87
        },
        "20071": {
            "year_quarter": 20071,
            "year": 2007,
            "quarter": 1,
            "eps": 0.22,
            "eps_growth_year": 4.76,
            "eps_4q": 2.62,
            "eps_4q_growth_year": 108.84,
            "roe": 1.29,
            "roe_4q": 16.619999999999997,
            "gross_profit": 133168,
            "gross_margin": 12.34,
            "gross_margin_4q_avg": 13.47,
            "net_income": 29347,
            "revenue": 1079263,
            "common_shares": 1349631,
            "book_valuer_per_share": 16.99,
            "book_valuer_per_share_4q_avg": 16.34,
            "equity": 2293403,
            "current_ratio": 193.53,
            "debt_ratio": 33.95,
            "inventory_turnover_ratio": 1.84,
            "account_receivable_turnover_ratio": null,
            "reinvestment_rate": null,
            "research_to_sale_ratio": null,
            "price_fair": 122.33,
            "eps_avg_yearly": 3.5,
            "eps_latest_yearly": 0.88,
            "eps_growth_yearly": 76.74
        },
        "20072": {
            "year_quarter": 20072,
            "year": 2007,
            "quarter": 2,
            "eps": 0.73,
            "eps_growth_year": 97.3,
            "eps_4q": 2.81,
            "eps_4q_growth_year": 316.9,
            "roe": 4.73,
            "roe_4q": 19.02,
            "gross_profit": 153439,
            "gross_margin": 12.28,
            "gross_margin_4q_avg": 13.98,
            "net_income": 106187,
            "revenue": 1249182,
            "common_shares": 1350266,
            "book_valuer_per_share": 16.25,
            "book_valuer_per_share_4q_avg": 16.44,
            "equity": 2194373,
            "current_ratio": 160.84,
            "debt_ratio": 42.69,
            "inventory_turnover_ratio": 2.05,
            "account_receivable_turnover_ratio": null,
            "reinvestment_rate": null,
            "research_to_sale_ratio": null,
            "price_fair": 120.09,
            "eps_avg_yearly": 3.43,
            "eps_latest_yearly": 2.92,
            "eps_growth_yearly": 171.24
        },
        "20073": {
            "year_quarter": 20073,
            "year": 2007,
            "quarter": 3,
            "eps": 0.99,
            "eps_growth_year": -5.71,
            "eps_4q": 2.85,
            "eps_4q_growth_year": 102.41,
            "roe": 6.37,
            "roe_4q": 18.67,
            "gross_profit": 250342,
            "gross_margin": 12.13,
            "gross_margin_4q_avg": 13.28,
            "net_income": 144820,
            "revenue": 2063721,
            "common_shares": 1468219,
            "book_valuer_per_share": 16.02,
            "book_valuer_per_share_4q_avg": 16.5,
            "equity": 2351609,
            "current_ratio": 147.62,
            "debt_ratio": 50.48,
            "inventory_turnover_ratio": 1.77,
            "account_receivable_turnover_ratio": null,
            "reinvestment_rate": null,
            "research_to_sale_ratio": null,
            "price_fair": 121.94,
            "eps_avg_yearly": 3.48,
            "eps_latest_yearly": 3.96,
            "eps_growth_yearly": 168.36
        },
        "20074": {
            "year_quarter": 20074,
            "year": 2007,
            "quarter": 4,
            "eps": 0.37,
            "eps_growth_year": -64.76,
            "eps_4q": 2.26,
            "eps_4q_growth_year": -14.14,
            "roe": 2.1,
            "roe_4q": 14.490000000000002,
            "gross_profit": 118491,
            "gross_margin": 6.46,
            "gross_margin_4q_avg": 10.8,
            "net_income": 54780,
            "revenue": 1834437,
            "common_shares": 1482425,
            "book_valuer_per_share": 16.3,
            "book_valuer_per_share_4q_avg": 16.39,
            "equity": 2855742,
            "current_ratio": 161.95,
            "debt_ratio": 47.16,
            "inventory_turnover_ratio": 1.17,
            "account_receivable_turnover_ratio": null,
            "reinvestment_rate": null,
            "research_to_sale_ratio": null,
            "price_fair": 115.56,
            "eps_avg_yearly": 3.3,
            "eps_latest_yearly": 1.48,
            "eps_growth_yearly": 130.29
        },
        "20081": {
            "year_quarter": 20081,
            "year": 2008,
            "quarter": 1,
            "eps": 0.2,
            "eps_growth_year": -9.09,
            "eps_4q": 4.75,
            "eps_4q_growth_year": 81.41,
            "roe": 0.5,
            "roe_4q": 13.700000000000001,
            "gross_profit": 178674,
            "gross_margin": 10.91,
            "gross_margin_4q_avg": 10.45,
            "net_income": 14115,
            "revenue": 1637076,
            "common_shares": 1487808,
            "book_valuer_per_share": 16.14,
            "book_valuer_per_share_4q_avg": 16.18,
            "equity": 2800524,
            "current_ratio": 173.86,
            "debt_ratio": 43.13,
            "inventory_turnover_ratio": 1.02,
            "account_receivable_turnover_ratio": null,
            "reinvestment_rate": null,
            "research_to_sale_ratio": null,
            "price_fair": 108.27,
            "eps_avg_yearly": 3.09,
            "eps_latest_yearly": 0.8,
            "eps_growth_yearly": 104.11
        },
        "20082": {
            "year_quarter": 20082,
            "year": 2008,
            "quarter": 2,
            "eps": 0.09,
            "eps_growth_year": -87.67,
            "eps_4q": 1.4,
            "eps_4q_growth_year": -49.99,
            "roe": -0.57,
            "roe_4q": 8.4,
            "gross_profit": 156786,
            "gross_margin": 11.03,
            "gross_margin_4q_avg": 10.13,
            "net_income": -15590,
            "revenue": 1421858,
            "common_shares": 1490020,
            "book_valuer_per_share": 15.23,
            "book_valuer_per_share_4q_avg": 15.92,
            "equity": 2635305,
            "current_ratio": 170.98,
            "debt_ratio": 42.34,
            "inventory_turnover_ratio": 0.95,
            "account_receivable_turnover_ratio": null,
            "reinvestment_rate": 89.82,
            "research_to_sale_ratio": null,
            "price_fair": 100.91,
            "eps_avg_yearly": 2.88,
            "eps_latest_yearly": 0.36,
            "eps_growth_yearly": 79.18
        },
        "20083": {
            "year_quarter": 20083,
            "year": 2008,
            "quarter": 3,
            "eps": 0.6,
            "eps_growth_year": -39.39,
            "eps_4q": 1.61,
            "eps_4q_growth_year": -43.67,
            "roe": 2.75,
            "roe_4q": 4.78,
            "gross_profit": 251257,
            "gross_margin": 14.01,
            "gross_margin_4q_avg": 10.6,
            "net_income": 74593,
            "revenue": 1793484,
            "common_shares": 1686738,
            "book_valuer_per_share": 14.4,
            "book_valuer_per_share_4q_avg": 15.52,
            "equity": 2788919,
            "current_ratio": 171.26,
            "debt_ratio": 43.25,
            "inventory_turnover_ratio": 1.19,
            "account_receivable_turnover_ratio": null,
            "reinvestment_rate": 58.6,
            "research_to_sale_ratio": null,
            "price_fair": 99.7,
            "eps_avg_yearly": 2.85,
            "eps_latest_yearly": 2.4,
            "eps_growth_yearly": 235.43
        },
        "20084": {
            "year_quarter": 20084,
            "year": 2008,
            "quarter": 4,
            "eps": 0.03,
            "eps_growth_year": -91.89,
            "eps_4q": 0.05,
            "eps_4q_growth_year": -97.68,
            "roe": -3.14,
            "roe_4q": -0.4600000000000001,
            "gross_profit": 38597,
            "gross_margin": 2.94,
            "gross_margin_4q_avg": 9.72,
            "net_income": -85397,
            "revenue": 1312022,
            "common_shares": 1690878,
            "book_valuer_per_share": 14.01,
            "book_valuer_per_share_4q_avg": 14.95,
            "equity": 2644245,
            "current_ratio": 173.15,
            "debt_ratio": 40.53,
            "inventory_turnover_ratio": 1.04,
            "account_receivable_turnover_ratio": 2.62,
            "reinvestment_rate": 15.71,
            "research_to_sale_ratio": null,
            "price_fair": 87.8,
            "eps_avg_yearly": 2.51,
            "eps_latest_yearly": 0.12,
            "eps_growth_yearly": 197.25
        },
        "20091": {
            "year_quarter": 20091,
            "year": 2009,
            "quarter": 1,
            "eps": 0.21,
            "eps_growth_year": 5,
            "eps_4q": 1.99,
            "eps_4q_growth_year": -58.12,
            "roe": 0.61,
            "roe_4q": -0.3500000000000002,
            "gross_profit": 120414,
            "gross_margin": 9.83,
            "gross_margin_4q_avg": 9.45,
            "net_income": 16267,
            "revenue": 1224800,
            "common_shares": 1615562,
            "book_valuer_per_share": 15.05,
            "book_valuer_per_share_4q_avg": 14.67,
            "equity": 2698704,
            "current_ratio": 196.16,
            "debt_ratio": 36.35,
            "inventory_turnover_ratio": 1.08,
            "account_receivable_turnover_ratio": 1.21,
            "reinvestment_rate": 35.53,
            "research_to_sale_ratio": null,
            "price_fair": 72.9,
            "eps_avg_yearly": 2.08,
            "eps_latest_yearly": 0.84,
            "eps_growth_yearly": 357.44
        },
        "20092": {
            "year_quarter": 20092,
            "year": 2009,
            "quarter": 2,
            "eps": 0.05,
            "eps_growth_year": -44.44,
            "eps_4q": 0.31,
            "eps_4q_growth_year": -78.03,
            "roe": -0.91,
            "roe_4q": -0.6900000000000004,
            "gross_profit": 116273,
            "gross_margin": 10.08,
            "gross_margin_4q_avg": 9.22,
            "net_income": -24029,
            "revenue": 1153835,
            "common_shares": 1618983,
            "book_valuer_per_share": 14.58,
            "book_valuer_per_share_4q_avg": 14.51,
            "equity": 2589231,
            "current_ratio": 168.4,
            "debt_ratio": 40.68,
            "inventory_turnover_ratio": 1.2,
            "account_receivable_turnover_ratio": 1.21,
            "reinvestment_rate": 37.99,
            "research_to_sale_ratio": null,
            "price_fair": 63.1,
            "eps_avg_yearly": 1.8,
            "eps_latest_yearly": 0.2,
            "eps_growth_yearly": 346.93
        },
        "20093": {
            "year_quarter": 20093,
            "year": 2009,
            "quarter": 3,
            "eps": -0.07,
            "eps_growth_year": -111.67,
            "eps_4q": 0.21,
            "eps_4q_growth_year": -86.88,
            "roe": -1.55,
            "roe_4q": -4.99,
            "gross_profit": 86932,
            "gross_margin": 8.76,
            "gross_margin_4q_avg": 7.9,
            "net_income": -39614,
            "revenue": 992424,
            "common_shares": 1660452,
            "book_valuer_per_share": 14.07,
            "book_valuer_per_share_4q_avg": 14.43,
            "equity": 2530848,
            "current_ratio": 183.51,
            "debt_ratio": 36.88,
            "inventory_turnover_ratio": 1.13,
            "account_receivable_turnover_ratio": 1.2,
            "reinvestment_rate": 32.06,
            "research_to_sale_ratio": null,
            "price_fair": 64.18,
            "eps_avg_yearly": 1.83,
            "eps_latest_yearly": 0.2,
            "eps_growth_yearly": 393.93
        },
        "20094": {
            "year_quarter": 20094,
            "year": 2009,
            "quarter": 4,
            "eps": 0.06,
            "eps_growth_year": 100,
            "eps_4q": 0.25,
            "eps_4q_growth_year": 369.45,
            "roe": -1.53,
            "roe_4q": -3.3800000000000003,
            "gross_profit": 80081,
            "gross_margin": 7.1,
            "gross_margin_4q_avg": 8.94,
            "net_income": -38535,
            "revenue": 1128157,
            "common_shares": 1666250,
            "book_valuer_per_share": 14.07,
            "book_valuer_per_share_4q_avg": 14.44,
            "equity": 2491103,
            "current_ratio": 173.41,
            "debt_ratio": 38.22,
            "inventory_turnover_ratio": 1.84,
            "account_receivable_turnover_ratio": 2.51,
            "reinvestment_rate": 59.78,
            "research_to_sale_ratio": null,
            "price_fair": 64.18,
            "eps_avg_yearly": 1.83,
            "eps_latest_yearly": 0.2,
            "eps_growth_yearly": 393.93
        },
        "20101": {
            "year_quarter": 20101,
            "year": 2010,
            "quarter": 1,
            "eps": 0.01,
            "eps_growth_year": -95.24,
            "eps_4q": 0.05,
            "eps_4q_growth_year": -97.52,
            "roe": -0.56,
            "roe_4q": -4.55,
            "gross_profit": 151330,
            "gross_margin": 12.19,
            "gross_margin_4q_avg": 9.53,
            "net_income": -14518,
            "revenue": 1241346,
            "common_shares": 1669449,
            "book_valuer_per_share": 14.09,
            "book_valuer_per_share_4q_avg": 14.2,
            "equity": 2676927,
            "current_ratio": 116.09,
            "debt_ratio": 53.9,
            "inventory_turnover_ratio": 1.99,
            "account_receivable_turnover_ratio": 1.52,
            "reinvestment_rate": 148.2,
            "research_to_sale_ratio": 1.58,
            "price_fair": 59.7,
            "eps_avg_yearly": 1.71,
            "eps_latest_yearly": 0.04,
            "eps_growth_yearly": 341.98
        },
        "20102": {
            "year_quarter": 20102,
            "year": 2010,
            "quarter": 2,
            "eps": 0.2,
            "eps_growth_year": 307.69,
            "eps_4q": 0.2,
            "eps_4q_growth_year": -34.76,
            "roe": 0.47,
            "roe_4q": -3.17,
            "gross_profit": 185626,
            "gross_margin": 13.79,
            "gross_margin_4q_avg": 10.46,
            "net_income": 12468,
            "revenue": 1346069,
            "common_shares": 1669749,
            "book_valuer_per_share": 14.36,
            "book_valuer_per_share_4q_avg": 14.15,
            "equity": 2680600,
            "current_ratio": 147.9,
            "debt_ratio": 47.01,
            "inventory_turnover_ratio": 1.74,
            "account_receivable_turnover_ratio": 1.7,
            "reinvestment_rate": 147.08,
            "research_to_sale_ratio": 3.51,
            "price_fair": 58,
            "eps_avg_yearly": 1.66,
            "eps_latest_yearly": 0.8,
            "eps_growth_yearly": 863.07
        },
        "20103": {
            "year_quarter": 20103,
            "year": 2010,
            "quarter": 3,
            "eps": 0.1,
            "eps_growth_year": null,
            "eps_4q": 0.37,
            "eps_4q_growth_year": 75.97,
            "roe": 0.41,
            "roe_4q": -1.2100000000000002,
            "gross_profit": 192817,
            "gross_margin": 11.43,
            "gross_margin_4q_avg": 11.13,
            "net_income": 10835,
            "revenue": 1686286,
            "common_shares": 1677320,
            "book_valuer_per_share": 14.29,
            "book_valuer_per_share_4q_avg": 14.2,
            "equity": 2654048,
            "current_ratio": 144.57,
            "debt_ratio": 49.26,
            "inventory_turnover_ratio": 2.35,
            "account_receivable_turnover_ratio": 1.9,
            "reinvestment_rate": 169.58,
            "research_to_sale_ratio": 2.88,
            "price_fair": 48.5,
            "eps_avg_yearly": 1.39,
            "eps_latest_yearly": 0.4,
            "eps_growth_yearly": 796.27
        },
        "20104": {
            "year_quarter": 20104,
            "year": 2010,
            "quarter": 4,
            "eps": -0,
            "eps_growth_year": -105.5,
            "eps_4q": 0.3,
            "eps_4q_growth_year": 23.87,
            "roe": -1.92,
            "roe_4q": -1.6,
            "gross_profit": 170327,
            "gross_margin": 11.17,
            "gross_margin_4q_avg": 12.15,
            "net_income": -49703,
            "revenue": 1525298,
            "common_shares": 1680504,
            "book_valuer_per_share": 13.92,
            "book_valuer_per_share_4q_avg": 14.17,
            "equity": 2509914,
            "current_ratio": 128.68,
            "debt_ratio": 52.34,
            "inventory_turnover_ratio": 2.18,
            "account_receivable_turnover_ratio": 1.72,
            "reinvestment_rate": 191.99,
            "research_to_sale_ratio": 4.15,
            "price_fair": 40.92,
            "eps_avg_yearly": 1.17,
            "eps_latest_yearly": 0.4,
            "eps_growth_yearly": 857.53
        },
        "20111": {
            "year_quarter": 20111,
            "year": 2011,
            "quarter": 1,
            "eps": 0.04,
            "eps_growth_year": 300,
            "eps_4q": 0.33,
            "eps_4q_growth_year": 575.22,
            "roe": -0.65,
            "roe_4q": -1.6899999999999997,
            "gross_profit": 144324,
            "gross_margin": 11.34,
            "gross_margin_4q_avg": 11.93,
            "net_income": -16186,
            "revenue": 1272918,
            "common_shares": 1683313,
            "book_valuer_per_share": 13.97,
            "book_valuer_per_share_4q_avg": 14.14,
            "equity": 2501321,
            "current_ratio": 130.23,
            "debt_ratio": 50.85,
            "inventory_turnover_ratio": 1.87,
            "account_receivable_turnover_ratio": 1.6,
            "reinvestment_rate": 300.46,
            "research_to_sale_ratio": 3.61,
            "price_fair": 41.77,
            "eps_avg_yearly": 1.19,
            "eps_latest_yearly": 0.4,
            "eps_growth_yearly": 955.34
        },
        "20112": {
            "year_quarter": 20112,
            "year": 2011,
            "quarter": 2,
            "eps": 0.03,
            "eps_growth_year": -87.17,
            "eps_4q": 0.16,
            "eps_4q_growth_year": -21.89,
            "roe": -0.55,
            "roe_4q": -2.71,
            "gross_profit": 203230,
            "gross_margin": 14.97,
            "gross_margin_4q_avg": 12.23,
            "net_income": -13557,
            "revenue": 1357452,
            "common_shares": 1684679,
            "book_valuer_per_share": 13.98,
            "book_valuer_per_share_4q_avg": 14.04,
            "equity": 2465060,
            "current_ratio": 155.62,
            "debt_ratio": 46.2,
            "inventory_turnover_ratio": 1.88,
            "account_receivable_turnover_ratio": 2.07,
            "reinvestment_rate": 302.79,
            "research_to_sale_ratio": 5.61,
            "price_fair": 33.6,
            "eps_avg_yearly": 0.96,
            "eps_latest_yearly": 0.12,
            "eps_growth_yearly": 869.73
        },
        "20113": {
            "year_quarter": 20113,
            "year": 2011,
            "quarter": 3,
            "eps": 0.08,
            "eps_growth_year": -20.44,
            "eps_4q": 0.14,
            "eps_4q_growth_year": -62.99,
            "roe": 0.41,
            "roe_4q": -2.71,
            "gross_profit": 242907,
            "gross_margin": 13.74,
            "gross_margin_4q_avg": 12.81,
            "net_income": 10282,
            "revenue": 1768108,
            "common_shares": 1687533,
            "book_valuer_per_share": 14.41,
            "book_valuer_per_share_4q_avg": 14.07,
            "equity": 2538047,
            "current_ratio": 148.18,
            "debt_ratio": 50.3,
            "inventory_turnover_ratio": 2.17,
            "account_receivable_turnover_ratio": 2.47,
            "reinvestment_rate": 550.45,
            "research_to_sale_ratio": 2.78,
            "price_fair": 22.98,
            "eps_avg_yearly": 0.66,
            "eps_latest_yearly": 0.32,
            "eps_growth_yearly": 913.41
        },
        "20114": {
            "year_quarter": 20114,
            "year": 2011,
            "quarter": 4,
            "eps": 0.45,
            "eps_growth_year": null,
            "eps_4q": 0.59,
            "eps_4q_growth_year": 94.47,
            "roe": 2.7,
            "roe_4q": 1.9100000000000006,
            "gross_profit": 306693,
            "gross_margin": 21.58,
            "gross_margin_4q_avg": 15.41,
            "net_income": 69567,
            "revenue": 1421020,
            "common_shares": 1687548,
            "book_valuer_per_share": 14.85,
            "book_valuer_per_share_4q_avg": 14.3,
            "equity": 2612400,
            "current_ratio": 149.27,
            "debt_ratio": 48.52,
            "inventory_turnover_ratio": 1.35,
            "account_receivable_turnover_ratio": 1.74,
            "reinvestment_rate": 92.85,
            "research_to_sale_ratio": 4.42,
            "price_fair": 23.92,
            "eps_avg_yearly": 0.68,
            "eps_latest_yearly": 1.8,
            "eps_growth_yearly": 1088.45
        },
        "20121": {
            "year_quarter": 20121,
            "year": 2012,
            "quarter": 1,
            "eps": 0.5,
            "eps_growth_year": 1150,
            "eps_4q": 1.06,
            "eps_4q_growth_year": 217.73,
            "roe": 2.83,
            "roe_4q": 5.390000000000001,
            "gross_profit": 280842,
            "gross_margin": 15.63,
            "gross_margin_4q_avg": 16.48,
            "net_income": 74446,
            "revenue": 1796944,
            "common_shares": 1687548,
            "book_valuer_per_share": 15.2,
            "book_valuer_per_share_4q_avg": 14.61,
            "equity": 2655919,
            "current_ratio": 149.22,
            "debt_ratio": 49.29,
            "inventory_turnover_ratio": 1.6,
            "account_receivable_turnover_ratio": 2.22,
            "reinvestment_rate": 83,
            "research_to_sale_ratio": 2.37,
            "price_fair": 27.42,
            "eps_avg_yearly": 0.78,
            "eps_latest_yearly": 2,
            "eps_growth_yearly": 1107.47
        },
        "20122": {
            "year_quarter": 20122,
            "year": 2012,
            "quarter": 2,
            "eps": 0.42,
            "eps_growth_year": 1503.78,
            "eps_4q": 1.45,
            "eps_4q_growth_year": 823.76,
            "roe": 2.27,
            "roe_4q": 8.209999999999999,
            "gross_profit": 254324,
            "gross_margin": 15.44,
            "gross_margin_4q_avg": 16.6,
            "net_income": 59943,
            "revenue": 1647241,
            "common_shares": 1688119,
            "book_valuer_per_share": 15.1,
            "book_valuer_per_share_4q_avg": 14.89,
            "equity": 2629187,
            "current_ratio": 141.11,
            "debt_ratio": 52.88,
            "inventory_turnover_ratio": 1.26,
            "account_receivable_turnover_ratio": 1.73,
            "reinvestment_rate": 52.64,
            "research_to_sale_ratio": 3.04,
            "price_fair": 31.27,
            "eps_avg_yearly": 0.89,
            "eps_latest_yearly": 1.68,
            "eps_growth_yearly": 1120.47
        },
        "20123": {
            "year_quarter": 20123,
            "year": 2012,
            "quarter": 3,
            "eps": 1.08,
            "eps_growth_year": 1268.68,
            "eps_4q": 2.45,
            "eps_4q_growth_year": 1687.85,
            "roe": 6.55,
            "roe_4q": 14.350000000000001,
            "gross_profit": 433286,
            "gross_margin": 18.6,
            "gross_margin_4q_avg": 17.81,
            "net_income": 177070,
            "revenue": 2328978,
            "common_shares": 1688720,
            "book_valuer_per_share": 16.03,
            "book_valuer_per_share_4q_avg": 15.3,
            "equity": 2781570,
            "current_ratio": 149.42,
            "debt_ratio": 50.78,
            "inventory_turnover_ratio": 1.66,
            "account_receivable_turnover_ratio": 1.99,
            "reinvestment_rate": 31.45,
            "research_to_sale_ratio": 2.96,
            "price_fair": 36.87,
            "eps_avg_yearly": 1.05,
            "eps_latest_yearly": 4.32,
            "eps_growth_yearly": 983.97
        },
        "20124": {
            "year_quarter": 20124,
            "year": 2012,
            "quarter": 4,
            "eps": 0.39,
            "eps_growth_year": -13.29,
            "eps_4q": 2.39,
            "eps_4q_growth_year": 303.66,
            "roe": 1.78,
            "roe_4q": 13.43,
            "gross_profit": 312525,
            "gross_margin": 16.18,
            "gross_margin_4q_avg": 16.46,
            "net_income": 49875,
            "revenue": 1931071,
            "common_shares": 1688720,
            "book_valuer_per_share": 16.44,
            "book_valuer_per_share_4q_avg": 15.69,
            "equity": 2836008,
            "current_ratio": 151.52,
            "debt_ratio": 49.43,
            "inventory_turnover_ratio": 1.6,
            "account_receivable_turnover_ratio": 1.63,
            "reinvestment_rate": 25.02,
            "research_to_sale_ratio": 4.53,
            "price_fair": 41.07,
            "eps_avg_yearly": 1.17,
            "eps_latest_yearly": 1.56,
            "eps_growth_yearly": 994.34
        },
        "20131": {
            "year_quarter": 20131,
            "year": 2013,
            "quarter": 1,
            "eps": 0.69,
            "eps_growth_year": 38,
            "eps_4q": 2.58,
            "eps_4q_growth_year": 143.77,
            "roe": 3.79,
            "roe_4q": 14.39,
            "gross_profit": 294970,
            "gross_margin": 17.29,
            "gross_margin_4q_avg": 16.88,
            "net_income": 109859,
            "revenue": 1706428,
            "common_shares": 1688720,
            "book_valuer_per_share": 17.23,
            "book_valuer_per_share_4q_avg": 16.2,
            "equity": 2960519,
            "current_ratio": 161.04,
            "debt_ratio": 46.27,
            "inventory_turnover_ratio": 1.62,
            "account_receivable_turnover_ratio": 1.84,
            "reinvestment_rate": 40.62,
            "research_to_sale_ratio": 3.68,
            "price_fair": 46.67,
            "eps_avg_yearly": 1.33,
            "eps_latest_yearly": 2.76,
            "eps_growth_yearly": 819.98
        },
        "20132": {
            "year_quarter": 20132,
            "year": 2013,
            "quarter": 2,
            "eps": 0.07,
            "eps_growth_year": -83.31,
            "eps_4q": 2.24,
            "eps_4q_growth_year": 53.98,
            "roe": 0.21,
            "roe_4q": 12.33,
            "gross_profit": 191413,
            "gross_margin": 12.29,
            "gross_margin_4q_avg": 16.09,
            "net_income": 5786,
            "revenue": 1557704,
            "common_shares": 1688720,
            "book_valuer_per_share": 15.59,
            "book_valuer_per_share_4q_avg": 16.32,
            "equity": 2677587,
            "current_ratio": 146.58,
            "debt_ratio": 50.51,
            "inventory_turnover_ratio": 1.79,
            "account_receivable_turnover_ratio": 1.89,
            "reinvestment_rate": 41.66,
            "research_to_sale_ratio": 2.46,
            "price_fair": 46.9,
            "eps_avg_yearly": 1.34,
            "eps_latest_yearly": 0.28,
            "eps_growth_yearly": 815.42
        },
        "20133": {
            "year_quarter": 20133,
            "year": 2013,
            "quarter": 3,
            "eps": 0.64,
            "eps_growth_year": -40.79,
            "eps_4q": 1.8,
            "eps_4q_growth_year": -26.75,
            "roe": 3.99,
            "roe_4q": 9.77,
            "gross_profit": 315635,
            "gross_margin": 16.08,
            "gross_margin_4q_avg": 15.46,
            "net_income": 108638,
            "revenue": 1963208,
            "common_shares": 1688720,
            "book_valuer_per_share": 16.14,
            "book_valuer_per_share_4q_avg": 16.35,
            "equity": 2769901,
            "current_ratio": 153.16,
            "debt_ratio": 48.99,
            "inventory_turnover_ratio": 2.24,
            "account_receivable_turnover_ratio": 1.94,
            "reinvestment_rate": 40.82,
            "research_to_sale_ratio": 2.45,
            "price_fair": 50.18,
            "eps_avg_yearly": 1.43,
            "eps_latest_yearly": 2.56,
            "eps_growth_yearly": 1003.25
        },
        "20134": {
            "year_quarter": 20134,
            "year": 2013,
            "quarter": 4,
            "eps": 1.04,
            "eps_growth_year": 164.89,
            "eps_4q": 2.44,
            "eps_4q_growth_year": 2.11,
            "roe": 6.97,
            "roe_4q": 14.96,
            "gross_profit": 398228,
            "gross_margin": 19.34,
            "gross_margin_4q_avg": 16.25,
            "net_income": 200196,
            "revenue": 2059417,
            "common_shares": 1688720,
            "book_valuer_per_share": 17.2,
            "book_valuer_per_share_4q_avg": 16.54,
            "equity": 2975195,
            "current_ratio": 189.51,
            "debt_ratio": 45.75,
            "inventory_turnover_ratio": 2.14,
            "account_receivable_turnover_ratio": 1.75,
            "reinvestment_rate": -22.11,
            "research_to_sale_ratio": 3.72,
            "price_fair": 57,
            "eps_avg_yearly": 1.63,
            "eps_latest_yearly": 4.16,
            "eps_growth_yearly": 949.44
        },
        "20141": {
            "year_quarter": 20141,
            "year": 2014,
            "quarter": 1,
            "eps": 0.6,
            "eps_growth_year": -13.04,
            "eps_4q": 2.35,
            "eps_4q_growth_year": -8.9,
            "roe": 3.35,
            "roe_4q": 14.520000000000001,
            "gross_profit": 277058,
            "gross_margin": 17.09,
            "gross_margin_4q_avg": 16.2,
            "net_income": 101579,
            "revenue": 1621498,
            "common_shares": 1688720,
            "book_valuer_per_share": 17.86,
            "book_valuer_per_share_4q_avg": 16.7,
            "equity": 3086733,
            "current_ratio": 188.04,
            "debt_ratio": 40.51,
            "inventory_turnover_ratio": 1.71,
            "account_receivable_turnover_ratio": 1.58,
            "reinvestment_rate": -8.35,
            "research_to_sale_ratio": 3.28,
            "price_fair": 62.9,
            "eps_avg_yearly": 1.8,
            "eps_latest_yearly": 2.4,
            "eps_growth_yearly": 961.17
        },
        "20142": {
            "year_quarter": 20142,
            "year": 2014,
            "quarter": 2,
            "eps": 0.16,
            "eps_growth_year": 128.57,
            "eps_4q": 2.44,
            "eps_4q_growth_year": 8.98,
            "roe": 0.87,
            "roe_4q": 15.18,
            "gross_profit": 191620,
            "gross_margin": 15.4,
            "gross_margin_4q_avg": 16.98,
            "net_income": 25424,
            "revenue": 1244015,
            "common_shares": 1689520,
            "book_valuer_per_share": 15.89,
            "book_valuer_per_share_4q_avg": 16.77,
            "equity": 2754516,
            "current_ratio": 174.58,
            "debt_ratio": 46.58,
            "inventory_turnover_ratio": 1.48,
            "account_receivable_turnover_ratio": 1.51,
            "reinvestment_rate": -43.92,
            "research_to_sale_ratio": 3.77,
            "price_fair": 62.5,
            "eps_avg_yearly": 1.79,
            "eps_latest_yearly": 0.64,
            "eps_growth_yearly": 397.36
        },
        "20143": {
            "year_quarter": 20143,
            "year": 2014,
            "quarter": 3,
            "eps": 0.68,
            "eps_growth_year": 6.25,
            "eps_4q": 2.47,
            "eps_4q_growth_year": 37.47,
            "roe": 4.11,
            "roe_4q": 15.3,
            "gross_profit": 277271,
            "gross_margin": 18.6,
            "gross_margin_4q_avg": 17.61,
            "net_income": 114955,
            "revenue": 1491026,
            "common_shares": 1689520,
            "book_valuer_per_share": 16.77,
            "book_valuer_per_share_4q_avg": 16.93,
            "equity": 2833571,
            "current_ratio": 211.6,
            "debt_ratio": 37.66,
            "inventory_turnover_ratio": 1.93,
            "account_receivable_turnover_ratio": 1.51,
            "reinvestment_rate": -35.81,
            "research_to_sale_ratio": 4.28,
            "price_fair": 68.3,
            "eps_avg_yearly": 1.95,
            "eps_latest_yearly": 2.72,
            "eps_growth_yearly": 504.5
        },
        "20144": {
            "year_quarter": 20144,
            "year": 2014,
            "quarter": 4,
            "eps": 0.77,
            "eps_growth_year": -25.47,
            "eps_4q": 2.21,
            "eps_4q_growth_year": -9.72,
            "roe": 4.47,
            "roe_4q": 12.799999999999999,
            "gross_profit": 309192,
            "gross_margin": 20.11,
            "gross_margin_4q_avg": 17.8,
            "net_income": 130591,
            "revenue": 1537292,
            "common_shares": 1689520,
            "book_valuer_per_share": 17.79,
            "book_valuer_per_share_4q_avg": 17.08,
            "equity": 3006092,
            "current_ratio": 165.11,
            "debt_ratio": 40.45,
            "inventory_turnover_ratio": 1.88,
            "account_receivable_turnover_ratio": 1.23,
            "reinvestment_rate": -18.92,
            "research_to_sale_ratio": 4.33,
            "price_fair": 70.93,
            "eps_avg_yearly": 2.03,
            "eps_latest_yearly": 3.08,
            "eps_growth_yearly": 474.39
        },
        "20151": {
            "year_quarter": 20151,
            "year": 2015,
            "quarter": 1,
            "eps": 0.29,
            "eps_growth_year": -51.67,
            "eps_4q": 1.9,
            "eps_4q_growth_year": -19.26,
            "roe": 1.6,
            "roe_4q": 11.049999999999999,
            "gross_profit": 163244,
            "gross_margin": 12.49,
            "gross_margin_4q_avg": 16.65,
            "net_income": 48874,
            "revenue": 1307435,
            "common_shares": 1689520,
            "book_valuer_per_share": 18.29,
            "book_valuer_per_share_4q_avg": 17.19,
            "equity": 3089510,
            "current_ratio": 184.62,
            "debt_ratio": 34.18,
            "inventory_turnover_ratio": 1.8,
            "account_receivable_turnover_ratio": 1.06,
            "reinvestment_rate": -13.82,
            "research_to_sale_ratio": 3.67,
            "price_fair": 69.04,
            "eps_avg_yearly": 1.97,
            "eps_latest_yearly": 1.16,
            "eps_growth_yearly": 429.16
        },
        "20152": {
            "year_quarter": 20152,
            "year": 2015,
            "quarter": 2,
            "eps": 0.31,
            "eps_growth_year": 93.75,
            "eps_4q": 2.05,
            "eps_4q_growth_year": -16.06,
            "roe": 1.76,
            "roe_4q": 11.940000000000001,
            "gross_profit": 183179,
            "gross_margin": 14.06,
            "gross_margin_4q_avg": 16.32,
            "net_income": 51542,
            "revenue": 1302561,
            "common_shares": 1689520,
            "book_valuer_per_share": 16.3,
            "book_valuer_per_share_4q_avg": 17.29,
            "equity": 2753796,
            "current_ratio": 137.46,
            "debt_ratio": 43.21,
            "inventory_turnover_ratio": 1.95,
            "account_receivable_turnover_ratio": 1.13,
            "reinvestment_rate": 25.83,
            "research_to_sale_ratio": 3.99,
            "price_fair": 71.49,
            "eps_avg_yearly": 2.04,
            "eps_latest_yearly": 1.24,
            "eps_growth_yearly": 437.13
        },
        "20153": {
            "year_quarter": 20153,
            "year": 2015,
            "quarter": 3,
            "eps": 0.66,
            "eps_growth_year": -2.94,
            "eps_4q": 2.02,
            "eps_4q_growth_year": -18.08,
            "roe": 3.92,
            "roe_4q": 11.75,
            "gross_profit": 221497,
            "gross_margin": 15.9,
            "gross_margin_4q_avg": 15.64,
            "net_income": 110703,
            "revenue": 1393451,
            "common_shares": 1689520,
            "book_valuer_per_share": 17.14,
            "book_valuer_per_share_4q_avg": 17.38,
            "equity": 2895266,
            "current_ratio": 144.15,
            "debt_ratio": 42.33,
            "inventory_turnover_ratio": 2.01,
            "account_receivable_turnover_ratio": 1.13,
            "reinvestment_rate": 25.41,
            "research_to_sale_ratio": 4.77,
            "price_fair": 76.56,
            "eps_avg_yearly": 2.19,
            "eps_latest_yearly": 2.64,
            "eps_growth_yearly": 423.69
        },
        "20154": {
            "year_quarter": 20154,
            "year": 2015,
            "quarter": 4,
            "eps": -0.28,
            "eps_growth_year": -136.3,
            "eps_4q": 0.97,
            "eps_4q_growth_year": -56.12,
            "roe": -1.66,
            "roe_4q": 5.619999999999999,
            "gross_profit": 298118,
            "gross_margin": 19.79,
            "gross_margin_4q_avg": 15.56,
            "net_income": -47507,
            "revenue": 1506443,
            "common_shares": 1689520,
            "book_valuer_per_share": 16.78,
            "book_valuer_per_share_4q_avg": 17.13,
            "equity": 2834376,
            "current_ratio": 121.06,
            "debt_ratio": 50.43,
            "inventory_turnover_ratio": 1.9,
            "account_receivable_turnover_ratio": 1.23,
            "reinvestment_rate": 59.29,
            "research_to_sale_ratio": 4.16,
            "price_fair": 77.47,
            "eps_avg_yearly": 2.21,
            "eps_latest_yearly": 2.64,
            "eps_growth_yearly": 328.61
        },
        "20161": {
            "year_quarter": 20161,
            "year": 2016,
            "quarter": 1,
            "eps": 0.3,
            "eps_growth_year": 3.45,
            "eps_4q": 0.98,
            "eps_4q_growth_year": -48.35,
            "roe": 1.81,
            "roe_4q": 5.83,
            "gross_profit": 230992,
            "gross_margin": 17.99,
            "gross_margin_4q_avg": 16.94,
            "net_income": 50978,
            "revenue": 1284049,
            "common_shares": 1689520,
            "book_valuer_per_share": 16.49,
            "book_valuer_per_share_4q_avg": 16.68,
            "equity": 2785666,
            "current_ratio": 99.2,
            "debt_ratio": 52.19,
            "inventory_turnover_ratio": 1.69,
            "account_receivable_turnover_ratio": 1.09,
            "reinvestment_rate": 100.79,
            "research_to_sale_ratio": 3.98,
            "price_fair": 78,
            "eps_avg_yearly": 2.23,
            "eps_latest_yearly": 2.64,
            "eps_growth_yearly": 348.9
        },
        "20162": {
            "year_quarter": 20162,
            "year": 2016,
            "quarter": 2,
            "eps": 0.33,
            "eps_growth_year": 6.45,
            "eps_4q": 1,
            "eps_4q_growth_year": -50.9,
            "roe": 2.06,
            "roe_4q": 6.13,
            "gross_profit": 216414,
            "gross_margin": 17.6,
            "gross_margin_4q_avg": 17.82,
            "net_income": 55501,
            "revenue": 1229546,
            "common_shares": 1689520,
            "book_valuer_per_share": 15.48,
            "book_valuer_per_share_4q_avg": 16.47,
            "equity": 2615577,
            "current_ratio": 94.55,
            "debt_ratio": 53.11,
            "inventory_turnover_ratio": 1.85,
            "account_receivable_turnover_ratio": 1,
            "reinvestment_rate": 85.94,
            "research_to_sale_ratio": 4.13,
            "price_fair": 77.1,
            "eps_avg_yearly": 2.2,
            "eps_latest_yearly": 1.32,
            "eps_growth_yearly": 356.33
        },
        "20163": {
            "year_quarter": 20163,
            "year": 2016,
            "quarter": 3,
            "eps": 0.91,
            "eps_growth_year": 37.88,
            "eps_4q": 1.26,
            "eps_4q_growth_year": -37.7,
            "roe": 5.86,
            "roe_4q": 8.07,
            "gross_profit": 215464,
            "gross_margin": 18.16,
            "gross_margin_4q_avg": 18.39,
            "net_income": 154104,
            "revenue": 1186164,
            "common_shares": 1689520,
            "book_valuer_per_share": 15.65,
            "book_valuer_per_share_4q_avg": 16.1,
            "equity": 2643658,
            "current_ratio": 98.93,
            "debt_ratio": 52.97,
            "inventory_turnover_ratio": 1.86,
            "account_receivable_turnover_ratio": 1.03,
            "reinvestment_rate": 83.11,
            "research_to_sale_ratio": 4.22,
            "price_fair": 75.4,
            "eps_avg_yearly": 2.15,
            "eps_latest_yearly": 3.64,
            "eps_growth_yearly": 361.65
        },
        "20164": {
            "year_quarter": 20164,
            "year": 2016,
            "quarter": 4,
            "eps": 0.56,
            "eps_growth_year": null,
            "eps_4q": 2.11,
            "eps_4q_growth_year": 117.38,
            "roe": 3.57,
            "roe_4q": 13.3,
            "gross_profit": 178825,
            "gross_margin": 16.3,
            "gross_margin_4q_avg": 17.51,
            "net_income": 95070,
            "revenue": 1097388,
            "common_shares": 1689520,
            "book_valuer_per_share": 15.87,
            "book_valuer_per_share_4q_avg": 15.87,
            "equity": 2680989,
            "current_ratio": 115.86,
            "debt_ratio": 50.63,
            "inventory_turnover_ratio": 1.73,
            "account_receivable_turnover_ratio": 1.03,
            "reinvestment_rate": 75.24,
            "research_to_sale_ratio": 5.13,
            "price_fair": 77.1,
            "eps_avg_yearly": 2.2,
            "eps_latest_yearly": 2.24,
            "eps_growth_yearly": 368.92
        },
        "20171": {
            "year_quarter": 20171,
            "year": 2017,
            "quarter": 1,
            "eps": 0.22,
            "eps_growth_year": -26.67,
            "eps_4q": 2.02,
            "eps_4q_growth_year": 106.22,
            "roe": 1.37,
            "roe_4q": 12.860000000000001,
            "gross_profit": 165094,
            "gross_margin": 16.12,
            "gross_margin_4q_avg": 17.05,
            "net_income": 37064,
            "revenue": 1024014,
            "common_shares": 1689520,
            "book_valuer_per_share": 16.09,
            "book_valuer_per_share_4q_avg": 15.77,
            "equity": 2717654,
            "current_ratio": 114.18,
            "debt_ratio": 49.83,
            "inventory_turnover_ratio": 1.71,
            "account_receivable_turnover_ratio": 1.01,
            "reinvestment_rate": 84.05,
            "research_to_sale_ratio": 5.52,
            "price_fair": 72.4,
            "eps_avg_yearly": 2.07,
            "eps_latest_yearly": 0.88,
            "eps_growth_yearly": 329.59
        },
        "20172": {
            "year_quarter": 20172,
            "year": 2017,
            "quarter": 2,
            "eps": 0.51,
            "eps_growth_year": 54.55,
            "eps_4q": 2.21,
            "eps_4q_growth_year": 119.89,
            "roe": 3.19,
            "roe_4q": 13.990000000000002,
            "gross_profit": 221004,
            "gross_margin": 21.03,
            "gross_margin_4q_avg": 17.9,
            "net_income": 86865,
            "revenue": 1051016,
            "common_shares": 1689520,
            "book_valuer_per_share": 16.15,
            "book_valuer_per_share_4q_avg": 15.94,
            "equity": 2729272,
            "current_ratio": 114.76,
            "debt_ratio": 53.04,
            "inventory_turnover_ratio": 1.64,
            "account_receivable_turnover_ratio": 1.14,
            "reinvestment_rate": 86.14,
            "research_to_sale_ratio": 4.98,
            "price_fair": 76.8,
            "eps_avg_yearly": 2.19,
            "eps_latest_yearly": 2.04,
            "eps_growth_yearly": 392.93
        },
        "20173": {
            "year_quarter": 20173,
            "year": 2017,
            "quarter": 3,
            "eps": 0.91,
            "eps_growth_year": 0,
            "eps_4q": 2.21,
            "eps_4q_growth_year": 74.96,
            "roe": 5.44,
            "roe_4q": 13.57,
            "gross_profit": 237507,
            "gross_margin": 18.48,
            "gross_margin_4q_avg": 17.98,
            "net_income": 153808,
            "revenue": 1285280,
            "common_shares": 1689520,
            "book_valuer_per_share": 17.29,
            "book_valuer_per_share_4q_avg": 16.35,
            "equity": 2920507,
            "current_ratio": 120.87,
            "debt_ratio": 52.37,
            "inventory_turnover_ratio": 1.88,
            "account_receivable_turnover_ratio": 1.38,
            "reinvestment_rate": 86.1,
            "research_to_sale_ratio": 4.45,
            "price_fair": 79.5,
            "eps_avg_yearly": 2.27,
            "eps_latest_yearly": 3.64,
            "eps_growth_yearly": 182.68
        },
        "20174": {
            "year_quarter": 20174,
            "year": 2017,
            "quarter": 4,
            "eps": 0.66,
            "eps_growth_year": 17.75,
            "eps_4q": 2.31,
            "eps_4q_growth_year": 9.57,
            "roe": 3.62,
            "roe_4q": 13.620000000000001,
            "gross_profit": 222383,
            "gross_margin": 19.52,
            "gross_margin_4q_avg": 18.79,
            "net_income": 111944,
            "revenue": 1139095,
            "common_shares": 1689520,
            "book_valuer_per_share": 19.32,
            "book_valuer_per_share_4q_avg": 17.21,
            "equity": 3264184,
            "current_ratio": 143.61,
            "debt_ratio": 48.51,
            "inventory_turnover_ratio": 1.53,
            "account_receivable_turnover_ratio": 1.24,
            "reinvestment_rate": 134.57,
            "research_to_sale_ratio": 4.28,
            "price_fair": 75.7,
            "eps_avg_yearly": 2.16,
            "eps_latest_yearly": 2.64,
            "eps_growth_yearly": 156.98
        },
        "20181": {
            "year_quarter": 20181,
            "year": 2018,
            "quarter": 1,
            "eps": 0.27,
            "eps_growth_year": 22.73,
            "eps_4q": 2.36,
            "eps_4q_growth_year": 16.72,
            "roe": 1.48,
            "roe_4q": 13.729999999999999,
            "gross_profit": 155200,
            "gross_margin": 14.75,
            "gross_margin_4q_avg": 18.45,
            "net_income": 46278,
            "revenue": 1052352,
            "common_shares": 1689520,
            "book_valuer_per_share": 17.68,
            "book_valuer_per_share_4q_avg": 17.61,
            "equity": 2986634,
            "current_ratio": 172.06,
            "debt_ratio": 45.4,
            "inventory_turnover_ratio": 1.58,
            "account_receivable_turnover_ratio": 1.38,
            "reinvestment_rate": -72.25,
            "research_to_sale_ratio": 3.45,
            "price_fair": 72.4,
            "eps_avg_yearly": 2.07,
            "eps_latest_yearly": 1.08,
            "eps_growth_yearly": 152.18
        },
        "20182": {
            "year_quarter": 20182,
            "year": 2018,
            "quarter": 2,
            "eps": 0.61,
            "eps_growth_year": 19.61,
            "eps_4q": 2.46,
            "eps_4q_growth_year": 11.43,
            "roe": 3.88,
            "roe_4q": 14.420000000000002,
            "gross_profit": 170756,
            "gross_margin": 17.05,
            "gross_margin_4q_avg": 17.45,
            "net_income": 103721,
            "revenue": 1001338,
            "common_shares": 1689520,
            "book_valuer_per_share": 13.93,
            "book_valuer_per_share_4q_avg": 17.06,
            "equity": 2353783,
            "current_ratio": 131.27,
            "debt_ratio": 57.1,
            "inventory_turnover_ratio": 1.49,
            "account_receivable_turnover_ratio": 1.35,
            "reinvestment_rate": -32.23,
            "research_to_sale_ratio": 4.3,
            "price_fair": 76.9,
            "eps_avg_yearly": 2.2,
            "eps_latest_yearly": 2.44,
            "eps_growth_yearly": 209.11
        }
    },
    "months": {
        "2003-10": {
            "month": "2003-10",
            "price": "23.64",
            "revenue": 210000
        },
        "2003-11": {
            "month": "2003-11",
            "price": "21.50",
            "revenue": 169075
        },
        "2003-12": {
            "month": "2003-12",
            "price": "19.36",
            "revenue": 191598
        },
        "2004-01": {
            "month": "2004-01",
            "price": "20.97",
            "revenue": 79349
        },
        "2004-02": {
            "month": "2004-02",
            "price": "18.02",
            "revenue": 122765
        },
        "2004-03": {
            "month": "2004-03",
            "price": "17.28",
            "revenue": 131587
        },
        "2004-04": {
            "month": "2004-04",
            "price": "18.40",
            "revenue": 147510
        },
        "2004-05": {
            "month": "2004-05",
            "price": "17.24",
            "revenue": 239797
        },
        "2004-06": {
            "month": "2004-06",
            "price": "15.80",
            "revenue": 178726
        },
        "2004-07": {
            "month": "2004-07",
            "price": "15.10",
            "revenue": 241951
        },
        "2004-09": {
            "month": "2004-09",
            "price": "14.36",
            "revenue": 273676
        },
        "2004-11": {
            "month": "2004-11",
            "price": "12.78",
            "revenue": 200720
        },
        "2004-12": {
            "month": "2004-12",
            "price": "11.27",
            "revenue": 427778
        },
        "2005-01": {
            "month": "2005-01",
            "price": "11.96",
            "revenue": 588947
        },
        "2005-02": {
            "month": "2005-02",
            "price": "15.36",
            "revenue": 846660
        },
        "2005-03": {
            "month": "2005-03",
            "price": "25.67",
            "revenue": 784821
        },
        "2005-04": {
            "month": "2005-04",
            "price": "30.60",
            "revenue": 748700
        },
        "2005-05": {
            "month": "2005-05",
            "price": "32.01",
            "revenue": 517908
        },
        "2005-06": {
            "month": "2005-06",
            "price": "35.94",
            "revenue": 341861
        },
        "2005-07": {
            "month": "2005-07",
            "price": "40.65",
            "revenue": 685066
        },
        "2005-08": {
            "month": "2005-08",
            "price": "42.44",
            "revenue": 688404
        },
        "2005-09": {
            "month": "2005-09",
            "price": "48.77",
            "revenue": 546021
        },
        "2005-10": {
            "month": "2005-10",
            "price": "50.63",
            "revenue": 415882
        },
        "2005-11": {
            "month": "2005-11",
            "price": "45.71",
            "revenue": 566796
        },
        "2005-12": {
            "month": "2005-12",
            "price": "55.65",
            "revenue": 441198
        },
        "2006-01": {
            "month": "2006-01",
            "price": "66.54",
            "revenue": 301928
        },
        "2006-02": {
            "month": "2006-02",
            "price": "62.45",
            "revenue": 240436
        },
        "2006-03": {
            "month": "2006-03",
            "price": "51.05",
            "revenue": 388373
        },
        "2006-04": {
            "month": "2006-04",
            "price": "47.37",
            "revenue": 507241
        },
        "2006-05": {
            "month": "2006-05",
            "price": "41.16",
            "revenue": 514791
        },
        "2006-06": {
            "month": "2006-06",
            "price": "32.68",
            "revenue": 588699
        },
        "2006-07": {
            "month": "2006-07",
            "price": "34.67",
            "revenue": 556031
        },
        "2006-08": {
            "month": "2006-08",
            "price": "34.96",
            "revenue": 590172
        },
        "2006-09": {
            "month": "2006-09",
            "price": "31.90",
            "revenue": 644719
        },
        "2006-10": {
            "month": "2006-10",
            "price": "33.92",
            "revenue": 663823
        },
        "2006-11": {
            "month": "2006-11",
            "price": "41.43",
            "revenue": 742149
        },
        "2006-12": {
            "month": "2006-12",
            "price": "43.69",
            "revenue": 643503
        },
        "2007-01": {
            "month": "2007-01",
            "price": "49.77",
            "revenue": 282445
        },
        "2007-02": {
            "month": "2007-02",
            "price": "44.99",
            "revenue": 339670
        },
        "2007-03": {
            "month": "2007-03",
            "price": "42.56",
            "revenue": 420879
        },
        "2007-04": {
            "month": "2007-04",
            "price": "44.61",
            "revenue": 405179
        },
        "2007-05": {
            "month": "2007-05",
            "price": "42.81",
            "revenue": 442760
        },
        "2007-06": {
            "month": "2007-06",
            "price": "49.23",
            "revenue": 460922
        },
        "2007-07": {
            "month": "2007-07",
            "price": "51.60",
            "revenue": 581632
        },
        "2007-08": {
            "month": "2007-08",
            "price": "41.55",
            "revenue": 732235
        },
        "2007-09": {
            "month": "2007-09",
            "price": "41.64",
            "revenue": 751479
        },
        "2007-10": {
            "month": "2007-10",
            "price": "42.35",
            "revenue": 766463
        },
        "2007-11": {
            "month": "2007-11",
            "price": "35.22",
            "revenue": 759191
        },
        "2007-12": {
            "month": "2007-12",
            "price": "30.02",
            "revenue": 471886
        },
        "2008-01": {
            "month": "2008-01",
            "price": "27.86",
            "revenue": 561017
        },
        "2008-02": {
            "month": "2008-02",
            "price": "27.37",
            "revenue": 504992
        },
        "2008-03": {
            "month": "2008-03",
            "price": "28.63",
            "revenue": 495993
        },
        "2008-04": {
            "month": "2008-04",
            "price": "31.57",
            "revenue": 425314
        },
        "2008-05": {
            "month": "2008-05",
            "price": "29.73",
            "revenue": 383080
        },
        "2008-06": {
            "month": "2008-06",
            "price": "25.28",
            "revenue": 404579
        },
        "2008-07": {
            "month": "2008-07",
            "price": "20.62",
            "revenue": 505234
        },
        "2008-08": {
            "month": "2008-08",
            "price": "19.26",
            "revenue": 569220
        },
        "2008-09": {
            "month": "2008-09",
            "price": "13.54",
            "revenue": 538506
        },
        "2008-10": {
            "month": "2008-10",
            "price": "10.44",
            "revenue": 507098
        },
        "2008-11": {
            "month": "2008-11",
            "price": "10.18",
            "revenue": 367370
        },
        "2008-12": {
            "month": "2008-12",
            "price": "10.59",
            "revenue": 316410
        },
        "2009-01": {
            "month": "2009-01",
            "price": "10.28",
            "revenue": 313306
        },
        "2009-02": {
            "month": "2009-02",
            "price": "10.11",
            "revenue": 413797
        },
        "2009-03": {
            "month": "2009-03",
            "price": "13.85",
            "revenue": 379035
        },
        "2009-04": {
            "month": "2009-04",
            "price": "15.35",
            "revenue": 430308
        },
        "2009-05": {
            "month": "2009-05",
            "price": "19.58",
            "revenue": 329258
        },
        "2009-06": {
            "month": "2009-06",
            "price": "21.00",
            "revenue": 281167
        },
        "2009-07": {
            "month": "2009-07",
            "price": "22.98",
            "revenue": 279700
        },
        "2009-08": {
            "month": "2009-08",
            "price": "20.86",
            "revenue": 318019
        },
        "2009-09": {
            "month": "2009-09",
            "price": "20.65",
            "revenue": 230088
        },
        "2009-10": {
            "month": "2009-10",
            "price": "20.46",
            "revenue": 381803
        },
        "2009-11": {
            "month": "2009-11",
            "price": "19.23",
            "revenue": 325488
        },
        "2009-12": {
            "month": "2009-12",
            "price": "27.72",
            "revenue": 297240
        },
        "2010-01": {
            "month": "2010-01",
            "price": "26.43",
            "revenue": 206135
        },
        "2010-02": {
            "month": "2010-02",
            "price": "22.41",
            "revenue": 170220
        },
        "2010-03": {
            "month": "2010-03",
            "price": "22.83",
            "revenue": 194230
        },
        "2010-04": {
            "month": "2010-04",
            "price": "24.28",
            "revenue": 202665
        },
        "2010-05": {
            "month": "2010-05",
            "price": "20.18",
            "revenue": 305588
        },
        "2010-06": {
            "month": "2010-06",
            "price": "19.04",
            "revenue": 229544
        },
        "2010-07": {
            "month": "2010-07",
            "price": "19.90",
            "revenue": 289236
        },
        "2010-08": {
            "month": "2010-08",
            "price": "19.37",
            "revenue": 316509
        },
        "2010-09": {
            "month": "2010-09",
            "price": "18.24",
            "revenue": 259147
        },
        "2010-10": {
            "month": "2010-10",
            "price": "17.53",
            "revenue": 299850
        },
        "2010-11": {
            "month": "2010-11",
            "price": "15.95",
            "revenue": 320315
        },
        "2010-12": {
            "month": "2010-12",
            "price": "16.67",
            "revenue": 271486
        },
        "2011-01": {
            "month": "2011-01",
            "price": "16.49",
            "revenue": 225668
        },
        "2011-02": {
            "month": "2011-02",
            "price": "15.99",
            "revenue": 172435
        },
        "2011-03": {
            "month": "2011-03",
            "price": "15.87",
            "revenue": 310692
        },
        "2011-04": {
            "month": "2011-04",
            "price": "16.26",
            "revenue": 244588
        },
        "2011-05": {
            "month": "2011-05",
            "price": "15.25",
            "revenue": 255823
        },
        "2011-06": {
            "month": "2011-06",
            "price": "14.99",
            "revenue": 276078
        },
        "2011-07": {
            "month": "2011-07",
            "price": "17.03",
            "revenue": 326531
        },
        "2011-08": {
            "month": "2011-08",
            "price": "20.31",
            "revenue": 380937
        },
        "2011-09": {
            "month": "2011-09",
            "price": "19.34",
            "revenue": 325220
        },
        "2011-10": {
            "month": "2011-10",
            "price": "17.37",
            "revenue": 289436
        },
        "2011-11": {
            "month": "2011-11",
            "price": "15.30",
            "revenue": 359471
        },
        "2011-12": {
            "month": "2011-12",
            "price": "12.75",
            "revenue": 413261
        },
        "2012-01": {
            "month": "2012-01",
            "price": "14.50",
            "revenue": 274149
        },
        "2012-02": {
            "month": "2012-02",
            "price": "17.24",
            "revenue": 294716
        },
        "2012-03": {
            "month": "2012-03",
            "price": "17.80",
            "revenue": 457818
        },
        "2012-04": {
            "month": "2012-04",
            "price": "16.82",
            "revenue": 351854
        },
        "2012-05": {
            "month": "2012-05",
            "price": "17.17",
            "revenue": 399806
        },
        "2012-06": {
            "month": "2012-06",
            "price": "16.97",
            "revenue": 488678
        },
        "2012-07": {
            "month": "2012-07",
            "price": "18.78",
            "revenue": 549974
        },
        "2012-08": {
            "month": "2012-08",
            "price": "21.85",
            "revenue": 551979
        },
        "2012-09": {
            "month": "2012-09",
            "price": "22.04",
            "revenue": 575028
        },
        "2012-10": {
            "month": "2012-10",
            "price": "22.19",
            "revenue": 390811
        },
        "2012-11": {
            "month": "2012-11",
            "price": "22.18",
            "revenue": 495717
        },
        "2012-12": {
            "month": "2012-12",
            "price": "22.19",
            "revenue": 533685
        },
        "2013-01": {
            "month": "2013-01",
            "price": "21.82",
            "revenue": 639515
        },
        "2013-02": {
            "month": "2013-02",
            "price": "21.58",
            "revenue": 472443
        },
        "2013-03": {
            "month": "2013-03",
            "price": "22.49",
            "revenue": 591392
        },
        "2013-04": {
            "month": "2013-04",
            "price": "21.19",
            "revenue": 547680
        },
        "2013-05": {
            "month": "2013-05",
            "price": "21.76",
            "revenue": 563285
        },
        "2013-06": {
            "month": "2013-06",
            "price": "21.81",
            "revenue": 444674
        },
        "2013-07": {
            "month": "2013-07",
            "price": "21.07",
            "revenue": 609150
        },
        "2013-08": {
            "month": "2013-08",
            "price": "18.38",
            "revenue": 625700
        },
        "2013-09": {
            "month": "2013-09",
            "price": "18.32",
            "revenue": 721455
        },
        "2013-10": {
            "month": "2013-10",
            "price": "18.34",
            "revenue": 721870
        },
        "2013-11": {
            "month": "2013-11",
            "price": "18.22",
            "revenue": 566173
        },
        "2013-12": {
            "month": "2013-12",
            "price": "19.09",
            "revenue": 774821
        },
        "2014-01": {
            "month": "2014-01",
            "price": "20.17",
            "revenue": 518658
        },
        "2014-02": {
            "month": "2014-02",
            "price": "20.35",
            "revenue": 411094
        },
        "2014-03": {
            "month": "2014-03",
            "price": "20.58",
            "revenue": 371773
        },
        "2014-04": {
            "month": "2014-04",
            "price": "22.75",
            "revenue": 467857
        },
        "2014-05": {
            "month": "2014-05",
            "price": "23.32",
            "revenue": 377475
        },
        "2014-06": {
            "month": "2014-06",
            "price": "24.08",
            "revenue": 378847
        },
        "2014-07": {
            "month": "2014-07",
            "price": "22.88",
            "revenue": 452435
        },
        "2014-08": {
            "month": "2014-08",
            "price": "21.18",
            "revenue": 452438
        },
        "2014-09": {
            "month": "2014-09",
            "price": "20.25",
            "revenue": 576305
        },
        "2014-10": {
            "month": "2014-10",
            "price": "18.38",
            "revenue": 478018
        },
        "2014-11": {
            "month": "2014-11",
            "price": "18.46",
            "revenue": 453066
        },
        "2014-12": {
            "month": "2014-12",
            "price": "19.28",
            "revenue": 605517
        },
        "2015-01": {
            "month": "2015-01",
            "price": "19.65",
            "revenue": 512495
        },
        "2015-02": {
            "month": "2015-02",
            "price": "19.46",
            "revenue": 329204
        },
        "2015-03": {
            "month": "2015-03",
            "price": "19.70",
            "revenue": 459797
        },
        "2015-04": {
            "month": "2015-04",
            "price": "21.64",
            "revenue": 419134
        },
        "2015-05": {
            "month": "2015-05",
            "price": "21.15",
            "revenue": 433540
        },
        "2015-06": {
            "month": "2015-06",
            "price": "20.09",
            "revenue": 452396
        },
        "2015-07": {
            "month": "2015-07",
            "price": "19.22",
            "revenue": 442794
        },
        "2015-08": {
            "month": "2015-08",
            "price": "14.86",
            "revenue": 476175
        },
        "2015-09": {
            "month": "2015-09",
            "price": "15.12",
            "revenue": 467500
        },
        "2015-10": {
            "month": "2015-10",
            "price": "16.36",
            "revenue": 513108
        },
        "2015-11": {
            "month": "2015-11",
            "price": "17.30",
            "revenue": 480371
        },
        "2015-12": {
            "month": "2015-12",
            "price": "16.63",
            "revenue": 525719
        },
        "2016-01": {
            "month": "2016-01",
            "price": "15.68",
            "revenue": 508495
        },
        "2016-02": {
            "month": "2016-02",
            "price": "16.38",
            "revenue": 273587
        },
        "2016-03": {
            "month": "2016-03",
            "price": "17.36",
            "revenue": 508345
        },
        "2016-04": {
            "month": "2016-04",
            "price": "15.59",
            "revenue": 449092
        },
        "2016-05": {
            "month": "2016-05",
            "price": "15.17",
            "revenue": 399382
        },
        "2016-06": {
            "month": "2016-06",
            "price": "15.24",
            "revenue": 356800
        },
        "2016-07": {
            "month": "2016-07",
            "price": "15.54",
            "revenue": 431263
        },
        "2016-08": {
            "month": "2016-08",
            "price": "14.91",
            "revenue": 392959
        },
        "2016-09": {
            "month": "2016-09",
            "price": "15.04",
            "revenue": 361903
        },
        "2016-10": {
            "month": "2016-10",
            "price": "15.06",
            "revenue": 380010
        },
        "2016-11": {
            "month": "2016-11",
            "price": "15.58",
            "revenue": 409303
        },
        "2016-12": {
            "month": "2016-12",
            "price": "16.27",
            "revenue": 357701
        },
        "2017-01": {
            "month": "2017-01",
            "price": "16.09",
            "revenue": 357763
        },
        "2017-02": {
            "month": "2017-02",
            "price": "17.03",
            "revenue": 302949
        },
        "2017-03": {
            "month": "2017-03",
            "price": "18.08",
            "revenue": 365017
        },
        "2017-04": {
            "month": "2017-04",
            "price": "19.34",
            "revenue": 309077
        },
        "2017-05": {
            "month": "2017-05",
            "price": "17.42",
            "revenue": 397747
        },
        "2017-06": {
            "month": "2017-06",
            "price": "17.57",
            "revenue": 334087
        },
        "2017-07": {
            "month": "2017-07",
            "price": "17.81",
            "revenue": 448014
        },
        "2017-08": {
            "month": "2017-08",
            "price": "17.28",
            "revenue": 413543
        },
        "2017-09": {
            "month": "2017-09",
            "price": "18.50",
            "revenue": 420454
        },
        "2017-10": {
            "month": "2017-10",
            "price": "19.30",
            "revenue": 397776
        },
        "2017-11": {
            "month": "2017-11",
            "price": "20.76",
            "revenue": 355931
        },
        "2017-12": {
            "month": "2017-12",
            "price": "19.88",
            "revenue": 408022
        },
        "2018-01": {
            "month": "2018-01",
            "price": "20.49",
            "revenue": 368125
        },
        "2018-02": {
            "month": "2018-02",
            "price": "20.46",
            "revenue": 324837
        },
        "2018-03": {
            "month": "2018-03",
            "price": "21.65",
            "revenue": 368917
        },
        "2018-04": {
            "month": "2018-04",
            "price": "25.29",
            "revenue": 300429
        },
        "2018-05": {
            "month": "2018-05",
            "price": "22.99",
            "revenue": 381974
        },
        "2018-06": {
            "month": "2018-06",
            "price": "23.21",
            "revenue": 326853
        },
        "2018-07": {
            "month": "2018-07",
            "price": "21.95",
            "revenue": 416665
        },
        "2018-08": {
            "month": "2018-08",
            "price": "20.67",
            "revenue": 403069
        }
    }
}
