{
    "summary": {
        "stock_name": "通訊-KY",
        "stock_id": "6404",
        "category": "資訊服務",
        "main_business": "手機應用軟件及遊戲推廣及提供其他增值服務",
        "website_url": "http://www.ccmg.mobi/",
        "ceo": "Goh, Hwan Hua",
        "pe_ratio": -53,
        "report_year_from": 2011,
        "report_year_to": 2023,
        "age": 12,
        "eps_negative_percentage": 73,
        "eps_growth_avg": {
            "last_all": -73.27,
            "last_2y": null,
            "last_4y": null,
            "last_8y": -73.27,
            "last_12y": null,
            "last_16y": null,
            "last_20y": null,
            "at_2006_last_3y": null,
            "at_2007_last_3y": null,
            "at_2008_last_3y": null,
            "at_2009_last_3y": null,
            "at_2010_last_3y": null,
            "at_2011_last_3y": null,
            "at_2012_last_3y": null,
            "at_2013_last_3y": null,
            "at_2014_last_3y": null,
            "at_2015_last_3y": null,
            "at_2016_last_3y": null,
            "at_2017_last_3y": -73.27,
            "at_2018_last_3y": -84.1,
            "at_2019_last_3y": -100,
            "at_2020_last_3y": null,
            "at_2021_last_3y": null,
            "at_2022_last_3y": null,
            "at_2023_last_3y": null,
            "at_2006_last_all": null,
            "at_2007_last_all": null,
            "at_2008_last_all": null,
            "at_2009_last_all": null,
            "at_2010_last_all": null,
            "at_2011_last_all": null,
            "at_2012_last_all": null,
            "at_2013_last_all": null,
            "at_2014_last_all": null,
            "at_2015_last_all": -59.91,
            "at_2016_last_all": -73.27,
            "at_2017_last_all": -73.27,
            "at_2018_last_all": -73.27,
            "at_2019_last_all": -73.27,
            "at_2020_last_all": -73.27,
            "at_2021_last_all": -73.27,
            "at_2022_last_all": -73.27,
            "at_2023_last_all": -73.27
        },
        "latest_eps": -0.43,
        "latest_price": 22.8,
        "latest_roe": -13.8,
        "latest_gross_margin": 4.56,
        "latest_equity": 143327,
        "latest_revenue": 1600,
        "latest_gross_profit": 73,
        "latest_net_income": -10869,
        "latest_debt_ratio": 4.21,
        "latest_current_ratio": 495.41,
        "latest_account_receivable_turnover_ratio": 0.56,
        "latest_inventory_turnover_ratio": null,
        "latest_reinvestment_rate": null,
        "latest_research_to_sale_ratio": null
    },
    "eps_dividends": {
        "2001": {
            "cash": 0,
            "stock": 0,
            "eps": 0
        },
        "2002": {
            "cash": 0,
            "stock": 0,
            "eps": 0
        },
        "2003": {
            "cash": 0,
            "stock": 0,
            "eps": 0
        },
        "2004": {
            "cash": 0,
            "stock": 0,
            "eps": 0
        },
        "2005": {
            "cash": 0,
            "stock": 0,
            "eps": 0
        },
        "2006": {
            "cash": 0,
            "stock": 0,
            "eps": 0
        },
        "2007": {
            "cash": 0,
            "stock": 0,
            "eps": 0
        },
        "2008": {
            "cash": 0,
            "stock": 0,
            "eps": 0
        },
        "2009": {
            "cash": 0,
            "stock": 0,
            "eps": 0
        },
        "2010": {
            "cash": 0,
            "stock": 0,
            "eps": 0
        },
        "2011": {
            "cash": 0,
            "stock": 0,
            "eps": 0
        },
        "2012": {
            "cash": 0,
            "stock": 0,
            "eps": 0
        },
        "2013": {
            "cash": 1,
            "stock": 1,
            "eps": 8.97
        },
        "2014": {
            "cash": 0.89,
            "stock": 8,
            "eps": 4.34
        },
        "2015": {
            "cash": 1.5,
            "stock": 0,
            "eps": 1.38
        },
        "2016": {
            "cash": 0.2,
            "stock": 0,
            "eps": -5.81
        },
        "2017": {
            "cash": 0,
            "stock": 0,
            "eps": -11.69
        },
        "2018": {
            "cash": 0,
            "stock": 0,
            "eps": -6.18
        },
        "2019": {
            "cash": 0,
            "stock": 0,
            "eps": -3.86
        },
        "2020": {
            "cash": 0,
            "stock": 0,
            "eps": -1.4
        },
        "2021": {
            "cash": 0,
            "stock": 0,
            "eps": -1.3
        },
        "2022": {
            "cash": 0,
            "stock": 0,
            "eps": -0.2
        },
        "2023": {
            "cash": 0,
            "stock": 0,
            "eps": -0.45
        }
    },
    "dividends": {
        "2013-06-17": {
            "cash": 1,
            "stock": 1
        },
        "2014-09-05": {
            "cash": 0.89,
            "stock": 8
        },
        "2015-09-04": {
            "cash": 1.5,
            "stock": 0
        },
        "2016-09-10": {
            "cash": 0.2,
            "stock": 0
        }
    },
    "prices": {
        "200101": "無",
        "200102": "無",
        "200103": "無",
        "200104": "無",
        "200105": "無",
        "200106": "無",
        "200107": "無",
        "200108": "無",
        "200109": "無",
        "200110": "無",
        "200111": "無",
        "200112": "無",
        "200201": "無",
        "200202": "無",
        "200203": "無",
        "200204": "無",
        "200205": "無",
        "200206": "無",
        "200207": "無",
        "200208": "無",
        "200209": "無",
        "200210": "無",
        "200211": "無",
        "200212": "無",
        "200301": "無",
        "200302": "無",
        "200303": "無",
        "200304": "無",
        "200305": "無",
        "200306": "無",
        "200307": "無",
        "200308": "無",
        "200309": "無",
        "200310": "無",
        "200311": "無",
        "200312": "無",
        "200401": "無",
        "200402": "無",
        "200403": "無",
        "200404": "無",
        "200405": "無",
        "200406": "無",
        "200407": "無",
        "200408": "無",
        "200409": "無",
        "200410": "無",
        "200411": "無",
        "200412": "無",
        "200501": "無",
        "200502": "無",
        "200503": "無",
        "200504": "無",
        "200505": "無",
        "200506": "無",
        "200507": "無",
        "200508": "無",
        "200509": "無",
        "200510": "無",
        "200511": "無",
        "200512": "無",
        "200601": "無",
        "200602": "無",
        "200603": "無",
        "200604": "無",
        "200605": "無",
        "200606": "無",
        "200607": "無",
        "200608": "無",
        "200609": "無",
        "200610": "無",
        "200611": "無",
        "200612": "無",
        "200701": "無",
        "200702": "無",
        "200703": "無",
        "200704": "無",
        "200705": "無",
        "200706": "無",
        "200707": "無",
        "200708": "無",
        "200709": "無",
        "200710": "無",
        "200711": "無",
        "200712": "無",
        "200801": "無",
        "200802": "無",
        "200803": "無",
        "200804": "無",
        "200805": "無",
        "200806": "無",
        "200807": "無",
        "200808": "無",
        "200809": "無",
        "200810": "無",
        "200811": "無",
        "200812": "無",
        "200901": "無",
        "200902": "無",
        "200903": "無",
        "200904": "無",
        "200905": "無",
        "200906": "無",
        "200907": "無",
        "200908": "無",
        "200909": "無",
        "200910": "無",
        "200911": "無",
        "200912": "無",
        "201001": "無",
        "201002": "無",
        "201003": "無",
        "201004": "無",
        "201005": "無",
        "201006": "無",
        "201007": "無",
        "201008": "無",
        "201009": "無",
        "201010": "無",
        "201011": "無",
        "201012": "無",
        "201101": "無",
        "201102": "無",
        "201103": "無",
        "201104": "無",
        "201105": "無",
        "201106": "無",
        "201107": "無",
        "201108": "無",
        "201109": "無",
        "201110": "無",
        "201111": "無",
        "201112": "無",
        "201201": "無",
        "201202": "無",
        "201203": "無",
        "201204": "無",
        "201205": "無",
        "201206": "無",
        "201207": "無",
        "201208": "無",
        "201209": "無",
        "201210": "無",
        "201211": "無",
        "201212": "無",
        "201301": "無",
        "201302": "無",
        "201303": "無",
        "201304": "無",
        "201305": "無",
        "201306": "無",
        "201307": "無",
        "201308": "無",
        "201309": "207.76",
        "201310": "189.39",
        "201311": "186.48",
        "201312": "241.28",
        "201401": "307.23",
        "201402": "290.59",
        "201403": "314.33",
        "201404": "372.98",
        "201405": "318.63",
        "201406": "339.76",
        "201407": "284.83",
        "201408": "173.38",
        "201409": "116.71",
        "201410": "84.22",
        "201411": "74.58",
        "201412": "78.32",
        "201501": "79.32",
        "201502": "71.39",
        "201503": "69.29",
        "201504": "61.22",
        "201505": "56.04",
        "201506": "59.26",
        "201507": "51.59",
        "201508": "44.86",
        "201509": "48.33",
        "201510": "49.59",
        "201511": "48.17",
        "201512": "45.33",
        "201601": "33.11",
        "201602": "34.21",
        "201603": "36.40",
        "201604": "26.39",
        "201605": "21.49",
        "201606": "22.41",
        "201607": "22.16",
        "201608": "20.64",
        "201609": "17.04",
        "201610": "15.89",
        "201611": "14.20",
        "201612": "14.76",
        "201701": "15.09",
        "201702": "14.77",
        "201703": "14.74",
        "201704": "14.95",
        "201705": "16.56",
        "201706": "21.91",
        "201707": "18.95",
        "201708": "16.81",
        "201709": "16.44",
        "201710": "17.38",
        "201711": "17.62",
        "201712": "16.08",
        "201801": "15.65",
        "201802": "14.89",
        "201803": "15.35",
        "201804": "14.16",
        "201805": "12.48",
        "201806": "12.96",
        "201807": "12.66",
        "201808": "12.05",
        "201809": "11.87",
        "201810": "10.79",
        "201811": "11.45",
        "201812": "11.07",
        "201901": "10.08",
        "201902": "10.37",
        "201903": "12.19",
        "201904": "12.30",
        "201905": "9.61",
        "201906": "9.40",
        "201907": "9.81",
        "201908": "8.69",
        "201909": "8.69",
        "201910": "8.57",
        "201911": "6.07",
        "201912": "4.04",
        "202001": "3.97",
        "202002": "3.45",
        "202003": "3.09",
        "202004": "3.08",
        "202005": "3.19",
        "202006": "3.36",
        "202007": "4.90",
        "202008": "5.02",
        "202009": "6.10",
        "202010": "5.92",
        "202011": "5.23",
        "202012": "5.29",
        "202101": "4.87",
        "202102": "5.09",
        "202103": "5.39",
        "202104": "6.32",
        "202105": "7.82",
        "202106": "7.74",
        "202107": "6.86",
        "202108": "6.96",
        "202109": "7.04",
        "202110": "7.11",
        "202111": "21.90",
        "202112": "19.66",
        "202201": "20.82",
        "202202": "19.33",
        "202203": "19.08",
        "202204": "19.20",
        "202205": "17.86",
        "202206": "16.91",
        "202207": "17.69",
        "202208": "17.26",
        "202209": "19.57",
        "202210": "17.76",
        "202211": "16.52",
        "202212": "18.33",
        "202301": "18.60",
        "202302": "20.82",
        "202303": "21.19",
        "202304": "21.75",
        "202305": "22.10"
    },
    "quarters": {
        "20011": {
            "year_quarter": 20011,
            "year": 2001,
            "quarter": 1,
            "eps": null,
            "eps_growth_year": null,
            "eps_4q": null,
            "eps_4q_growth_year": null,
            "roe": null,
            "roe_4q": 0,
            "gross_profit": null,
            "gross_margin": null,
            "gross_margin_4q_avg": 0,
            "net_income": null,
            "revenue": null,
            "common_shares": null,
            "book_valuer_per_share": null,
            "book_valuer_per_share_4q_avg": 0,
            "equity": null,
            "current_ratio": null,
            "debt_ratio": null,
            "inventory_turnover_ratio": null,
            "account_receivable_turnover_ratio": null,
            "reinvestment_rate": null,
            "research_to_sale_ratio": null,
            "price_fair": 0,
            "eps_avg_yearly": 0,
            "eps_latest_yearly": 0,
            "eps_growth_yearly": 0
        },
        "20012": {
            "year_quarter": 20012,
            "year": 2001,
            "quarter": 2,
            "eps": null,
            "eps_growth_year": null,
            "eps_4q": null,
            "eps_4q_growth_year": null,
            "roe": null,
            "roe_4q": 0,
            "gross_profit": null,
            "gross_margin": null,
            "gross_margin_4q_avg": 0,
            "net_income": null,
            "revenue": null,
            "common_shares": null,
            "book_valuer_per_share": null,
            "book_valuer_per_share_4q_avg": 0,
            "equity": null,
            "current_ratio": null,
            "debt_ratio": null,
            "inventory_turnover_ratio": null,
            "account_receivable_turnover_ratio": null,
            "reinvestment_rate": null,
            "research_to_sale_ratio": null,
            "price_fair": 0,
            "eps_avg_yearly": 0,
            "eps_latest_yearly": 0,
            "eps_growth_yearly": 0
        },
        "20013": {
            "year_quarter": 20013,
            "year": 2001,
            "quarter": 3,
            "eps": null,
            "eps_growth_year": null,
            "eps_4q": null,
            "eps_4q_growth_year": null,
            "roe": null,
            "roe_4q": 0,
            "gross_profit": null,
            "gross_margin": null,
            "gross_margin_4q_avg": 0,
            "net_income": null,
            "revenue": null,
            "common_shares": null,
            "book_valuer_per_share": null,
            "book_valuer_per_share_4q_avg": 0,
            "equity": null,
            "current_ratio": null,
            "debt_ratio": null,
            "inventory_turnover_ratio": null,
            "account_receivable_turnover_ratio": null,
            "reinvestment_rate": null,
            "research_to_sale_ratio": null,
            "price_fair": 0,
            "eps_avg_yearly": 0,
            "eps_latest_yearly": 0,
            "eps_growth_yearly": 0
        },
        "20014": {
            "year_quarter": 20014,
            "year": 2001,
            "quarter": 4,
            "eps": null,
            "eps_growth_year": null,
            "eps_4q": null,
            "eps_4q_growth_year": null,
            "roe": null,
            "roe_4q": 0,
            "gross_profit": null,
            "gross_margin": null,
            "gross_margin_4q_avg": 0,
            "net_income": null,
            "revenue": null,
            "common_shares": null,
            "book_valuer_per_share": null,
            "book_valuer_per_share_4q_avg": 0,
            "equity": null,
            "current_ratio": null,
            "debt_ratio": null,
            "inventory_turnover_ratio": null,
            "account_receivable_turnover_ratio": null,
            "reinvestment_rate": null,
            "research_to_sale_ratio": null,
            "price_fair": 0,
            "eps_avg_yearly": 0,
            "eps_latest_yearly": 0,
            "eps_growth_yearly": 0
        },
        "20021": {
            "year_quarter": 20021,
            "year": 2002,
            "quarter": 1,
            "eps": null,
            "eps_growth_year": null,
            "eps_4q": null,
            "eps_4q_growth_year": null,
            "roe": null,
            "roe_4q": 0,
            "gross_profit": null,
            "gross_margin": null,
            "gross_margin_4q_avg": 0,
            "net_income": null,
            "revenue": null,
            "common_shares": null,
            "book_valuer_per_share": null,
            "book_valuer_per_share_4q_avg": 0,
            "equity": null,
            "current_ratio": null,
            "debt_ratio": null,
            "inventory_turnover_ratio": null,
            "account_receivable_turnover_ratio": null,
            "reinvestment_rate": null,
            "research_to_sale_ratio": null,
            "price_fair": 0,
            "eps_avg_yearly": 0,
            "eps_latest_yearly": 0,
            "eps_growth_yearly": 0
        },
        "20022": {
            "year_quarter": 20022,
            "year": 2002,
            "quarter": 2,
            "eps": null,
            "eps_growth_year": null,
            "eps_4q": null,
            "eps_4q_growth_year": null,
            "roe": null,
            "roe_4q": 0,
            "gross_profit": null,
            "gross_margin": null,
            "gross_margin_4q_avg": 0,
            "net_income": null,
            "revenue": null,
            "common_shares": null,
            "book_valuer_per_share": null,
            "book_valuer_per_share_4q_avg": 0,
            "equity": null,
            "current_ratio": null,
            "debt_ratio": null,
            "inventory_turnover_ratio": null,
            "account_receivable_turnover_ratio": null,
            "reinvestment_rate": null,
            "research_to_sale_ratio": null,
            "price_fair": 0,
            "eps_avg_yearly": 0,
            "eps_latest_yearly": 0,
            "eps_growth_yearly": 0
        },
        "20023": {
            "year_quarter": 20023,
            "year": 2002,
            "quarter": 3,
            "eps": null,
            "eps_growth_year": null,
            "eps_4q": null,
            "eps_4q_growth_year": null,
            "roe": null,
            "roe_4q": 0,
            "gross_profit": null,
            "gross_margin": null,
            "gross_margin_4q_avg": 0,
            "net_income": null,
            "revenue": null,
            "common_shares": null,
            "book_valuer_per_share": null,
            "book_valuer_per_share_4q_avg": 0,
            "equity": null,
            "current_ratio": null,
            "debt_ratio": null,
            "inventory_turnover_ratio": null,
            "account_receivable_turnover_ratio": null,
            "reinvestment_rate": null,
            "research_to_sale_ratio": null,
            "price_fair": 0,
            "eps_avg_yearly": 0,
            "eps_latest_yearly": 0,
            "eps_growth_yearly": 0
        },
        "20024": {
            "year_quarter": 20024,
            "year": 2002,
            "quarter": 4,
            "eps": null,
            "eps_growth_year": null,
            "eps_4q": null,
            "eps_4q_growth_year": null,
            "roe": null,
            "roe_4q": 0,
            "gross_profit": null,
            "gross_margin": null,
            "gross_margin_4q_avg": 0,
            "net_income": null,
            "revenue": null,
            "common_shares": null,
            "book_valuer_per_share": null,
            "book_valuer_per_share_4q_avg": 0,
            "equity": null,
            "current_ratio": null,
            "debt_ratio": null,
            "inventory_turnover_ratio": null,
            "account_receivable_turnover_ratio": null,
            "reinvestment_rate": null,
            "research_to_sale_ratio": null,
            "price_fair": 0,
            "eps_avg_yearly": 0,
            "eps_latest_yearly": 0,
            "eps_growth_yearly": 0
        },
        "20031": {
            "year_quarter": 20031,
            "year": 2003,
            "quarter": 1,
            "eps": null,
            "eps_growth_year": null,
            "eps_4q": null,
            "eps_4q_growth_year": null,
            "roe": null,
            "roe_4q": 0,
            "gross_profit": null,
            "gross_margin": null,
            "gross_margin_4q_avg": 0,
            "net_income": null,
            "revenue": null,
            "common_shares": null,
            "book_valuer_per_share": null,
            "book_valuer_per_share_4q_avg": 0,
            "equity": null,
            "current_ratio": null,
            "debt_ratio": null,
            "inventory_turnover_ratio": null,
            "account_receivable_turnover_ratio": null,
            "reinvestment_rate": null,
            "research_to_sale_ratio": null,
            "price_fair": 0,
            "eps_avg_yearly": 0,
            "eps_latest_yearly": 0,
            "eps_growth_yearly": 0
        },
        "20032": {
            "year_quarter": 20032,
            "year": 2003,
            "quarter": 2,
            "eps": null,
            "eps_growth_year": null,
            "eps_4q": null,
            "eps_4q_growth_year": null,
            "roe": null,
            "roe_4q": 0,
            "gross_profit": null,
            "gross_margin": null,
            "gross_margin_4q_avg": 0,
            "net_income": null,
            "revenue": null,
            "common_shares": null,
            "book_valuer_per_share": null,
            "book_valuer_per_share_4q_avg": 0,
            "equity": null,
            "current_ratio": null,
            "debt_ratio": null,
            "inventory_turnover_ratio": null,
            "account_receivable_turnover_ratio": null,
            "reinvestment_rate": null,
            "research_to_sale_ratio": null,
            "price_fair": 0,
            "eps_avg_yearly": 0,
            "eps_latest_yearly": 0,
            "eps_growth_yearly": 0
        },
        "20033": {
            "year_quarter": 20033,
            "year": 2003,
            "quarter": 3,
            "eps": null,
            "eps_growth_year": null,
            "eps_4q": null,
            "eps_4q_growth_year": null,
            "roe": null,
            "roe_4q": 0,
            "gross_profit": null,
            "gross_margin": null,
            "gross_margin_4q_avg": 0,
            "net_income": null,
            "revenue": null,
            "common_shares": null,
            "book_valuer_per_share": null,
            "book_valuer_per_share_4q_avg": 0,
            "equity": null,
            "current_ratio": null,
            "debt_ratio": null,
            "inventory_turnover_ratio": null,
            "account_receivable_turnover_ratio": null,
            "reinvestment_rate": null,
            "research_to_sale_ratio": null,
            "price_fair": 0,
            "eps_avg_yearly": 0,
            "eps_latest_yearly": 0,
            "eps_growth_yearly": 0
        },
        "20034": {
            "year_quarter": 20034,
            "year": 2003,
            "quarter": 4,
            "eps": null,
            "eps_growth_year": null,
            "eps_4q": null,
            "eps_4q_growth_year": null,
            "roe": null,
            "roe_4q": 0,
            "gross_profit": null,
            "gross_margin": null,
            "gross_margin_4q_avg": 0,
            "net_income": null,
            "revenue": null,
            "common_shares": null,
            "book_valuer_per_share": null,
            "book_valuer_per_share_4q_avg": 0,
            "equity": null,
            "current_ratio": null,
            "debt_ratio": null,
            "inventory_turnover_ratio": null,
            "account_receivable_turnover_ratio": null,
            "reinvestment_rate": null,
            "research_to_sale_ratio": null,
            "price_fair": 0,
            "eps_avg_yearly": 0,
            "eps_latest_yearly": 0,
            "eps_growth_yearly": 0
        },
        "20041": {
            "year_quarter": 20041,
            "year": 2004,
            "quarter": 1,
            "eps": null,
            "eps_growth_year": null,
            "eps_4q": null,
            "eps_4q_growth_year": null,
            "roe": null,
            "roe_4q": 0,
            "gross_profit": null,
            "gross_margin": null,
            "gross_margin_4q_avg": 0,
            "net_income": null,
            "revenue": null,
            "common_shares": null,
            "book_valuer_per_share": null,
            "book_valuer_per_share_4q_avg": 0,
            "equity": null,
            "current_ratio": null,
            "debt_ratio": null,
            "inventory_turnover_ratio": null,
            "account_receivable_turnover_ratio": null,
            "reinvestment_rate": null,
            "research_to_sale_ratio": null,
            "price_fair": 0,
            "eps_avg_yearly": 0,
            "eps_latest_yearly": 0,
            "eps_growth_yearly": 0
        },
        "20042": {
            "year_quarter": 20042,
            "year": 2004,
            "quarter": 2,
            "eps": null,
            "eps_growth_year": null,
            "eps_4q": null,
            "eps_4q_growth_year": null,
            "roe": null,
            "roe_4q": 0,
            "gross_profit": null,
            "gross_margin": null,
            "gross_margin_4q_avg": 0,
            "net_income": null,
            "revenue": null,
            "common_shares": null,
            "book_valuer_per_share": null,
            "book_valuer_per_share_4q_avg": 0,
            "equity": null,
            "current_ratio": null,
            "debt_ratio": null,
            "inventory_turnover_ratio": null,
            "account_receivable_turnover_ratio": null,
            "reinvestment_rate": null,
            "research_to_sale_ratio": null,
            "price_fair": 0,
            "eps_avg_yearly": 0,
            "eps_latest_yearly": 0,
            "eps_growth_yearly": 0
        },
        "20043": {
            "year_quarter": 20043,
            "year": 2004,
            "quarter": 3,
            "eps": null,
            "eps_growth_year": null,
            "eps_4q": null,
            "eps_4q_growth_year": null,
            "roe": null,
            "roe_4q": 0,
            "gross_profit": null,
            "gross_margin": null,
            "gross_margin_4q_avg": 0,
            "net_income": null,
            "revenue": null,
            "common_shares": null,
            "book_valuer_per_share": null,
            "book_valuer_per_share_4q_avg": 0,
            "equity": null,
            "current_ratio": null,
            "debt_ratio": null,
            "inventory_turnover_ratio": null,
            "account_receivable_turnover_ratio": null,
            "reinvestment_rate": null,
            "research_to_sale_ratio": null,
            "price_fair": 0,
            "eps_avg_yearly": 0,
            "eps_latest_yearly": 0,
            "eps_growth_yearly": 0
        },
        "20044": {
            "year_quarter": 20044,
            "year": 2004,
            "quarter": 4,
            "eps": null,
            "eps_growth_year": null,
            "eps_4q": null,
            "eps_4q_growth_year": null,
            "roe": null,
            "roe_4q": 0,
            "gross_profit": null,
            "gross_margin": null,
            "gross_margin_4q_avg": 0,
            "net_income": null,
            "revenue": null,
            "common_shares": null,
            "book_valuer_per_share": null,
            "book_valuer_per_share_4q_avg": 0,
            "equity": null,
            "current_ratio": null,
            "debt_ratio": null,
            "inventory_turnover_ratio": null,
            "account_receivable_turnover_ratio": null,
            "reinvestment_rate": null,
            "research_to_sale_ratio": null,
            "price_fair": 0,
            "eps_avg_yearly": 0,
            "eps_latest_yearly": 0,
            "eps_growth_yearly": 0
        },
        "20051": {
            "year_quarter": 20051,
            "year": 2005,
            "quarter": 1,
            "eps": null,
            "eps_growth_year": null,
            "eps_4q": null,
            "eps_4q_growth_year": null,
            "roe": null,
            "roe_4q": 0,
            "gross_profit": null,
            "gross_margin": null,
            "gross_margin_4q_avg": 0,
            "net_income": null,
            "revenue": null,
            "common_shares": null,
            "book_valuer_per_share": null,
            "book_valuer_per_share_4q_avg": 0,
            "equity": null,
            "current_ratio": null,
            "debt_ratio": null,
            "inventory_turnover_ratio": null,
            "account_receivable_turnover_ratio": null,
            "reinvestment_rate": null,
            "research_to_sale_ratio": null,
            "price_fair": 0,
            "eps_avg_yearly": 0,
            "eps_latest_yearly": 0,
            "eps_growth_yearly": 0
        },
        "20052": {
            "year_quarter": 20052,
            "year": 2005,
            "quarter": 2,
            "eps": null,
            "eps_growth_year": null,
            "eps_4q": null,
            "eps_4q_growth_year": null,
            "roe": null,
            "roe_4q": 0,
            "gross_profit": null,
            "gross_margin": null,
            "gross_margin_4q_avg": 0,
            "net_income": null,
            "revenue": null,
            "common_shares": null,
            "book_valuer_per_share": null,
            "book_valuer_per_share_4q_avg": 0,
            "equity": null,
            "current_ratio": null,
            "debt_ratio": null,
            "inventory_turnover_ratio": null,
            "account_receivable_turnover_ratio": null,
            "reinvestment_rate": null,
            "research_to_sale_ratio": null,
            "price_fair": 0,
            "eps_avg_yearly": 0,
            "eps_latest_yearly": 0,
            "eps_growth_yearly": 0
        },
        "20053": {
            "year_quarter": 20053,
            "year": 2005,
            "quarter": 3,
            "eps": null,
            "eps_growth_year": null,
            "eps_4q": null,
            "eps_4q_growth_year": null,
            "roe": null,
            "roe_4q": 0,
            "gross_profit": null,
            "gross_margin": null,
            "gross_margin_4q_avg": 0,
            "net_income": null,
            "revenue": null,
            "common_shares": null,
            "book_valuer_per_share": null,
            "book_valuer_per_share_4q_avg": 0,
            "equity": null,
            "current_ratio": null,
            "debt_ratio": null,
            "inventory_turnover_ratio": null,
            "account_receivable_turnover_ratio": null,
            "reinvestment_rate": null,
            "research_to_sale_ratio": null,
            "price_fair": 0,
            "eps_avg_yearly": 0,
            "eps_latest_yearly": 0,
            "eps_growth_yearly": 0
        },
        "20054": {
            "year_quarter": 20054,
            "year": 2005,
            "quarter": 4,
            "eps": null,
            "eps_growth_year": null,
            "eps_4q": null,
            "eps_4q_growth_year": null,
            "roe": null,
            "roe_4q": 0,
            "gross_profit": null,
            "gross_margin": null,
            "gross_margin_4q_avg": 0,
            "net_income": null,
            "revenue": null,
            "common_shares": null,
            "book_valuer_per_share": null,
            "book_valuer_per_share_4q_avg": 0,
            "equity": null,
            "current_ratio": null,
            "debt_ratio": null,
            "inventory_turnover_ratio": null,
            "account_receivable_turnover_ratio": null,
            "reinvestment_rate": null,
            "research_to_sale_ratio": null,
            "price_fair": 0,
            "eps_avg_yearly": 0,
            "eps_latest_yearly": 0,
            "eps_growth_yearly": 0
        },
        "20061": {
            "year_quarter": 20061,
            "year": 2006,
            "quarter": 1,
            "eps": null,
            "eps_growth_year": null,
            "eps_4q": null,
            "eps_4q_growth_year": null,
            "roe": null,
            "roe_4q": 0,
            "gross_profit": null,
            "gross_margin": null,
            "gross_margin_4q_avg": 0,
            "net_income": null,
            "revenue": null,
            "common_shares": null,
            "book_valuer_per_share": null,
            "book_valuer_per_share_4q_avg": 0,
            "equity": null,
            "current_ratio": null,
            "debt_ratio": null,
            "inventory_turnover_ratio": null,
            "account_receivable_turnover_ratio": null,
            "reinvestment_rate": null,
            "research_to_sale_ratio": null,
            "price_fair": 0,
            "eps_avg_yearly": 0,
            "eps_latest_yearly": 0,
            "eps_growth_yearly": 0
        },
        "20062": {
            "year_quarter": 20062,
            "year": 2006,
            "quarter": 2,
            "eps": null,
            "eps_growth_year": null,
            "eps_4q": null,
            "eps_4q_growth_year": null,
            "roe": null,
            "roe_4q": 0,
            "gross_profit": null,
            "gross_margin": null,
            "gross_margin_4q_avg": 0,
            "net_income": null,
            "revenue": null,
            "common_shares": null,
            "book_valuer_per_share": null,
            "book_valuer_per_share_4q_avg": 0,
            "equity": null,
            "current_ratio": null,
            "debt_ratio": null,
            "inventory_turnover_ratio": null,
            "account_receivable_turnover_ratio": null,
            "reinvestment_rate": null,
            "research_to_sale_ratio": null,
            "price_fair": 0,
            "eps_avg_yearly": 0,
            "eps_latest_yearly": 0,
            "eps_growth_yearly": 0
        },
        "20063": {
            "year_quarter": 20063,
            "year": 2006,
            "quarter": 3,
            "eps": null,
            "eps_growth_year": null,
            "eps_4q": null,
            "eps_4q_growth_year": null,
            "roe": null,
            "roe_4q": 0,
            "gross_profit": null,
            "gross_margin": null,
            "gross_margin_4q_avg": 0,
            "net_income": null,
            "revenue": null,
            "common_shares": null,
            "book_valuer_per_share": null,
            "book_valuer_per_share_4q_avg": 0,
            "equity": null,
            "current_ratio": null,
            "debt_ratio": null,
            "inventory_turnover_ratio": null,
            "account_receivable_turnover_ratio": null,
            "reinvestment_rate": null,
            "research_to_sale_ratio": null,
            "price_fair": 0,
            "eps_avg_yearly": 0,
            "eps_latest_yearly": 0,
            "eps_growth_yearly": 0
        },
        "20064": {
            "year_quarter": 20064,
            "year": 2006,
            "quarter": 4,
            "eps": null,
            "eps_growth_year": null,
            "eps_4q": null,
            "eps_4q_growth_year": null,
            "roe": null,
            "roe_4q": 0,
            "gross_profit": null,
            "gross_margin": null,
            "gross_margin_4q_avg": 0,
            "net_income": null,
            "revenue": null,
            "common_shares": null,
            "book_valuer_per_share": null,
            "book_valuer_per_share_4q_avg": 0,
            "equity": null,
            "current_ratio": null,
            "debt_ratio": null,
            "inventory_turnover_ratio": null,
            "account_receivable_turnover_ratio": null,
            "reinvestment_rate": null,
            "research_to_sale_ratio": null,
            "price_fair": 0,
            "eps_avg_yearly": 0,
            "eps_latest_yearly": 0,
            "eps_growth_yearly": 0
        },
        "20071": {
            "year_quarter": 20071,
            "year": 2007,
            "quarter": 1,
            "eps": null,
            "eps_growth_year": null,
            "eps_4q": null,
            "eps_4q_growth_year": null,
            "roe": null,
            "roe_4q": 0,
            "gross_profit": null,
            "gross_margin": null,
            "gross_margin_4q_avg": 0,
            "net_income": null,
            "revenue": null,
            "common_shares": null,
            "book_valuer_per_share": null,
            "book_valuer_per_share_4q_avg": 0,
            "equity": null,
            "current_ratio": null,
            "debt_ratio": null,
            "inventory_turnover_ratio": null,
            "account_receivable_turnover_ratio": null,
            "reinvestment_rate": null,
            "research_to_sale_ratio": null,
            "price_fair": 0,
            "eps_avg_yearly": 0,
            "eps_latest_yearly": 0,
            "eps_growth_yearly": 0
        },
        "20072": {
            "year_quarter": 20072,
            "year": 2007,
            "quarter": 2,
            "eps": null,
            "eps_growth_year": null,
            "eps_4q": null,
            "eps_4q_growth_year": null,
            "roe": null,
            "roe_4q": 0,
            "gross_profit": null,
            "gross_margin": null,
            "gross_margin_4q_avg": 0,
            "net_income": null,
            "revenue": null,
            "common_shares": null,
            "book_valuer_per_share": null,
            "book_valuer_per_share_4q_avg": 0,
            "equity": null,
            "current_ratio": null,
            "debt_ratio": null,
            "inventory_turnover_ratio": null,
            "account_receivable_turnover_ratio": null,
            "reinvestment_rate": null,
            "research_to_sale_ratio": null,
            "price_fair": 0,
            "eps_avg_yearly": 0,
            "eps_latest_yearly": 0,
            "eps_growth_yearly": 0
        },
        "20073": {
            "year_quarter": 20073,
            "year": 2007,
            "quarter": 3,
            "eps": null,
            "eps_growth_year": null,
            "eps_4q": null,
            "eps_4q_growth_year": null,
            "roe": null,
            "roe_4q": 0,
            "gross_profit": null,
            "gross_margin": null,
            "gross_margin_4q_avg": 0,
            "net_income": null,
            "revenue": null,
            "common_shares": null,
            "book_valuer_per_share": null,
            "book_valuer_per_share_4q_avg": 0,
            "equity": null,
            "current_ratio": null,
            "debt_ratio": null,
            "inventory_turnover_ratio": null,
            "account_receivable_turnover_ratio": null,
            "reinvestment_rate": null,
            "research_to_sale_ratio": null,
            "price_fair": 0,
            "eps_avg_yearly": 0,
            "eps_latest_yearly": 0,
            "eps_growth_yearly": 0
        },
        "20074": {
            "year_quarter": 20074,
            "year": 2007,
            "quarter": 4,
            "eps": null,
            "eps_growth_year": null,
            "eps_4q": null,
            "eps_4q_growth_year": null,
            "roe": null,
            "roe_4q": 0,
            "gross_profit": null,
            "gross_margin": null,
            "gross_margin_4q_avg": 0,
            "net_income": null,
            "revenue": null,
            "common_shares": null,
            "book_valuer_per_share": null,
            "book_valuer_per_share_4q_avg": 0,
            "equity": null,
            "current_ratio": null,
            "debt_ratio": null,
            "inventory_turnover_ratio": null,
            "account_receivable_turnover_ratio": null,
            "reinvestment_rate": null,
            "research_to_sale_ratio": null,
            "price_fair": 0,
            "eps_avg_yearly": 0,
            "eps_latest_yearly": 0,
            "eps_growth_yearly": 0
        },
        "20081": {
            "year_quarter": 20081,
            "year": 2008,
            "quarter": 1,
            "eps": null,
            "eps_growth_year": null,
            "eps_4q": null,
            "eps_4q_growth_year": null,
            "roe": null,
            "roe_4q": 0,
            "gross_profit": null,
            "gross_margin": null,
            "gross_margin_4q_avg": 0,
            "net_income": null,
            "revenue": null,
            "common_shares": null,
            "book_valuer_per_share": null,
            "book_valuer_per_share_4q_avg": 0,
            "equity": null,
            "current_ratio": null,
            "debt_ratio": null,
            "inventory_turnover_ratio": null,
            "account_receivable_turnover_ratio": null,
            "reinvestment_rate": null,
            "research_to_sale_ratio": null,
            "price_fair": 0,
            "eps_avg_yearly": 0,
            "eps_latest_yearly": 0,
            "eps_growth_yearly": 0
        },
        "20082": {
            "year_quarter": 20082,
            "year": 2008,
            "quarter": 2,
            "eps": null,
            "eps_growth_year": null,
            "eps_4q": null,
            "eps_4q_growth_year": null,
            "roe": null,
            "roe_4q": 0,
            "gross_profit": null,
            "gross_margin": null,
            "gross_margin_4q_avg": 0,
            "net_income": null,
            "revenue": null,
            "common_shares": null,
            "book_valuer_per_share": null,
            "book_valuer_per_share_4q_avg": 0,
            "equity": null,
            "current_ratio": null,
            "debt_ratio": null,
            "inventory_turnover_ratio": null,
            "account_receivable_turnover_ratio": null,
            "reinvestment_rate": null,
            "research_to_sale_ratio": null,
            "price_fair": 0,
            "eps_avg_yearly": 0,
            "eps_latest_yearly": 0,
            "eps_growth_yearly": 0
        },
        "20083": {
            "year_quarter": 20083,
            "year": 2008,
            "quarter": 3,
            "eps": null,
            "eps_growth_year": null,
            "eps_4q": null,
            "eps_4q_growth_year": null,
            "roe": null,
            "roe_4q": 0,
            "gross_profit": null,
            "gross_margin": null,
            "gross_margin_4q_avg": 0,
            "net_income": null,
            "revenue": null,
            "common_shares": null,
            "book_valuer_per_share": null,
            "book_valuer_per_share_4q_avg": 0,
            "equity": null,
            "current_ratio": null,
            "debt_ratio": null,
            "inventory_turnover_ratio": null,
            "account_receivable_turnover_ratio": null,
            "reinvestment_rate": null,
            "research_to_sale_ratio": null,
            "price_fair": 0,
            "eps_avg_yearly": 0,
            "eps_latest_yearly": 0,
            "eps_growth_yearly": 0
        },
        "20084": {
            "year_quarter": 20084,
            "year": 2008,
            "quarter": 4,
            "eps": null,
            "eps_growth_year": null,
            "eps_4q": null,
            "eps_4q_growth_year": null,
            "roe": null,
            "roe_4q": 0,
            "gross_profit": null,
            "gross_margin": null,
            "gross_margin_4q_avg": 0,
            "net_income": null,
            "revenue": null,
            "common_shares": null,
            "book_valuer_per_share": null,
            "book_valuer_per_share_4q_avg": 0,
            "equity": null,
            "current_ratio": null,
            "debt_ratio": null,
            "inventory_turnover_ratio": null,
            "account_receivable_turnover_ratio": null,
            "reinvestment_rate": null,
            "research_to_sale_ratio": null,
            "price_fair": 0,
            "eps_avg_yearly": 0,
            "eps_latest_yearly": 0,
            "eps_growth_yearly": 0
        },
        "20091": {
            "year_quarter": 20091,
            "year": 2009,
            "quarter": 1,
            "eps": null,
            "eps_growth_year": null,
            "eps_4q": null,
            "eps_4q_growth_year": null,
            "roe": null,
            "roe_4q": 0,
            "gross_profit": null,
            "gross_margin": null,
            "gross_margin_4q_avg": 0,
            "net_income": null,
            "revenue": null,
            "common_shares": null,
            "book_valuer_per_share": null,
            "book_valuer_per_share_4q_avg": 0,
            "equity": null,
            "current_ratio": null,
            "debt_ratio": null,
            "inventory_turnover_ratio": null,
            "account_receivable_turnover_ratio": null,
            "reinvestment_rate": null,
            "research_to_sale_ratio": null,
            "price_fair": 0,
            "eps_avg_yearly": 0,
            "eps_latest_yearly": 0,
            "eps_growth_yearly": 0
        },
        "20092": {
            "year_quarter": 20092,
            "year": 2009,
            "quarter": 2,
            "eps": null,
            "eps_growth_year": null,
            "eps_4q": null,
            "eps_4q_growth_year": null,
            "roe": null,
            "roe_4q": 0,
            "gross_profit": null,
            "gross_margin": null,
            "gross_margin_4q_avg": 0,
            "net_income": null,
            "revenue": null,
            "common_shares": null,
            "book_valuer_per_share": null,
            "book_valuer_per_share_4q_avg": 0,
            "equity": null,
            "current_ratio": null,
            "debt_ratio": null,
            "inventory_turnover_ratio": null,
            "account_receivable_turnover_ratio": null,
            "reinvestment_rate": null,
            "research_to_sale_ratio": null,
            "price_fair": 0,
            "eps_avg_yearly": 0,
            "eps_latest_yearly": 0,
            "eps_growth_yearly": 0
        },
        "20093": {
            "year_quarter": 20093,
            "year": 2009,
            "quarter": 3,
            "eps": null,
            "eps_growth_year": null,
            "eps_4q": null,
            "eps_4q_growth_year": null,
            "roe": null,
            "roe_4q": 0,
            "gross_profit": null,
            "gross_margin": null,
            "gross_margin_4q_avg": 0,
            "net_income": null,
            "revenue": null,
            "common_shares": null,
            "book_valuer_per_share": null,
            "book_valuer_per_share_4q_avg": 0,
            "equity": null,
            "current_ratio": null,
            "debt_ratio": null,
            "inventory_turnover_ratio": null,
            "account_receivable_turnover_ratio": null,
            "reinvestment_rate": null,
            "research_to_sale_ratio": null,
            "price_fair": 0,
            "eps_avg_yearly": 0,
            "eps_latest_yearly": 0,
            "eps_growth_yearly": 0
        },
        "20094": {
            "year_quarter": 20094,
            "year": 2009,
            "quarter": 4,
            "eps": null,
            "eps_growth_year": null,
            "eps_4q": null,
            "eps_4q_growth_year": null,
            "roe": null,
            "roe_4q": 0,
            "gross_profit": null,
            "gross_margin": null,
            "gross_margin_4q_avg": 0,
            "net_income": null,
            "revenue": null,
            "common_shares": null,
            "book_valuer_per_share": null,
            "book_valuer_per_share_4q_avg": 0,
            "equity": null,
            "current_ratio": null,
            "debt_ratio": null,
            "inventory_turnover_ratio": null,
            "account_receivable_turnover_ratio": null,
            "reinvestment_rate": null,
            "research_to_sale_ratio": null,
            "price_fair": 0,
            "eps_avg_yearly": 0,
            "eps_latest_yearly": 0,
            "eps_growth_yearly": 0
        },
        "20101": {
            "year_quarter": 20101,
            "year": 2010,
            "quarter": 1,
            "eps": null,
            "eps_growth_year": null,
            "eps_4q": null,
            "eps_4q_growth_year": null,
            "roe": null,
            "roe_4q": 0,
            "gross_profit": null,
            "gross_margin": null,
            "gross_margin_4q_avg": 0,
            "net_income": null,
            "revenue": null,
            "common_shares": null,
            "book_valuer_per_share": null,
            "book_valuer_per_share_4q_avg": 0,
            "equity": null,
            "current_ratio": null,
            "debt_ratio": null,
            "inventory_turnover_ratio": null,
            "account_receivable_turnover_ratio": null,
            "reinvestment_rate": null,
            "research_to_sale_ratio": null,
            "price_fair": 0,
            "eps_avg_yearly": 0,
            "eps_latest_yearly": 0,
            "eps_growth_yearly": 0
        },
        "20102": {
            "year_quarter": 20102,
            "year": 2010,
            "quarter": 2,
            "eps": null,
            "eps_growth_year": null,
            "eps_4q": null,
            "eps_4q_growth_year": null,
            "roe": null,
            "roe_4q": 0,
            "gross_profit": null,
            "gross_margin": null,
            "gross_margin_4q_avg": 0,
            "net_income": null,
            "revenue": null,
            "common_shares": null,
            "book_valuer_per_share": null,
            "book_valuer_per_share_4q_avg": 0,
            "equity": null,
            "current_ratio": null,
            "debt_ratio": null,
            "inventory_turnover_ratio": null,
            "account_receivable_turnover_ratio": null,
            "reinvestment_rate": null,
            "research_to_sale_ratio": null,
            "price_fair": 0,
            "eps_avg_yearly": 0,
            "eps_latest_yearly": 0,
            "eps_growth_yearly": 0
        },
        "20103": {
            "year_quarter": 20103,
            "year": 2010,
            "quarter": 3,
            "eps": null,
            "eps_growth_year": null,
            "eps_4q": null,
            "eps_4q_growth_year": null,
            "roe": null,
            "roe_4q": 0,
            "gross_profit": null,
            "gross_margin": null,
            "gross_margin_4q_avg": 0,
            "net_income": null,
            "revenue": null,
            "common_shares": null,
            "book_valuer_per_share": null,
            "book_valuer_per_share_4q_avg": 0,
            "equity": null,
            "current_ratio": null,
            "debt_ratio": null,
            "inventory_turnover_ratio": null,
            "account_receivable_turnover_ratio": null,
            "reinvestment_rate": null,
            "research_to_sale_ratio": null,
            "price_fair": 0,
            "eps_avg_yearly": 0,
            "eps_latest_yearly": 0,
            "eps_growth_yearly": 0
        },
        "20104": {
            "year_quarter": 20104,
            "year": 2010,
            "quarter": 4,
            "eps": null,
            "eps_growth_year": null,
            "eps_4q": null,
            "eps_4q_growth_year": null,
            "roe": null,
            "roe_4q": 0,
            "gross_profit": null,
            "gross_margin": null,
            "gross_margin_4q_avg": 0,
            "net_income": null,
            "revenue": null,
            "common_shares": 8797,
            "book_valuer_per_share": 1.13,
            "book_valuer_per_share_4q_avg": 0.28,
            "equity": 990,
            "current_ratio": 401.68,
            "debt_ratio": 23.14,
            "inventory_turnover_ratio": null,
            "account_receivable_turnover_ratio": null,
            "reinvestment_rate": null,
            "research_to_sale_ratio": null,
            "price_fair": 0,
            "eps_avg_yearly": 0,
            "eps_latest_yearly": 0,
            "eps_growth_yearly": 0
        },
        "20111": {
            "year_quarter": 20111,
            "year": 2011,
            "quarter": 1,
            "eps": null,
            "eps_growth_year": null,
            "eps_4q": null,
            "eps_4q_growth_year": null,
            "roe": null,
            "roe_4q": 0,
            "gross_profit": null,
            "gross_margin": null,
            "gross_margin_4q_avg": 0,
            "net_income": null,
            "revenue": null,
            "common_shares": null,
            "book_valuer_per_share": null,
            "book_valuer_per_share_4q_avg": 0.28,
            "equity": null,
            "current_ratio": null,
            "debt_ratio": null,
            "inventory_turnover_ratio": null,
            "account_receivable_turnover_ratio": null,
            "reinvestment_rate": null,
            "research_to_sale_ratio": null,
            "price_fair": 0,
            "eps_avg_yearly": 0,
            "eps_latest_yearly": 0,
            "eps_growth_yearly": 0
        },
        "20112": {
            "year_quarter": 20112,
            "year": 2011,
            "quarter": 2,
            "eps": null,
            "eps_growth_year": null,
            "eps_4q": null,
            "eps_4q_growth_year": null,
            "roe": null,
            "roe_4q": 0,
            "gross_profit": null,
            "gross_margin": null,
            "gross_margin_4q_avg": 0,
            "net_income": null,
            "revenue": null,
            "common_shares": null,
            "book_valuer_per_share": null,
            "book_valuer_per_share_4q_avg": 0.28,
            "equity": null,
            "current_ratio": null,
            "debt_ratio": null,
            "inventory_turnover_ratio": null,
            "account_receivable_turnover_ratio": null,
            "reinvestment_rate": null,
            "research_to_sale_ratio": null,
            "price_fair": 0,
            "eps_avg_yearly": 0,
            "eps_latest_yearly": 0,
            "eps_growth_yearly": 0
        },
        "20113": {
            "year_quarter": 20113,
            "year": 2011,
            "quarter": 3,
            "eps": null,
            "eps_growth_year": null,
            "eps_4q": null,
            "eps_4q_growth_year": null,
            "roe": null,
            "roe_4q": 0,
            "gross_profit": null,
            "gross_margin": null,
            "gross_margin_4q_avg": 0,
            "net_income": null,
            "revenue": null,
            "common_shares": null,
            "book_valuer_per_share": null,
            "book_valuer_per_share_4q_avg": 0.28,
            "equity": null,
            "current_ratio": null,
            "debt_ratio": null,
            "inventory_turnover_ratio": null,
            "account_receivable_turnover_ratio": null,
            "reinvestment_rate": null,
            "research_to_sale_ratio": null,
            "price_fair": 0,
            "eps_avg_yearly": 0,
            "eps_latest_yearly": 0,
            "eps_growth_yearly": 0
        },
        "20114": {
            "year_quarter": 20114,
            "year": 2011,
            "quarter": 4,
            "eps": null,
            "eps_growth_year": null,
            "eps_4q": null,
            "eps_4q_growth_year": null,
            "roe": null,
            "roe_4q": 0,
            "gross_profit": null,
            "gross_margin": null,
            "gross_margin_4q_avg": 0,
            "net_income": null,
            "revenue": null,
            "common_shares": 14415,
            "book_valuer_per_share": 14.89,
            "book_valuer_per_share_4q_avg": 3.72,
            "equity": 21458,
            "current_ratio": 116.99,
            "debt_ratio": 70.95,
            "inventory_turnover_ratio": null,
            "account_receivable_turnover_ratio": null,
            "reinvestment_rate": null,
            "research_to_sale_ratio": null,
            "price_fair": 0,
            "eps_avg_yearly": 0,
            "eps_latest_yearly": 0,
            "eps_growth_yearly": 0
        },
        "20121": {
            "year_quarter": 20121,
            "year": 2012,
            "quarter": 1,
            "eps": null,
            "eps_growth_year": null,
            "eps_4q": null,
            "eps_4q_growth_year": null,
            "roe": null,
            "roe_4q": 0,
            "gross_profit": null,
            "gross_margin": null,
            "gross_margin_4q_avg": 0,
            "net_income": null,
            "revenue": null,
            "common_shares": null,
            "book_valuer_per_share": null,
            "book_valuer_per_share_4q_avg": 3.72,
            "equity": null,
            "current_ratio": null,
            "debt_ratio": null,
            "inventory_turnover_ratio": null,
            "account_receivable_turnover_ratio": null,
            "reinvestment_rate": null,
            "research_to_sale_ratio": null,
            "price_fair": 0,
            "eps_avg_yearly": 0,
            "eps_latest_yearly": 0,
            "eps_growth_yearly": 0
        },
        "20122": {
            "year_quarter": 20122,
            "year": 2012,
            "quarter": 2,
            "eps": null,
            "eps_growth_year": null,
            "eps_4q": null,
            "eps_4q_growth_year": null,
            "roe": null,
            "roe_4q": 0,
            "gross_profit": null,
            "gross_margin": null,
            "gross_margin_4q_avg": 0,
            "net_income": null,
            "revenue": null,
            "common_shares": 1500,
            "book_valuer_per_share": null,
            "book_valuer_per_share_4q_avg": 3.72,
            "equity": 77628,
            "current_ratio": null,
            "debt_ratio": null,
            "inventory_turnover_ratio": null,
            "account_receivable_turnover_ratio": null,
            "reinvestment_rate": null,
            "research_to_sale_ratio": null,
            "price_fair": 0,
            "eps_avg_yearly": 0,
            "eps_latest_yearly": 0,
            "eps_growth_yearly": 0
        },
        "20123": {
            "year_quarter": 20123,
            "year": 2012,
            "quarter": 3,
            "eps": null,
            "eps_growth_year": null,
            "eps_4q": null,
            "eps_4q_growth_year": null,
            "roe": null,
            "roe_4q": 0,
            "gross_profit": 52803,
            "gross_margin": null,
            "gross_margin_4q_avg": 0,
            "net_income": 40095,
            "revenue": 182192,
            "common_shares": 77000,
            "book_valuer_per_share": null,
            "book_valuer_per_share_4q_avg": 3.72,
            "equity": 123233,
            "current_ratio": null,
            "debt_ratio": null,
            "inventory_turnover_ratio": null,
            "account_receivable_turnover_ratio": null,
            "reinvestment_rate": null,
            "research_to_sale_ratio": null,
            "price_fair": 0,
            "eps_avg_yearly": 0,
            "eps_latest_yearly": 0,
            "eps_growth_yearly": 0
        },
        "20124": {
            "year_quarter": 20124,
            "year": 2012,
            "quarter": 4,
            "eps": null,
            "eps_growth_year": null,
            "eps_4q": null,
            "eps_4q_growth_year": null,
            "roe": null,
            "roe_4q": 0,
            "gross_profit": 79819,
            "gross_margin": null,
            "gross_margin_4q_avg": 0,
            "net_income": 60526,
            "revenue": 216328,
            "common_shares": 165000,
            "book_valuer_per_share": 20.03,
            "book_valuer_per_share_4q_avg": 5.01,
            "equity": 330563,
            "current_ratio": 319.08,
            "debt_ratio": 31.1,
            "inventory_turnover_ratio": null,
            "account_receivable_turnover_ratio": null,
            "reinvestment_rate": null,
            "research_to_sale_ratio": null,
            "price_fair": 0,
            "eps_avg_yearly": 0,
            "eps_latest_yearly": 0,
            "eps_growth_yearly": 0
        },
        "20131": {
            "year_quarter": 20131,
            "year": 2013,
            "quarter": 1,
            "eps": null,
            "eps_growth_year": null,
            "eps_4q": null,
            "eps_4q_growth_year": null,
            "roe": null,
            "roe_4q": 0,
            "gross_profit": 53642,
            "gross_margin": null,
            "gross_margin_4q_avg": 0,
            "net_income": 31807,
            "revenue": 156343,
            "common_shares": 165000,
            "book_valuer_per_share": 22.58,
            "book_valuer_per_share_4q_avg": 10.65,
            "equity": 372623,
            "current_ratio": 428.52,
            "debt_ratio": 20.22,
            "inventory_turnover_ratio": null,
            "account_receivable_turnover_ratio": null,
            "reinvestment_rate": null,
            "research_to_sale_ratio": null,
            "price_fair": 0,
            "eps_avg_yearly": 0,
            "eps_latest_yearly": 0,
            "eps_growth_yearly": 0
        },
        "20132": {
            "year_quarter": 20132,
            "year": 2013,
            "quarter": 2,
            "eps": 2.41,
            "eps_growth_year": null,
            "eps_4q": 2.41,
            "eps_4q_growth_year": null,
            "roe": 9.82,
            "roe_4q": 9.82,
            "gross_profit": 74574,
            "gross_margin": 40.98,
            "gross_margin_4q_avg": 10.25,
            "net_income": 47395,
            "revenue": 181975,
            "common_shares": 179000,
            "book_valuer_per_share": 33.13,
            "book_valuer_per_share_4q_avg": 18.94,
            "equity": 592960,
            "current_ratio": 412.8,
            "debt_ratio": 18.84,
            "inventory_turnover_ratio": null,
            "account_receivable_turnover_ratio": 1.79,
            "reinvestment_rate": null,
            "research_to_sale_ratio": null,
            "price_fair": 0,
            "eps_avg_yearly": 0,
            "eps_latest_yearly": 0,
            "eps_growth_yearly": 0
        },
        "20133": {
            "year_quarter": 20133,
            "year": 2013,
            "quarter": 3,
            "eps": 1.52,
            "eps_growth_year": null,
            "eps_4q": 3.93,
            "eps_4q_growth_year": null,
            "roe": 4.95,
            "roe_4q": 14.77,
            "gross_profit": 62657,
            "gross_margin": 33.19,
            "gross_margin_4q_avg": 18.54,
            "net_income": 29943,
            "revenue": 188804,
            "common_shares": 196900,
            "book_valuer_per_share": 31.29,
            "book_valuer_per_share_4q_avg": 26.76,
            "equity": 616086,
            "current_ratio": 319.69,
            "debt_ratio": 22,
            "inventory_turnover_ratio": null,
            "account_receivable_turnover_ratio": 0.85,
            "reinvestment_rate": null,
            "research_to_sale_ratio": 1.01,
            "price_fair": 18.24,
            "eps_avg_yearly": 6.08,
            "eps_latest_yearly": 6.08,
            "eps_growth_yearly": -147.72
        },
        "20134": {
            "year_quarter": 20134,
            "year": 2013,
            "quarter": 4,
            "eps": 5.04,
            "eps_growth_year": null,
            "eps_4q": 8.97,
            "eps_4q_growth_year": null,
            "roe": 14.77,
            "roe_4q": 29.54,
            "gross_profit": 82961,
            "gross_margin": 35.34,
            "gross_margin_4q_avg": 27.38,
            "net_income": 99215,
            "revenue": 234778,
            "common_shares": 196900,
            "book_valuer_per_share": 36.93,
            "book_valuer_per_share_4q_avg": 30.98,
            "equity": 727177,
            "current_ratio": 376.76,
            "debt_ratio": 20.47,
            "inventory_turnover_ratio": null,
            "account_receivable_turnover_ratio": 0.9,
            "reinvestment_rate": null,
            "research_to_sale_ratio": 0.39,
            "price_fair": 459.2,
            "eps_avg_yearly": 13.12,
            "eps_latest_yearly": 20.16,
            "eps_growth_yearly": 389.3
        },
        "20141": {
            "year_quarter": 20141,
            "year": 2014,
            "quarter": 1,
            "eps": 0.85,
            "eps_growth_year": null,
            "eps_4q": 9.82,
            "eps_4q_growth_year": null,
            "roe": 2.28,
            "roe_4q": 31.82,
            "gross_profit": 80826,
            "gross_margin": 36.38,
            "gross_margin_4q_avg": 36.47,
            "net_income": 16769,
            "revenue": 222157,
            "common_shares": 196900,
            "book_valuer_per_share": 37.86,
            "book_valuer_per_share_4q_avg": 34.8,
            "equity": 745406,
            "current_ratio": 395.17,
            "debt_ratio": 19.78,
            "inventory_turnover_ratio": null,
            "account_receivable_turnover_ratio": 0.72,
            "reinvestment_rate": null,
            "research_to_sale_ratio": 0.34,
            "price_fair": 345.8,
            "eps_avg_yearly": 9.88,
            "eps_latest_yearly": 3.4,
            "eps_growth_yearly": 148.69
        },
        "20142": {
            "year_quarter": 20142,
            "year": 2014,
            "quarter": 2,
            "eps": 1.76,
            "eps_growth_year": -26.88,
            "eps_4q": 5.09,
            "eps_4q_growth_year": 111.57,
            "roe": 4.63,
            "roe_4q": 26.63,
            "gross_profit": 66528,
            "gross_margin": 35.87,
            "gross_margin_4q_avg": 35.2,
            "net_income": 34563,
            "revenue": 185462,
            "common_shares": 196900,
            "book_valuer_per_share": 38.01,
            "book_valuer_per_share_4q_avg": 36.02,
            "equity": 748496,
            "current_ratio": 350.14,
            "debt_ratio": 21.22,
            "inventory_turnover_ratio": null,
            "account_receivable_turnover_ratio": 0.57,
            "reinvestment_rate": null,
            "research_to_sale_ratio": 0.42,
            "price_fair": 320.95,
            "eps_avg_yearly": 9.17,
            "eps_latest_yearly": 7.04,
            "eps_growth_yearly": 218.57
        },
        "20143": {
            "year_quarter": 20143,
            "year": 2014,
            "quarter": 3,
            "eps": 1.13,
            "eps_growth_year": -25.66,
            "eps_4q": 5.07,
            "eps_4q_growth_year": 29.12,
            "roe": 3.81,
            "roe_4q": 25.49,
            "gross_profit": 81676,
            "gross_margin": 37.63,
            "gross_margin_4q_avg": 36.31,
            "net_income": 41686,
            "revenue": 217074,
            "common_shares": 379040,
            "book_valuer_per_share": 37.92,
            "book_valuer_per_share_4q_avg": 37.68,
            "equity": 1437365,
            "current_ratio": 722.01,
            "debt_ratio": 11.46,
            "inventory_turnover_ratio": null,
            "account_receivable_turnover_ratio": 0.72,
            "reinvestment_rate": null,
            "research_to_sale_ratio": 5.03,
            "price_fair": 288.4,
            "eps_avg_yearly": 8.24,
            "eps_latest_yearly": 4.52,
            "eps_growth_yearly": 146.22
        },
        "20144": {
            "year_quarter": 20144,
            "year": 2014,
            "quarter": 4,
            "eps": 0.6,
            "eps_growth_year": -88.03,
            "eps_4q": 3.06,
            "eps_4q_growth_year": -65.9,
            "roe": 1.55,
            "roe_4q": 12.27,
            "gross_profit": 78523,
            "gross_margin": 34.06,
            "gross_margin_4q_avg": 35.99,
            "net_income": 22869,
            "revenue": 230538,
            "common_shares": 379040,
            "book_valuer_per_share": 39.74,
            "book_valuer_per_share_4q_avg": 38.38,
            "equity": 1506469,
            "current_ratio": 855.95,
            "debt_ratio": 9.51,
            "inventory_turnover_ratio": null,
            "account_receivable_turnover_ratio": 0.71,
            "reinvestment_rate": null,
            "research_to_sale_ratio": 16.25,
            "price_fair": 254.33,
            "eps_avg_yearly": 7.27,
            "eps_latest_yearly": 2.4,
            "eps_growth_yearly": 90.58
        },
        "20151": {
            "year_quarter": 20151,
            "year": 2015,
            "quarter": 1,
            "eps": 0.54,
            "eps_growth_year": -36.47,
            "eps_4q": 3.16,
            "eps_4q_growth_year": -67.86,
            "roe": 1.36,
            "roe_4q": 11.350000000000001,
            "gross_profit": 46888,
            "gross_margin": 25.64,
            "gross_margin_4q_avg": 33.3,
            "net_income": 20509,
            "revenue": 182844,
            "common_shares": 379040,
            "book_valuer_per_share": 39.91,
            "book_valuer_per_share_4q_avg": 38.9,
            "equity": 1512759,
            "current_ratio": 658.61,
            "debt_ratio": 10.12,
            "inventory_turnover_ratio": null,
            "account_receivable_turnover_ratio": 0.49,
            "reinvestment_rate": null,
            "research_to_sale_ratio": 3.01,
            "price_fair": 228.8,
            "eps_avg_yearly": 6.54,
            "eps_latest_yearly": 2.16,
            "eps_growth_yearly": 71.93
        },
        "20152": {
            "year_quarter": 20152,
            "year": 2015,
            "quarter": 2,
            "eps": 0.74,
            "eps_growth_year": -57.95,
            "eps_4q": 3.03,
            "eps_4q_growth_year": -40.5,
            "roe": 1.89,
            "roe_4q": 8.61,
            "gross_profit": 58620,
            "gross_margin": 28.34,
            "gross_margin_4q_avg": 31.42,
            "net_income": 27753,
            "revenue": 206853,
            "common_shares": 379040,
            "book_valuer_per_share": 38.25,
            "book_valuer_per_share_4q_avg": 38.96,
            "equity": 1424094,
            "current_ratio": 510.5,
            "debt_ratio": 12.43,
            "inventory_turnover_ratio": null,
            "account_receivable_turnover_ratio": 0.5,
            "reinvestment_rate": null,
            "research_to_sale_ratio": 4.57,
            "price_fair": 213.15,
            "eps_avg_yearly": 6.09,
            "eps_latest_yearly": 2.96,
            "eps_growth_yearly": 81.46
        },
        "20153": {
            "year_quarter": 20153,
            "year": 2015,
            "quarter": 3,
            "eps": 0.64,
            "eps_growth_year": -43.36,
            "eps_4q": 2.55,
            "eps_4q_growth_year": -49.72,
            "roe": 1.63,
            "roe_4q": 6.43,
            "gross_profit": 46190,
            "gross_margin": 20.16,
            "gross_margin_4q_avg": 27.05,
            "net_income": 23826,
            "revenue": 229065,
            "common_shares": 379040,
            "book_valuer_per_share": 40.47,
            "book_valuer_per_share_4q_avg": 39.59,
            "equity": 1506778,
            "current_ratio": 512.4,
            "debt_ratio": 11.67,
            "inventory_turnover_ratio": null,
            "account_receivable_turnover_ratio": 0.48,
            "reinvestment_rate": null,
            "research_to_sale_ratio": 10.07,
            "price_fair": 199.42,
            "eps_avg_yearly": 5.7,
            "eps_latest_yearly": 2.56,
            "eps_growth_yearly": 66.4
        },
        "20154": {
            "year_quarter": 20154,
            "year": 2015,
            "quarter": 4,
            "eps": -0.54,
            "eps_growth_year": -189.95,
            "eps_4q": 1.39,
            "eps_4q_growth_year": -54.43,
            "roe": -0.65,
            "roe_4q": 4.2299999999999995,
            "gross_profit": 76381,
            "gross_margin": 23.63,
            "gross_margin_4q_avg": 24.44,
            "net_income": -9689,
            "revenue": 323240,
            "common_shares": 379040,
            "book_valuer_per_share": 38.51,
            "book_valuer_per_share_4q_avg": 39.29,
            "equity": 1474068,
            "current_ratio": 299.14,
            "debt_ratio": 15.99,
            "inventory_turnover_ratio": null,
            "account_receivable_turnover_ratio": 0.64,
            "reinvestment_rate": null,
            "research_to_sale_ratio": 8.2,
            "price_fair": 199.42,
            "eps_avg_yearly": 5.7,
            "eps_latest_yearly": 2.56,
            "eps_growth_yearly": 66.4
        },
        "20161": {
            "year_quarter": 20161,
            "year": 2016,
            "quarter": 1,
            "eps": -0.71,
            "eps_growth_year": -231.48,
            "eps_4q": 0.13,
            "eps_4q_growth_year": -95.8,
            "roe": -2.11,
            "roe_4q": 0.76,
            "gross_profit": -24035,
            "gross_margin": -13.42,
            "gross_margin_4q_avg": 14.68,
            "net_income": -30834,
            "revenue": 179049,
            "common_shares": 379040,
            "book_valuer_per_share": 37.2,
            "book_valuer_per_share_4q_avg": 38.61,
            "equity": 1445462,
            "current_ratio": 274.03,
            "debt_ratio": 18.56,
            "inventory_turnover_ratio": null,
            "account_receivable_turnover_ratio": 0.39,
            "reinvestment_rate": null,
            "research_to_sale_ratio": 4.64,
            "price_fair": 199.42,
            "eps_avg_yearly": 5.7,
            "eps_latest_yearly": 2.56,
            "eps_growth_yearly": 66.4
        },
        "20162": {
            "year_quarter": 20162,
            "year": 2016,
            "quarter": 2,
            "eps": -0.96,
            "eps_growth_year": -229.73,
            "eps_4q": -1.57,
            "eps_4q_growth_year": -151.73,
            "roe": -2.63,
            "roe_4q": -3.7600000000000007,
            "gross_profit": -1179,
            "gross_margin": -0.81,
            "gross_margin_4q_avg": 7.39,
            "net_income": -36466,
            "revenue": 145476,
            "common_shares": 379040,
            "book_valuer_per_share": 35.61,
            "book_valuer_per_share_4q_avg": 37.95,
            "equity": 1331400,
            "current_ratio": 375.02,
            "debt_ratio": 14.64,
            "inventory_turnover_ratio": null,
            "account_receivable_turnover_ratio": 0.35,
            "reinvestment_rate": 144.04,
            "research_to_sale_ratio": 6.61,
            "price_fair": 199.42,
            "eps_avg_yearly": 5.7,
            "eps_latest_yearly": 2.56,
            "eps_growth_yearly": 66.4
        },
        "20163": {
            "year_quarter": 20163,
            "year": 2016,
            "quarter": 3,
            "eps": -0.98,
            "eps_growth_year": -253.12,
            "eps_4q": -3.19,
            "eps_4q_growth_year": -225.01,
            "roe": -2.88,
            "roe_4q": -8.27,
            "gross_profit": -12919,
            "gross_margin": -9.04,
            "gross_margin_4q_avg": 0.09,
            "net_income": -37210,
            "revenue": 142852,
            "common_shares": 379040,
            "book_valuer_per_share": 33.5,
            "book_valuer_per_share_4q_avg": 36.21,
            "equity": 1252043,
            "current_ratio": 393.6,
            "debt_ratio": 13.56,
            "inventory_turnover_ratio": null,
            "account_receivable_turnover_ratio": 0.35,
            "reinvestment_rate": 174.51,
            "research_to_sale_ratio": 2.96,
            "price_fair": 199.42,
            "eps_avg_yearly": 5.7,
            "eps_latest_yearly": 2.56,
            "eps_growth_yearly": 66.4
        },
        "20164": {
            "year_quarter": 20164,
            "year": 2016,
            "quarter": 4,
            "eps": -3.16,
            "eps_growth_year": null,
            "eps_4q": -5.81,
            "eps_4q_growth_year": -516.82,
            "roe": -9.95,
            "roe_4q": -17.569999999999997,
            "gross_profit": -23138,
            "gross_margin": -17.17,
            "gross_margin_4q_avg": -10.11,
            "net_income": -117837,
            "revenue": 134728,
            "common_shares": 379040,
            "book_valuer_per_share": 29.88,
            "book_valuer_per_share_4q_avg": 34.05,
            "equity": 1117336,
            "current_ratio": 468.88,
            "debt_ratio": 11.14,
            "inventory_turnover_ratio": null,
            "account_receivable_turnover_ratio": 0.34,
            "reinvestment_rate": 317.41,
            "research_to_sale_ratio": 8.76,
            "price_fair": 199.42,
            "eps_avg_yearly": 5.7,
            "eps_latest_yearly": 2.56,
            "eps_growth_yearly": 66.4
        },
        "20171": {
            "year_quarter": 20171,
            "year": 2017,
            "quarter": 1,
            "eps": -1.88,
            "eps_growth_year": null,
            "eps_4q": -6.98,
            "eps_4q_growth_year": -5363.43,
            "roe": -6.65,
            "roe_4q": -22.11,
            "gross_profit": -23896,
            "gross_margin": -25.63,
            "gross_margin_4q_avg": -13.16,
            "net_income": -70327,
            "revenue": 93230,
            "common_shares": 379040,
            "book_valuer_per_share": 26.7,
            "book_valuer_per_share_4q_avg": 31.42,
            "equity": 998082,
            "current_ratio": 383.02,
            "debt_ratio": 13.18,
            "inventory_turnover_ratio": null,
            "account_receivable_turnover_ratio": 0.26,
            "reinvestment_rate": 764.85,
            "research_to_sale_ratio": 1.27,
            "price_fair": 199.42,
            "eps_avg_yearly": 5.7,
            "eps_latest_yearly": 2.56,
            "eps_growth_yearly": 66.4
        },
        "20172": {
            "year_quarter": 20172,
            "year": 2017,
            "quarter": 2,
            "eps": -3.53,
            "eps_growth_year": null,
            "eps_4q": -9.56,
            "eps_4q_growth_year": null,
            "roe": -14.05,
            "roe_4q": -33.53,
            "gross_profit": 169,
            "gross_margin": 0.23,
            "gross_margin_4q_avg": -12.9,
            "net_income": -132149,
            "revenue": 72150,
            "common_shares": 379040,
            "book_valuer_per_share": 23.6,
            "book_valuer_per_share_4q_avg": 28.42,
            "equity": 882432,
            "current_ratio": 398.33,
            "debt_ratio": 10.52,
            "inventory_turnover_ratio": null,
            "account_receivable_turnover_ratio": 0.27,
            "reinvestment_rate": null,
            "research_to_sale_ratio": 7.75,
            "price_fair": 199.42,
            "eps_avg_yearly": 5.7,
            "eps_latest_yearly": 2.56,
            "eps_growth_yearly": 66.4
        },
        "20173": {
            "year_quarter": 20173,
            "year": 2017,
            "quarter": 3,
            "eps": -2.73,
            "eps_growth_year": null,
            "eps_4q": -11.3,
            "eps_4q_growth_year": null,
            "roe": -12.1,
            "roe_4q": -42.75,
            "gross_profit": -23864,
            "gross_margin": -30.69,
            "gross_margin_4q_avg": -18.32,
            "net_income": -101703,
            "revenue": 77747,
            "common_shares": 379040,
            "book_valuer_per_share": 21.21,
            "book_valuer_per_share_4q_avg": 25.35,
            "equity": 797942,
            "current_ratio": 299.04,
            "debt_ratio": 13.33,
            "inventory_turnover_ratio": null,
            "account_receivable_turnover_ratio": 0.45,
            "reinvestment_rate": null,
            "research_to_sale_ratio": 1.83,
            "price_fair": 197.75,
            "eps_avg_yearly": 5.65,
            "eps_latest_yearly": 2.56,
            "eps_growth_yearly": 93.16
        },
        "20174": {
            "year_quarter": 20174,
            "year": 2017,
            "quarter": 4,
            "eps": -3.55,
            "eps_growth_year": null,
            "eps_4q": -11.7,
            "eps_4q_growth_year": null,
            "roe": -18.15,
            "roe_4q": -50.949999999999996,
            "gross_profit": -29410,
            "gross_margin": -43.76,
            "gross_margin_4q_avg": -24.96,
            "net_income": -132936,
            "revenue": 67209,
            "common_shares": 379040,
            "book_valuer_per_share": 17.7,
            "book_valuer_per_share_4q_avg": 22.3,
            "equity": 666771,
            "current_ratio": 295.88,
            "debt_ratio": 13.24,
            "inventory_turnover_ratio": null,
            "account_receivable_turnover_ratio": 0.56,
            "reinvestment_rate": null,
            "research_to_sale_ratio": 3.11,
            "price_fair": 10.73,
            "eps_avg_yearly": 3.58,
            "eps_latest_yearly": 2.56,
            "eps_growth_yearly": -25.86
        },
        "20181": {
            "year_quarter": 20181,
            "year": 2018,
            "quarter": 1,
            "eps": -2,
            "eps_growth_year": null,
            "eps_4q": -11.82,
            "eps_4q_growth_year": null,
            "roe": -12.07,
            "roe_4q": -56.370000000000005,
            "gross_profit": -2690,
            "gross_margin": -5,
            "gross_margin_4q_avg": -19.81,
            "net_income": -75928,
            "revenue": 53815,
            "common_shares": 379040,
            "book_valuer_per_share": 15.74,
            "book_valuer_per_share_4q_avg": 19.56,
            "equity": 591740,
            "current_ratio": 181.61,
            "debt_ratio": 18.04,
            "inventory_turnover_ratio": null,
            "account_receivable_turnover_ratio": 0.66,
            "reinvestment_rate": null,
            "research_to_sale_ratio": 3.35,
            "price_fair": 126.23,
            "eps_avg_yearly": 3.61,
            "eps_latest_yearly": 2.56,
            "eps_growth_yearly": 25.26
        },
        "20182": {
            "year_quarter": 20182,
            "year": 2018,
            "quarter": 2,
            "eps": -1.71,
            "eps_growth_year": null,
            "eps_4q": -9.99,
            "eps_4q_growth_year": null,
            "roe": -11.9,
            "roe_4q": -54.22,
            "gross_profit": 3727,
            "gross_margin": 7.97,
            "gross_margin_4q_avg": -17.87,
            "net_income": -66176,
            "revenue": 46755,
            "common_shares": 373850,
            "book_valuer_per_share": 13.89,
            "book_valuer_per_share_4q_avg": 17.14,
            "equity": 520295,
            "current_ratio": 288.95,
            "debt_ratio": 12.41,
            "inventory_turnover_ratio": null,
            "account_receivable_turnover_ratio": 0.87,
            "reinvestment_rate": null,
            "research_to_sale_ratio": 5.99,
            "price_fair": 8.76,
            "eps_avg_yearly": 2.92,
            "eps_latest_yearly": 2.56,
            "eps_growth_yearly": -55.34
        },
        "20183": {
            "year_quarter": 20183,
            "year": 2018,
            "quarter": 3,
            "eps": -0.87,
            "eps_growth_year": null,
            "eps_4q": -8.13,
            "eps_4q_growth_year": null,
            "roe": -7.1,
            "roe_4q": -49.22,
            "gross_profit": 1452,
            "gross_margin": 2.46,
            "gross_margin_4q_avg": -9.58,
            "net_income": -33379,
            "revenue": 58937,
            "common_shares": 373850,
            "book_valuer_per_share": 11.24,
            "book_valuer_per_share_4q_avg": 14.64,
            "equity": 420360,
            "current_ratio": 202.43,
            "debt_ratio": 18.97,
            "inventory_turnover_ratio": null,
            "account_receivable_turnover_ratio": 2.21,
            "reinvestment_rate": null,
            "research_to_sale_ratio": 3.12,
            "price_fair": 7.56,
            "eps_avg_yearly": 2.52,
            "eps_latest_yearly": 2.56,
            "eps_growth_yearly": -33.38
        },
        "20184": {
            "year_quarter": 20184,
            "year": 2018,
            "quarter": 4,
            "eps": -1.6,
            "eps_growth_year": null,
            "eps_4q": -6.17,
            "eps_4q_growth_year": null,
            "roe": -17.5,
            "roe_4q": -48.57,
            "gross_profit": 3285,
            "gross_margin": 6.48,
            "gross_margin_4q_avg": 2.98,
            "net_income": -58396,
            "revenue": 50707,
            "common_shares": 373850,
            "book_valuer_per_share": 6.57,
            "book_valuer_per_share_4q_avg": 11.86,
            "equity": 247155,
            "current_ratio": 196.63,
            "debt_ratio": 22.52,
            "inventory_turnover_ratio": null,
            "account_receivable_turnover_ratio": 2.41,
            "reinvestment_rate": null,
            "research_to_sale_ratio": 4.47,
            "price_fair": 71.76,
            "eps_avg_yearly": 2.56,
            "eps_latest_yearly": 2.56,
            "eps_growth_yearly": 18.03
        },
        "20191": {
            "year_quarter": 20191,
            "year": 2019,
            "quarter": 1,
            "eps": -0.75,
            "eps_growth_year": null,
            "eps_4q": -4.92,
            "eps_4q_growth_year": null,
            "roe": -12.2,
            "roe_4q": -48.699999999999996,
            "gross_profit": 4161,
            "gross_margin": 7.02,
            "gross_margin_4q_avg": 5.98,
            "net_income": -28955,
            "revenue": 59307,
            "common_shares": 373850,
            "book_valuer_per_share": 5.98,
            "book_valuer_per_share_4q_avg": 9.42,
            "equity": 227545,
            "current_ratio": 272.69,
            "debt_ratio": 26.13,
            "inventory_turnover_ratio": null,
            "account_receivable_turnover_ratio": 2.37,
            "reinvestment_rate": null,
            "research_to_sale_ratio": 2.02,
            "price_fair": 96.6,
            "eps_avg_yearly": 2.76,
            "eps_latest_yearly": 2.56,
            "eps_growth_yearly": 47.05
        },
        "20192": {
            "year_quarter": 20192,
            "year": 2019,
            "quarter": 2,
            "eps": -0.82,
            "eps_growth_year": null,
            "eps_4q": -4.03,
            "eps_4q_growth_year": null,
            "roe": -14.57,
            "roe_4q": -51.37,
            "gross_profit": 5738,
            "gross_margin": 14.18,
            "gross_margin_4q_avg": 7.54,
            "net_income": -30730,
            "revenue": 40464,
            "common_shares": 373680,
            "book_valuer_per_share": 5.09,
            "book_valuer_per_share_4q_avg": 7.22,
            "equity": 194139,
            "current_ratio": 295.57,
            "debt_ratio": 31.28,
            "inventory_turnover_ratio": null,
            "account_receivable_turnover_ratio": 1.04,
            "reinvestment_rate": null,
            "research_to_sale_ratio": 4.68,
            "price_fair": 7.68,
            "eps_avg_yearly": 2.56,
            "eps_latest_yearly": 2.56,
            "eps_growth_yearly": -54.05
        },
        "20193": {
            "year_quarter": 20193,
            "year": 2019,
            "quarter": 3,
            "eps": -1.25,
            "eps_growth_year": null,
            "eps_4q": -4.42,
            "eps_4q_growth_year": null,
            "roe": -31.72,
            "roe_4q": -75.99,
            "gross_profit": 433,
            "gross_margin": 0.94,
            "gross_margin_4q_avg": 7.16,
            "net_income": -52347,
            "revenue": 46074,
            "common_shares": 373680,
            "book_valuer_per_share": 3.68,
            "book_valuer_per_share_4q_avg": 5.33,
            "equity": 135877,
            "current_ratio": 255.77,
            "debt_ratio": 39.38,
            "inventory_turnover_ratio": null,
            "account_receivable_turnover_ratio": 1.02,
            "reinvestment_rate": null,
            "research_to_sale_ratio": 2.94,
            "price_fair": 0,
            "eps_avg_yearly": 0,
            "eps_latest_yearly": 0,
            "eps_growth_yearly": 0
        },
        "20194": {
            "year_quarter": 20194,
            "year": 2019,
            "quarter": 4,
            "eps": -1.04,
            "eps_growth_year": null,
            "eps_4q": -3.86,
            "eps_4q_growth_year": null,
            "roe": -32.89,
            "roe_4q": -91.38000000000001,
            "gross_profit": 2982,
            "gross_margin": 7.43,
            "gross_margin_4q_avg": 7.39,
            "net_income": -38232,
            "revenue": 40161,
            "common_shares": 373680,
            "book_valuer_per_share": 2.61,
            "book_valuer_per_share_4q_avg": 4.34,
            "equity": 96629,
            "current_ratio": 191.55,
            "debt_ratio": 48.86,
            "inventory_turnover_ratio": null,
            "account_receivable_turnover_ratio": 0.97,
            "reinvestment_rate": null,
            "research_to_sale_ratio": 2.15,
            "price_fair": 0,
            "eps_avg_yearly": 0,
            "eps_latest_yearly": 0,
            "eps_growth_yearly": 0
        },
        "20201": {
            "year_quarter": 20201,
            "year": 2020,
            "quarter": 1,
            "eps": -0.4,
            "eps_growth_year": null,
            "eps_4q": -3.52,
            "eps_4q_growth_year": null,
            "roe": -16.86,
            "roe_4q": -96.03999999999999,
            "gross_profit": 153,
            "gross_margin": 0.64,
            "gross_margin_4q_avg": 5.8,
            "net_income": -14959,
            "revenue": 24077,
            "common_shares": 373680,
            "book_valuer_per_share": 2.19,
            "book_valuer_per_share_4q_avg": 3.39,
            "equity": 80827,
            "current_ratio": 173.76,
            "debt_ratio": 53.85,
            "inventory_turnover_ratio": null,
            "account_receivable_turnover_ratio": 0.58,
            "reinvestment_rate": null,
            "research_to_sale_ratio": 0.98,
            "price_fair": 0,
            "eps_avg_yearly": 0,
            "eps_latest_yearly": 0,
            "eps_growth_yearly": 0
        },
        "20202": {
            "year_quarter": 20202,
            "year": 2020,
            "quarter": 2,
            "eps": -0.03,
            "eps_growth_year": null,
            "eps_4q": -2.73,
            "eps_4q_growth_year": null,
            "roe": -1.9,
            "roe_4q": -83.37,
            "gross_profit": 363,
            "gross_margin": 1.49,
            "gross_margin_4q_avg": 2.63,
            "net_income": -1524,
            "revenue": 24383,
            "common_shares": 373680,
            "book_valuer_per_share": 2.12,
            "book_valuer_per_share_4q_avg": 2.65,
            "equity": 79292,
            "current_ratio": 208.86,
            "debt_ratio": 44.83,
            "inventory_turnover_ratio": null,
            "account_receivable_turnover_ratio": 0.69,
            "reinvestment_rate": null,
            "research_to_sale_ratio": 0.89,
            "price_fair": 0,
            "eps_avg_yearly": 0,
            "eps_latest_yearly": 0,
            "eps_growth_yearly": 0
        },
        "20203": {
            "year_quarter": 20203,
            "year": 2020,
            "quarter": 3,
            "eps": -0.34,
            "eps_growth_year": null,
            "eps_4q": -1.82,
            "eps_4q_growth_year": null,
            "roe": -17.46,
            "roe_4q": -69.11,
            "gross_profit": -86,
            "gross_margin": -0.3,
            "gross_margin_4q_avg": 2.32,
            "net_income": -12846,
            "revenue": 28607,
            "common_shares": 373680,
            "book_valuer_per_share": 1.82,
            "book_valuer_per_share_4q_avg": 2.19,
            "equity": 67874,
            "current_ratio": 177.94,
            "debt_ratio": 52.64,
            "inventory_turnover_ratio": null,
            "account_receivable_turnover_ratio": 0.85,
            "reinvestment_rate": null,
            "research_to_sale_ratio": 0.17,
            "price_fair": 0,
            "eps_avg_yearly": 0,
            "eps_latest_yearly": 0,
            "eps_growth_yearly": 0
        },
        "20204": {
            "year_quarter": 20204,
            "year": 2020,
            "quarter": 4,
            "eps": -0.63,
            "eps_growth_year": null,
            "eps_4q": -1.4,
            "eps_4q_growth_year": null,
            "roe": -44.04,
            "roe_4q": -80.25999999999999,
            "gross_profit": 1011,
            "gross_margin": 2.68,
            "gross_margin_4q_avg": 1.13,
            "net_income": -24761,
            "revenue": 37708,
            "common_shares": 373680,
            "book_valuer_per_share": 1.23,
            "book_valuer_per_share_4q_avg": 1.84,
            "equity": 44573,
            "current_ratio": 177.96,
            "debt_ratio": 55.62,
            "inventory_turnover_ratio": null,
            "account_receivable_turnover_ratio": 1.02,
            "reinvestment_rate": null,
            "research_to_sale_ratio": 0.06,
            "price_fair": 0,
            "eps_avg_yearly": 0,
            "eps_latest_yearly": 0,
            "eps_growth_yearly": 0
        },
        "20211": {
            "year_quarter": 20211,
            "year": 2021,
            "quarter": 1,
            "eps": -0.48,
            "eps_growth_year": null,
            "eps_4q": -1.48,
            "eps_4q_growth_year": null,
            "roe": -45.25,
            "roe_4q": -108.65,
            "gross_profit": 1854,
            "gross_margin": 9.81,
            "gross_margin_4q_avg": 3.42,
            "net_income": -16408,
            "revenue": 18905,
            "common_shares": 373680,
            "book_valuer_per_share": 0.75,
            "book_valuer_per_share_4q_avg": 1.48,
            "equity": 27944,
            "current_ratio": 160.21,
            "debt_ratio": 61.71,
            "inventory_turnover_ratio": null,
            "account_receivable_turnover_ratio": 0.74,
            "reinvestment_rate": null,
            "research_to_sale_ratio": 0,
            "price_fair": 0,
            "eps_avg_yearly": 0,
            "eps_latest_yearly": 0,
            "eps_growth_yearly": 0
        },
        "20212": {
            "year_quarter": 20212,
            "year": 2021,
            "quarter": 2,
            "eps": -0.21,
            "eps_growth_year": null,
            "eps_4q": -1.66,
            "eps_4q_growth_year": null,
            "roe": -33.6,
            "roe_4q": -140.35,
            "gross_profit": 30,
            "gross_margin": 0.38,
            "gross_margin_4q_avg": 3.14,
            "net_income": -8007,
            "revenue": 7890,
            "common_shares": 373680,
            "book_valuer_per_share": 0.53,
            "book_valuer_per_share_4q_avg": 1.08,
            "equity": 19714,
            "current_ratio": 133.88,
            "debt_ratio": 73.89,
            "inventory_turnover_ratio": null,
            "account_receivable_turnover_ratio": 0.44,
            "reinvestment_rate": null,
            "research_to_sale_ratio": 0,
            "price_fair": 0,
            "eps_avg_yearly": 0,
            "eps_latest_yearly": 0,
            "eps_growth_yearly": 0
        },
        "20213": {
            "year_quarter": 20213,
            "year": 2021,
            "quarter": 3,
            "eps": -0.18,
            "eps_growth_year": null,
            "eps_4q": -3.62,
            "eps_4q_growth_year": null,
            "roe": -14.27,
            "roe_4q": -137.16,
            "gross_profit": 243,
            "gross_margin": 5.88,
            "gross_margin_4q_avg": 4.69,
            "net_income": -2619,
            "revenue": 4136,
            "common_shares": 143680,
            "book_valuer_per_share": 1.18,
            "book_valuer_per_share_4q_avg": 0.92,
            "equity": 17002,
            "current_ratio": 135.9,
            "debt_ratio": 72.58,
            "inventory_turnover_ratio": null,
            "account_receivable_turnover_ratio": 0.26,
            "reinvestment_rate": null,
            "research_to_sale_ratio": 0,
            "price_fair": 0,
            "eps_avg_yearly": 0,
            "eps_latest_yearly": 0,
            "eps_growth_yearly": 0
        },
        "20214": {
            "year_quarter": 20214,
            "year": 2021,
            "quarter": 4,
            "eps": -0.43,
            "eps_growth_year": null,
            "eps_4q": -2.41,
            "eps_4q_growth_year": null,
            "roe": -43.62,
            "roe_4q": -136.74,
            "gross_profit": 432,
            "gross_margin": 26.83,
            "gross_margin_4q_avg": 10.73,
            "net_income": -6120,
            "revenue": 1610,
            "common_shares": 143680,
            "book_valuer_per_share": 0.77,
            "book_valuer_per_share_4q_avg": 0.81,
            "equity": 11059,
            "current_ratio": 144.42,
            "debt_ratio": 69.08,
            "inventory_turnover_ratio": null,
            "account_receivable_turnover_ratio": 0.15,
            "reinvestment_rate": null,
            "research_to_sale_ratio": 0,
            "price_fair": 0,
            "eps_avg_yearly": 0,
            "eps_latest_yearly": 0,
            "eps_growth_yearly": 0
        },
        "20221": {
            "year_quarter": 20221,
            "year": 2022,
            "quarter": 1,
            "eps": -0.29,
            "eps_growth_year": null,
            "eps_4q": -1.46,
            "eps_4q_growth_year": null,
            "roe": -46.12,
            "roe_4q": -137.60999999999999,
            "gross_profit": 216,
            "gross_margin": 13.54,
            "gross_margin_4q_avg": 11.66,
            "net_income": -4204,
            "revenue": 1595,
            "common_shares": 143680,
            "book_valuer_per_share": 0.5,
            "book_valuer_per_share_4q_avg": 0.75,
            "equity": 7172,
            "current_ratio": 140.44,
            "debt_ratio": 70.98,
            "inventory_turnover_ratio": null,
            "account_receivable_turnover_ratio": 0.32,
            "reinvestment_rate": null,
            "research_to_sale_ratio": null,
            "price_fair": 0,
            "eps_avg_yearly": 0,
            "eps_latest_yearly": 0,
            "eps_growth_yearly": 0
        },
        "20222": {
            "year_quarter": 20222,
            "year": 2022,
            "quarter": 2,
            "eps": 0.1,
            "eps_growth_year": null,
            "eps_4q": -0.71,
            "eps_4q_growth_year": null,
            "roe": 6.91,
            "roe_4q": -97.09999999999998,
            "gross_profit": 30,
            "gross_margin": 1.94,
            "gross_margin_4q_avg": 12.05,
            "net_income": 1510,
            "revenue": 1546,
            "common_shares": 161180,
            "book_valuer_per_share": 2.26,
            "book_valuer_per_share_4q_avg": 1.18,
            "equity": 36503,
            "current_ratio": 445.32,
            "debt_ratio": 22.42,
            "inventory_turnover_ratio": null,
            "account_receivable_turnover_ratio": 0.61,
            "reinvestment_rate": null,
            "research_to_sale_ratio": null,
            "price_fair": 0,
            "eps_avg_yearly": 0,
            "eps_latest_yearly": 0,
            "eps_growth_yearly": 0
        },
        "20223": {
            "year_quarter": 20223,
            "year": 2022,
            "quarter": 3,
            "eps": 0.11,
            "eps_growth_year": null,
            "eps_4q": -0.28,
            "eps_4q_growth_year": null,
            "roe": 1.98,
            "roe_4q": -80.85,
            "gross_profit": 47,
            "gross_margin": 3.3,
            "gross_margin_4q_avg": 11.4,
            "net_income": 1931,
            "revenue": 1425,
            "common_shares": 243580,
            "book_valuer_per_share": 6.52,
            "book_valuer_per_share_4q_avg": 2.51,
            "equity": 158729,
            "current_ratio": 462.68,
            "debt_ratio": 5.88,
            "inventory_turnover_ratio": null,
            "account_receivable_turnover_ratio": 0.51,
            "reinvestment_rate": null,
            "research_to_sale_ratio": 0,
            "price_fair": 15.4,
            "eps_avg_yearly": 0.44,
            "eps_latest_yearly": 0.44,
            "eps_growth_yearly": 40
        },
        "20224": {
            "year_quarter": 20224,
            "year": 2022,
            "quarter": 4,
            "eps": -0.12,
            "eps_growth_year": null,
            "eps_4q": -0.15,
            "eps_4q_growth_year": null,
            "roe": -1.9,
            "roe_4q": -39.129999999999995,
            "gross_profit": 72,
            "gross_margin": 4.55,
            "gross_margin_4q_avg": 5.83,
            "net_income": -2958,
            "revenue": 1581,
            "common_shares": 243580,
            "book_valuer_per_share": 6.29,
            "book_valuer_per_share_4q_avg": 3.89,
            "equity": 153185,
            "current_ratio": 387.92,
            "debt_ratio": 6.22,
            "inventory_turnover_ratio": null,
            "account_receivable_turnover_ratio": 0.59,
            "reinvestment_rate": null,
            "research_to_sale_ratio": 0,
            "price_fair": 15.4,
            "eps_avg_yearly": 0.44,
            "eps_latest_yearly": 0.44,
            "eps_growth_yearly": 40
        },
        "20231": {
            "year_quarter": 20231,
            "year": 2023,
            "quarter": 1,
            "eps": -0.45,
            "eps_growth_year": null,
            "eps_4q": -0.43,
            "eps_4q_growth_year": null,
            "roe": -7.33,
            "roe_4q": -0.33999999999999986,
            "gross_profit": 73,
            "gross_margin": 4.56,
            "gross_margin_4q_avg": 3.59,
            "net_income": -10869,
            "revenue": 1600,
            "common_shares": 243580,
            "book_valuer_per_share": 5.88,
            "book_valuer_per_share_4q_avg": 5.24,
            "equity": 143327,
            "current_ratio": 495.41,
            "debt_ratio": 4.21,
            "inventory_turnover_ratio": null,
            "account_receivable_turnover_ratio": 0.56,
            "reinvestment_rate": null,
            "research_to_sale_ratio": null,
            "price_fair": 15.4,
            "eps_avg_yearly": 0.44,
            "eps_latest_yearly": 0.44,
            "eps_growth_yearly": 40
        }
    },
    "months": {
        "2013-09": {
            "month": "2013-09",
            "price": "207.76",
            "revenue": 65018
        },
        "2013-10": {
            "month": "2013-10",
            "price": "189.39",
            "revenue": 67937
        },
        "2013-11": {
            "month": "2013-11",
            "price": "186.48",
            "revenue": 72951
        },
        "2013-12": {
            "month": "2013-12",
            "price": "241.28",
            "revenue": 89475
        },
        "2014-01": {
            "month": "2014-01",
            "price": "307.23",
            "revenue": 59938
        },
        "2014-02": {
            "month": "2014-02",
            "price": "290.59",
            "revenue": 63620
        },
        "2014-03": {
            "month": "2014-03",
            "price": "314.33",
            "revenue": 93088
        },
        "2014-04": {
            "month": "2014-04",
            "price": "372.98",
            "revenue": 55066
        },
        "2014-05": {
            "month": "2014-05",
            "price": "318.63",
            "revenue": 58342
        },
        "2014-06": {
            "month": "2014-06",
            "price": "339.76",
            "revenue": 68694
        },
        "2014-07": {
            "month": "2014-07",
            "price": "284.83",
            "revenue": 64117
        },
        "2014-08": {
            "month": "2014-08",
            "price": "173.38",
            "revenue": 73610
        },
        "2014-09": {
            "month": "2014-09",
            "price": "116.71",
            "revenue": 74109
        },
        "2014-10": {
            "month": "2014-10",
            "price": "84.22",
            "revenue": 82171
        },
        "2014-11": {
            "month": "2014-11",
            "price": "74.58",
            "revenue": 80103
        },
        "2014-12": {
            "month": "2014-12",
            "price": "78.32",
            "revenue": 69661
        },
        "2015-01": {
            "month": "2015-01",
            "price": "79.32",
            "revenue": 54301
        },
        "2015-02": {
            "month": "2015-02",
            "price": "71.39",
            "revenue": 55984
        },
        "2015-03": {
            "month": "2015-03",
            "price": "69.29",
            "revenue": 71720
        },
        "2015-04": {
            "month": "2015-04",
            "price": "61.22",
            "revenue": 66339
        },
        "2015-05": {
            "month": "2015-05",
            "price": "56.04",
            "revenue": 74233
        },
        "2015-06": {
            "month": "2015-06",
            "price": "59.26",
            "revenue": 67211
        },
        "2015-07": {
            "month": "2015-07",
            "price": "51.59",
            "revenue": 70702
        },
        "2015-08": {
            "month": "2015-08",
            "price": "44.86",
            "revenue": 70967
        },
        "2015-09": {
            "month": "2015-09",
            "price": "48.33",
            "revenue": 83180
        },
        "2015-10": {
            "month": "2015-10",
            "price": "49.59",
            "revenue": 98039
        },
        "2015-11": {
            "month": "2015-11",
            "price": "48.17",
            "revenue": 114009
        },
        "2015-12": {
            "month": "2015-12",
            "price": "45.33",
            "revenue": 108149
        },
        "2016-01": {
            "month": "2016-01",
            "price": "33.11",
            "revenue": 66470
        },
        "2016-02": {
            "month": "2016-02",
            "price": "34.21",
            "revenue": 58120
        },
        "2016-03": {
            "month": "2016-03",
            "price": "36.40",
            "revenue": 53559
        },
        "2016-04": {
            "month": "2016-04",
            "price": "26.39",
            "revenue": 47617
        },
        "2016-05": {
            "month": "2016-05",
            "price": "21.49",
            "revenue": 48648
        },
        "2016-06": {
            "month": "2016-06",
            "price": "22.41",
            "revenue": 49341
        },
        "2016-07": {
            "month": "2016-07",
            "price": "22.16",
            "revenue": 46936
        },
        "2016-08": {
            "month": "2016-08",
            "price": "20.64",
            "revenue": 43125
        },
        "2016-09": {
            "month": "2016-09",
            "price": "17.04",
            "revenue": 68621
        },
        "2016-10": {
            "month": "2016-10",
            "price": "15.89",
            "revenue": 44146
        },
        "2016-11": {
            "month": "2016-11",
            "price": "14.20",
            "revenue": 43498
        },
        "2016-12": {
            "month": "2016-12",
            "price": "14.76",
            "revenue": 40590
        },
        "2017-01": {
            "month": "2017-01",
            "price": "15.09",
            "revenue": 35999
        },
        "2017-02": {
            "month": "2017-02",
            "price": "14.77",
            "revenue": 29393
        },
        "2017-03": {
            "month": "2017-03",
            "price": "14.74",
            "revenue": 26664
        },
        "2017-04": {
            "month": "2017-04",
            "price": "14.95",
            "revenue": 24785
        },
        "2017-05": {
            "month": "2017-05",
            "price": "16.56",
            "revenue": 23763
        },
        "2017-06": {
            "month": "2017-06",
            "price": "21.91",
            "revenue": 23913
        },
        "2017-07": {
            "month": "2017-07",
            "price": "18.95",
            "revenue": 22643
        },
        "2017-08": {
            "month": "2017-08",
            "price": "16.81",
            "revenue": 27104
        },
        "2017-09": {
            "month": "2017-09",
            "price": "16.44",
            "revenue": 28418
        },
        "2017-10": {
            "month": "2017-10",
            "price": "17.38",
            "revenue": 21707
        },
        "2017-11": {
            "month": "2017-11",
            "price": "17.62",
            "revenue": 23712
        },
        "2017-12": {
            "month": "2017-12",
            "price": "16.08",
            "revenue": 21755
        },
        "2018-01": {
            "month": "2018-01",
            "price": "15.65",
            "revenue": 20782
        },
        "2018-02": {
            "month": "2018-02",
            "price": "14.89",
            "revenue": 17135
        },
        "2018-03": {
            "month": "2018-03",
            "price": "15.35",
            "revenue": 16181
        },
        "2018-04": {
            "month": "2018-04",
            "price": "14.16",
            "revenue": 15688
        },
        "2018-05": {
            "month": "2018-05",
            "price": "12.48",
            "revenue": 15955
        },
        "2018-06": {
            "month": "2018-06",
            "price": "12.96",
            "revenue": 13991
        },
        "2018-07": {
            "month": "2018-07",
            "price": "12.66",
            "revenue": 15601
        },
        "2018-08": {
            "month": "2018-08",
            "price": "12.05",
            "revenue": 20996
        },
        "2018-09": {
            "month": "2018-09",
            "price": "11.87",
            "revenue": 21681
        },
        "2018-10": {
            "month": "2018-10",
            "price": "10.79",
            "revenue": 15522
        },
        "2018-11": {
            "month": "2018-11",
            "price": "11.45",
            "revenue": 16190
        },
        "2018-12": {
            "month": "2018-12",
            "price": "11.07",
            "revenue": 18438
        },
        "2019-01": {
            "month": "2019-01",
            "price": "10.08",
            "revenue": 16408
        },
        "2019-02": {
            "month": "2019-02",
            "price": "10.37",
            "revenue": 25475
        },
        "2019-03": {
            "month": "2019-03",
            "price": "12.19",
            "revenue": 23102
        },
        "2019-04": {
            "month": "2019-04",
            "price": "12.30",
            "revenue": 13849
        },
        "2019-05": {
            "month": "2019-05",
            "price": "9.61",
            "revenue": 13788
        },
        "2019-06": {
            "month": "2019-06",
            "price": "9.40",
            "revenue": 12805
        },
        "2019-07": {
            "month": "2019-07",
            "price": "9.81",
            "revenue": 12736
        },
        "2019-08": {
            "month": "2019-08",
            "price": "8.69",
            "revenue": 24673
        },
        "2019-09": {
            "month": "2019-09",
            "price": "8.69",
            "revenue": 8828
        },
        "2019-10": {
            "month": "2019-10",
            "price": "8.57",
            "revenue": 9957
        },
        "2019-11": {
            "month": "2019-11",
            "price": "6.07",
            "revenue": 16153
        },
        "2019-12": {
            "month": "2019-12",
            "price": "4.04",
            "revenue": 14259
        },
        "2020-01": {
            "month": "2020-01",
            "price": "3.97",
            "revenue": 8596
        },
        "2020-02": {
            "month": "2020-02",
            "price": "3.45",
            "revenue": 4536
        },
        "2020-03": {
            "month": "2020-03",
            "price": "3.09",
            "revenue": 10827
        },
        "2020-04": {
            "month": "2020-04",
            "price": "3.08",
            "revenue": 8586
        },
        "2020-05": {
            "month": "2020-05",
            "price": "3.19",
            "revenue": 7919
        },
        "2020-06": {
            "month": "2020-06",
            "price": "3.36",
            "revenue": 7845
        },
        "2020-07": {
            "month": "2020-07",
            "price": "4.90",
            "revenue": 8020
        },
        "2020-08": {
            "month": "2020-08",
            "price": "5.02",
            "revenue": 10672
        },
        "2020-09": {
            "month": "2020-09",
            "price": "6.10",
            "revenue": 9943
        },
        "2020-10": {
            "month": "2020-10",
            "price": "5.92",
            "revenue": 12901
        },
        "2020-11": {
            "month": "2020-11",
            "price": "5.23",
            "revenue": 11410
        },
        "2020-12": {
            "month": "2020-12",
            "price": "5.29",
            "revenue": 13687
        },
        "2021-01": {
            "month": "2021-01",
            "price": "4.87",
            "revenue": 7918
        },
        "2021-02": {
            "month": "2021-02",
            "price": "5.09",
            "revenue": 6603
        },
        "2021-03": {
            "month": "2021-03",
            "price": "5.39",
            "revenue": 4401
        },
        "2021-04": {
            "month": "2021-04",
            "price": "6.32",
            "revenue": 3473
        },
        "2021-05": {
            "month": "2021-05",
            "price": "7.82",
            "revenue": 2608
        },
        "2021-06": {
            "month": "2021-06",
            "price": "7.74",
            "revenue": 1864
        },
        "2021-07": {
            "month": "2021-07",
            "price": "6.86",
            "revenue": 1755
        },
        "2021-08": {
            "month": "2021-08",
            "price": "6.96",
            "revenue": 1510
        },
        "2021-09": {
            "month": "2021-09",
            "price": "7.04",
            "revenue": 947
        },
        "2021-10": {
            "month": "2021-10",
            "price": "7.11",
            "revenue": 525
        },
        "2021-11": {
            "month": "2021-11",
            "price": "21.90",
            "revenue": 534
        },
        "2021-12": {
            "month": "2021-12",
            "price": "19.66",
            "revenue": 515
        },
        "2022-01": {
            "month": "2022-01",
            "price": "20.82",
            "revenue": 463
        },
        "2022-02": {
            "month": "2022-02",
            "price": "19.33",
            "revenue": 531
        },
        "2022-03": {
            "month": "2022-03",
            "price": "19.08",
            "revenue": 603
        },
        "2022-04": {
            "month": "2022-04",
            "price": "19.20",
            "revenue": 520
        },
        "2022-05": {
            "month": "2022-05",
            "price": "17.86",
            "revenue": 494
        },
        "2022-06": {
            "month": "2022-06",
            "price": "16.91",
            "revenue": 533
        },
        "2022-07": {
            "month": "2022-07",
            "price": "17.69",
            "revenue": 490
        },
        "2022-08": {
            "month": "2022-08",
            "price": "17.26",
            "revenue": 446
        },
        "2022-09": {
            "month": "2022-09",
            "price": "19.57",
            "revenue": 489
        },
        "2022-10": {
            "month": "2022-10",
            "price": "17.76",
            "revenue": 505
        },
        "2022-11": {
            "month": "2022-11",
            "price": "16.52",
            "revenue": 583
        },
        "2022-12": {
            "month": "2022-12",
            "price": "18.33",
            "revenue": 500
        },
        "2023-01": {
            "month": "2023-01",
            "price": "18.60",
            "revenue": 552
        },
        "2023-02": {
            "month": "2023-02",
            "price": "20.82",
            "revenue": 501
        },
        "2023-03": {
            "month": "2023-03",
            "price": "21.19",
            "revenue": 547
        },
        "2023-04": {
            "month": "2023-04",
            "price": "21.75",
            "revenue": 525
        }
    }
}
