{
    "summary": {
        "stock_name": "悅城",
        "stock_id": "6405",
        "category": "光電",
        "main_business": "光電薄化玻璃",
        "website_url": "http://www.onano-nm.com",
        "ceo": "陳春夏",
        "pe_ratio": -21,
        "report_year_from": 2011,
        "report_year_to": 2023,
        "age": 13,
        "eps_negative_percentage": 9,
        "eps_growth_avg": {
            "last_all": -28.27,
            "last_2y": -60.37,
            "last_4y": -34,
            "last_8y": -34.19,
            "last_12y": null,
            "last_16y": null,
            "last_20y": null,
            "at_2006_last_3y": null,
            "at_2007_last_3y": null,
            "at_2008_last_3y": null,
            "at_2009_last_3y": null,
            "at_2010_last_3y": null,
            "at_2011_last_3y": null,
            "at_2012_last_3y": null,
            "at_2013_last_3y": null,
            "at_2014_last_3y": null,
            "at_2015_last_3y": null,
            "at_2016_last_3y": null,
            "at_2017_last_3y": -10.2,
            "at_2018_last_3y": -34.43,
            "at_2019_last_3y": -32.38,
            "at_2020_last_3y": 9.81,
            "at_2021_last_3y": -11.62,
            "at_2022_last_3y": -17.5,
            "at_2023_last_3y": -20.28,
            "at_2024_last_3y": -20.28,
            "at_2006_last_all": null,
            "at_2007_last_all": null,
            "at_2008_last_all": null,
            "at_2009_last_all": null,
            "at_2010_last_all": null,
            "at_2011_last_all": null,
            "at_2012_last_all": null,
            "at_2013_last_all": null,
            "at_2014_last_all": null,
            "at_2015_last_all": -36.03,
            "at_2016_last_all": -46.94,
            "at_2017_last_all": -10.2,
            "at_2018_last_all": -22.54,
            "at_2019_last_all": -33.59,
            "at_2020_last_all": -14.51,
            "at_2021_last_all": -10.91,
            "at_2022_last_all": -20.3,
            "at_2023_last_all": -28.27,
            "at_2024_last_all": -28.27
        },
        "latest_eps": -1.26,
        "latest_price": 26.35,
        "latest_roe": -3.23,
        "latest_gross_margin": -16.6,
        "latest_equity": 2520497,
        "latest_revenue": 46427,
        "latest_gross_profit": -7707,
        "latest_net_income": -12359,
        "latest_debt_ratio": 2.37,
        "latest_current_ratio": 3003.29,
        "latest_account_receivable_turnover_ratio": 0.64,
        "latest_inventory_turnover_ratio": 15.38,
        "latest_reinvestment_rate": -4.49,
        "latest_research_to_sale_ratio": 36.07
    },
    "eps_dividends": {
        "2001": {
            "cash": 0,
            "stock": 0,
            "eps": 0
        },
        "2002": {
            "cash": 0,
            "stock": 0,
            "eps": 0
        },
        "2003": {
            "cash": 0,
            "stock": 0,
            "eps": 0
        },
        "2004": {
            "cash": 0,
            "stock": 0,
            "eps": 0
        },
        "2005": {
            "cash": 0,
            "stock": 0,
            "eps": 0
        },
        "2006": {
            "cash": 0,
            "stock": 0,
            "eps": 0
        },
        "2007": {
            "cash": 0,
            "stock": 0,
            "eps": 0
        },
        "2008": {
            "cash": 0,
            "stock": 0,
            "eps": 0
        },
        "2009": {
            "cash": 0,
            "stock": 0,
            "eps": 0
        },
        "2010": {
            "cash": 0,
            "stock": 0,
            "eps": 0
        },
        "2011": {
            "cash": 0,
            "stock": 0,
            "eps": 0
        },
        "2012": {
            "cash": 0,
            "stock": 0,
            "eps": 0
        },
        "2013": {
            "cash": 1.5,
            "stock": 4.5,
            "eps": 4.43
        },
        "2014": {
            "cash": 3,
            "stock": 0,
            "eps": 5.54
        },
        "2015": {
            "cash": 2,
            "stock": 0,
            "eps": 0.16
        },
        "2016": {
            "cash": 0,
            "stock": 0,
            "eps": 0.05
        },
        "2017": {
            "cash": 0.2,
            "stock": 0,
            "eps": 0.32
        },
        "2018": {
            "cash": 0.5,
            "stock": 0,
            "eps": 0.09
        },
        "2019": {
            "cash": 0.5,
            "stock": 0,
            "eps": 0.01
        },
        "2020": {
            "cash": 0.5,
            "stock": 0,
            "eps": 1.33
        },
        "2021": {
            "cash": 0.6,
            "stock": 0,
            "eps": 1.52
        },
        "2022": {
            "cash": 2,
            "stock": 0,
            "eps": 0.07
        },
        "2023": {
            "cash": 0.1,
            "stock": 0,
            "eps": -0.63
        }
    },
    "dividends": {
        "2013-04-09": {
            "cash": 1.5,
            "stock": 4.5
        },
        "2014-08-08": {
            "cash": 3,
            "stock": 0
        },
        "2015-08-05": {
            "cash": 2,
            "stock": 0
        },
        "2017-08-04": {
            "cash": 0.2,
            "stock": 0
        },
        "2018-07-27": {
            "cash": 0.5,
            "stock": 0
        },
        "2019-07-31": {
            "cash": 0.5,
            "stock": 0
        },
        "2020-07-31": {
            "cash": 0.5,
            "stock": 0
        },
        "2021-08-24": {
            "cash": 0.6,
            "stock": 0
        },
        "2022-08-02": {
            "cash": 2,
            "stock": 0
        },
        "2023-08-02": {
            "cash": 0.1,
            "stock": 0
        }
    },
    "prices": {
        "200101": "無",
        "200102": "無",
        "200103": "無",
        "200104": "無",
        "200105": "無",
        "200106": "無",
        "200107": "無",
        "200108": "無",
        "200109": "無",
        "200110": "無",
        "200111": "無",
        "200112": "無",
        "200201": "無",
        "200202": "無",
        "200203": "無",
        "200204": "無",
        "200205": "無",
        "200206": "無",
        "200207": "無",
        "200208": "無",
        "200209": "無",
        "200210": "無",
        "200211": "無",
        "200212": "無",
        "200301": "無",
        "200302": "無",
        "200303": "無",
        "200304": "無",
        "200305": "無",
        "200306": "無",
        "200307": "無",
        "200308": "無",
        "200309": "無",
        "200310": "無",
        "200311": "無",
        "200312": "無",
        "200401": "無",
        "200402": "無",
        "200403": "無",
        "200404": "無",
        "200405": "無",
        "200406": "無",
        "200407": "無",
        "200408": "無",
        "200409": "無",
        "200410": "無",
        "200411": "無",
        "200412": "無",
        "200501": "無",
        "200502": "無",
        "200503": "無",
        "200504": "無",
        "200505": "無",
        "200506": "無",
        "200507": "無",
        "200508": "無",
        "200509": "無",
        "200510": "無",
        "200511": "無",
        "200512": "無",
        "200601": "無",
        "200602": "無",
        "200603": "無",
        "200604": "無",
        "200605": "無",
        "200606": "無",
        "200607": "無",
        "200608": "無",
        "200609": "無",
        "200610": "無",
        "200611": "無",
        "200612": "無",
        "200701": "無",
        "200702": "無",
        "200703": "無",
        "200704": "無",
        "200705": "無",
        "200706": "無",
        "200707": "無",
        "200708": "無",
        "200709": "無",
        "200710": "無",
        "200711": "無",
        "200712": "無",
        "200801": "無",
        "200802": "無",
        "200803": "無",
        "200804": "無",
        "200805": "無",
        "200806": "無",
        "200807": "無",
        "200808": "無",
        "200809": "無",
        "200810": "無",
        "200811": "無",
        "200812": "無",
        "200901": "無",
        "200902": "無",
        "200903": "無",
        "200904": "無",
        "200905": "無",
        "200906": "無",
        "200907": "無",
        "200908": "無",
        "200909": "無",
        "200910": "無",
        "200911": "無",
        "200912": "無",
        "201001": "無",
        "201002": "無",
        "201003": "無",
        "201004": "無",
        "201005": "無",
        "201006": "無",
        "201007": "無",
        "201008": "無",
        "201009": "無",
        "201010": "無",
        "201011": "無",
        "201012": "無",
        "201101": "無",
        "201102": "無",
        "201103": "無",
        "201104": "無",
        "201105": "無",
        "201106": "無",
        "201107": "無",
        "201108": "無",
        "201109": "無",
        "201110": "無",
        "201111": "無",
        "201112": "無",
        "201201": "無",
        "201202": "無",
        "201203": "無",
        "201204": "無",
        "201205": "無",
        "201206": "無",
        "201207": "無",
        "201208": "無",
        "201209": "無",
        "201210": "無",
        "201211": "無",
        "201212": "101.40",
        "201301": "94.25",
        "201302": "92.63",
        "201303": "109.14",
        "201304": "129.94",
        "201305": "131.39",
        "201306": "113.68",
        "201307": "82.81",
        "201308": "77.54",
        "201309": "75.34",
        "201310": "72.91",
        "201311": "60.50",
        "201312": "67.29",
        "201401": "75.56",
        "201402": "69.30",
        "201403": "70.80",
        "201404": "71.67",
        "201405": "68.38",
        "201406": "71.79",
        "201407": "70.72",
        "201408": "68.44",
        "201409": "66.96",
        "201410": "55.43",
        "201411": "52.51",
        "201412": "52.74",
        "201501": "52.37",
        "201502": "50.88",
        "201503": "48.38",
        "201504": "41.53",
        "201505": "33.91",
        "201506": "27.62",
        "201507": "24.32",
        "201508": "18.98",
        "201509": "19.51",
        "201510": "23.10",
        "201511": "23.70",
        "201512": "21.10",
        "201601": "17.59",
        "201602": "18.30",
        "201603": "18.96",
        "201604": "16.83",
        "201605": "14.53",
        "201606": "14.78",
        "201607": "17.25",
        "201608": "17.97",
        "201609": "17.07",
        "201610": "15.66",
        "201611": "14.83",
        "201612": "16.00",
        "201701": "15.87",
        "201702": "17.88",
        "201703": "17.92",
        "201704": "17.59",
        "201705": "16.98",
        "201706": "17.24",
        "201707": "17.08",
        "201708": "20.86",
        "201709": "26.28",
        "201710": "24.73",
        "201711": "24.28",
        "201712": "23.51",
        "201801": "24.81",
        "201802": "23.42",
        "201803": "23.85",
        "201804": "23.22",
        "201805": "22.77",
        "201806": "21.36",
        "201807": "18.24",
        "201808": "18.17",
        "201809": "16.21",
        "201810": "13.76",
        "201811": "13.37",
        "201812": "15.00",
        "201901": "13.68",
        "201902": "14.70",
        "201903": "14.95",
        "201904": "16.18",
        "201905": "14.40",
        "201906": "14.24",
        "201907": "13.94",
        "201908": "14.25",
        "201909": "15.17",
        "201910": "14.99",
        "201911": "15.06",
        "201912": "15.00",
        "202001": "14.77",
        "202002": "13.87",
        "202003": "12.14",
        "202004": "12.26",
        "202005": "14.72",
        "202006": "14.45",
        "202007": "16.03",
        "202008": "18.75",
        "202009": "19.58",
        "202010": "18.65",
        "202011": "18.49",
        "202012": "21.47",
        "202101": "20.97",
        "202102": "21.82",
        "202103": "22.27",
        "202104": "26.34",
        "202105": "26.10",
        "202106": "33.74",
        "202107": "39.73",
        "202108": "29.70",
        "202109": "26.52",
        "202110": "26.09",
        "202111": "28.92",
        "202112": "28.12",
        "202201": "27.48",
        "202202": "27.69",
        "202203": "27.13",
        "202204": "26.40",
        "202205": "24.32",
        "202206": "22.89",
        "202207": "20.19",
        "202208": "21.97",
        "202209": "21.03",
        "202210": "19.40",
        "202211": "20.19",
        "202212": "21.32",
        "202301": "21.66",
        "202302": "21.25",
        "202303": "21.90",
        "202304": "22.11",
        "202305": "22.73",
        "202306": "23.09",
        "202307": "23.83",
        "202308": "25.25",
        "202309": "26.12",
        "202310": "24.26",
        "202311": "23.58",
        "202312": "24.22"
    },
    "quarters": {
        "20011": {
            "year_quarter": 20011,
            "year": 2001,
            "quarter": 1,
            "eps": null,
            "eps_growth_year": null,
            "eps_4q": null,
            "eps_4q_growth_year": null,
            "roe": null,
            "roe_4q": 0,
            "gross_profit": null,
            "gross_margin": null,
            "gross_margin_4q_avg": 0,
            "net_income": null,
            "net_income_4q": null,
            "revenue": null,
            "revenue_4q": null,
            "common_shares": null,
            "book_valuer_per_share": null,
            "book_valuer_per_share_4q_avg": 0,
            "equity": null,
            "current_ratio": null,
            "debt_ratio": null,
            "inventory_turnover_ratio": null,
            "account_receivable_turnover_ratio": null,
            "reinvestment_rate": null,
            "research_to_sale_ratio": null,
            "price_fair": 0,
            "eps_avg_yearly": 0,
            "eps_latest_yearly": 0,
            "eps_growth_yearly": 0
        },
        "20012": {
            "year_quarter": 20012,
            "year": 2001,
            "quarter": 2,
            "eps": null,
            "eps_growth_year": null,
            "eps_4q": null,
            "eps_4q_growth_year": null,
            "roe": null,
            "roe_4q": 0,
            "gross_profit": null,
            "gross_margin": null,
            "gross_margin_4q_avg": 0,
            "net_income": null,
            "net_income_4q": null,
            "revenue": null,
            "revenue_4q": null,
            "common_shares": null,
            "book_valuer_per_share": null,
            "book_valuer_per_share_4q_avg": 0,
            "equity": null,
            "current_ratio": null,
            "debt_ratio": null,
            "inventory_turnover_ratio": null,
            "account_receivable_turnover_ratio": null,
            "reinvestment_rate": null,
            "research_to_sale_ratio": null,
            "price_fair": 0,
            "eps_avg_yearly": 0,
            "eps_latest_yearly": 0,
            "eps_growth_yearly": 0
        },
        "20013": {
            "year_quarter": 20013,
            "year": 2001,
            "quarter": 3,
            "eps": null,
            "eps_growth_year": null,
            "eps_4q": null,
            "eps_4q_growth_year": null,
            "roe": null,
            "roe_4q": 0,
            "gross_profit": null,
            "gross_margin": null,
            "gross_margin_4q_avg": 0,
            "net_income": null,
            "net_income_4q": null,
            "revenue": null,
            "revenue_4q": null,
            "common_shares": null,
            "book_valuer_per_share": null,
            "book_valuer_per_share_4q_avg": 0,
            "equity": null,
            "current_ratio": null,
            "debt_ratio": null,
            "inventory_turnover_ratio": null,
            "account_receivable_turnover_ratio": null,
            "reinvestment_rate": null,
            "research_to_sale_ratio": null,
            "price_fair": 0,
            "eps_avg_yearly": 0,
            "eps_latest_yearly": 0,
            "eps_growth_yearly": 0
        },
        "20014": {
            "year_quarter": 20014,
            "year": 2001,
            "quarter": 4,
            "eps": null,
            "eps_growth_year": null,
            "eps_4q": null,
            "eps_4q_growth_year": null,
            "roe": null,
            "roe_4q": 0,
            "gross_profit": null,
            "gross_margin": null,
            "gross_margin_4q_avg": 0,
            "net_income": null,
            "net_income_4q": null,
            "revenue": null,
            "revenue_4q": null,
            "common_shares": null,
            "book_valuer_per_share": null,
            "book_valuer_per_share_4q_avg": 0,
            "equity": null,
            "current_ratio": null,
            "debt_ratio": null,
            "inventory_turnover_ratio": null,
            "account_receivable_turnover_ratio": null,
            "reinvestment_rate": null,
            "research_to_sale_ratio": null,
            "price_fair": 0,
            "eps_avg_yearly": 0,
            "eps_latest_yearly": 0,
            "eps_growth_yearly": 0
        },
        "20021": {
            "year_quarter": 20021,
            "year": 2002,
            "quarter": 1,
            "eps": null,
            "eps_growth_year": null,
            "eps_4q": null,
            "eps_4q_growth_year": null,
            "roe": null,
            "roe_4q": 0,
            "gross_profit": null,
            "gross_margin": null,
            "gross_margin_4q_avg": 0,
            "net_income": null,
            "net_income_4q": null,
            "revenue": null,
            "revenue_4q": null,
            "common_shares": null,
            "book_valuer_per_share": null,
            "book_valuer_per_share_4q_avg": 0,
            "equity": null,
            "current_ratio": null,
            "debt_ratio": null,
            "inventory_turnover_ratio": null,
            "account_receivable_turnover_ratio": null,
            "reinvestment_rate": null,
            "research_to_sale_ratio": null,
            "price_fair": 0,
            "eps_avg_yearly": 0,
            "eps_latest_yearly": 0,
            "eps_growth_yearly": 0
        },
        "20022": {
            "year_quarter": 20022,
            "year": 2002,
            "quarter": 2,
            "eps": null,
            "eps_growth_year": null,
            "eps_4q": null,
            "eps_4q_growth_year": null,
            "roe": null,
            "roe_4q": 0,
            "gross_profit": null,
            "gross_margin": null,
            "gross_margin_4q_avg": 0,
            "net_income": null,
            "net_income_4q": null,
            "revenue": null,
            "revenue_4q": null,
            "common_shares": null,
            "book_valuer_per_share": null,
            "book_valuer_per_share_4q_avg": 0,
            "equity": null,
            "current_ratio": null,
            "debt_ratio": null,
            "inventory_turnover_ratio": null,
            "account_receivable_turnover_ratio": null,
            "reinvestment_rate": null,
            "research_to_sale_ratio": null,
            "price_fair": 0,
            "eps_avg_yearly": 0,
            "eps_latest_yearly": 0,
            "eps_growth_yearly": 0
        },
        "20023": {
            "year_quarter": 20023,
            "year": 2002,
            "quarter": 3,
            "eps": null,
            "eps_growth_year": null,
            "eps_4q": null,
            "eps_4q_growth_year": null,
            "roe": null,
            "roe_4q": 0,
            "gross_profit": null,
            "gross_margin": null,
            "gross_margin_4q_avg": 0,
            "net_income": null,
            "net_income_4q": null,
            "revenue": null,
            "revenue_4q": null,
            "common_shares": null,
            "book_valuer_per_share": null,
            "book_valuer_per_share_4q_avg": 0,
            "equity": null,
            "current_ratio": null,
            "debt_ratio": null,
            "inventory_turnover_ratio": null,
            "account_receivable_turnover_ratio": null,
            "reinvestment_rate": null,
            "research_to_sale_ratio": null,
            "price_fair": 0,
            "eps_avg_yearly": 0,
            "eps_latest_yearly": 0,
            "eps_growth_yearly": 0
        },
        "20024": {
            "year_quarter": 20024,
            "year": 2002,
            "quarter": 4,
            "eps": null,
            "eps_growth_year": null,
            "eps_4q": null,
            "eps_4q_growth_year": null,
            "roe": null,
            "roe_4q": 0,
            "gross_profit": null,
            "gross_margin": null,
            "gross_margin_4q_avg": 0,
            "net_income": null,
            "net_income_4q": null,
            "revenue": null,
            "revenue_4q": null,
            "common_shares": null,
            "book_valuer_per_share": null,
            "book_valuer_per_share_4q_avg": 0,
            "equity": null,
            "current_ratio": null,
            "debt_ratio": null,
            "inventory_turnover_ratio": null,
            "account_receivable_turnover_ratio": null,
            "reinvestment_rate": null,
            "research_to_sale_ratio": null,
            "price_fair": 0,
            "eps_avg_yearly": 0,
            "eps_latest_yearly": 0,
            "eps_growth_yearly": 0
        },
        "20031": {
            "year_quarter": 20031,
            "year": 2003,
            "quarter": 1,
            "eps": null,
            "eps_growth_year": null,
            "eps_4q": null,
            "eps_4q_growth_year": null,
            "roe": null,
            "roe_4q": 0,
            "gross_profit": null,
            "gross_margin": null,
            "gross_margin_4q_avg": 0,
            "net_income": null,
            "net_income_4q": null,
            "revenue": null,
            "revenue_4q": null,
            "common_shares": null,
            "book_valuer_per_share": null,
            "book_valuer_per_share_4q_avg": 0,
            "equity": null,
            "current_ratio": null,
            "debt_ratio": null,
            "inventory_turnover_ratio": null,
            "account_receivable_turnover_ratio": null,
            "reinvestment_rate": null,
            "research_to_sale_ratio": null,
            "price_fair": 0,
            "eps_avg_yearly": 0,
            "eps_latest_yearly": 0,
            "eps_growth_yearly": 0
        },
        "20032": {
            "year_quarter": 20032,
            "year": 2003,
            "quarter": 2,
            "eps": null,
            "eps_growth_year": null,
            "eps_4q": null,
            "eps_4q_growth_year": null,
            "roe": null,
            "roe_4q": 0,
            "gross_profit": null,
            "gross_margin": null,
            "gross_margin_4q_avg": 0,
            "net_income": null,
            "net_income_4q": null,
            "revenue": null,
            "revenue_4q": null,
            "common_shares": null,
            "book_valuer_per_share": null,
            "book_valuer_per_share_4q_avg": 0,
            "equity": null,
            "current_ratio": null,
            "debt_ratio": null,
            "inventory_turnover_ratio": null,
            "account_receivable_turnover_ratio": null,
            "reinvestment_rate": null,
            "research_to_sale_ratio": null,
            "price_fair": 0,
            "eps_avg_yearly": 0,
            "eps_latest_yearly": 0,
            "eps_growth_yearly": 0
        },
        "20033": {
            "year_quarter": 20033,
            "year": 2003,
            "quarter": 3,
            "eps": null,
            "eps_growth_year": null,
            "eps_4q": null,
            "eps_4q_growth_year": null,
            "roe": null,
            "roe_4q": 0,
            "gross_profit": null,
            "gross_margin": null,
            "gross_margin_4q_avg": 0,
            "net_income": null,
            "net_income_4q": null,
            "revenue": null,
            "revenue_4q": null,
            "common_shares": null,
            "book_valuer_per_share": null,
            "book_valuer_per_share_4q_avg": 0,
            "equity": null,
            "current_ratio": null,
            "debt_ratio": null,
            "inventory_turnover_ratio": null,
            "account_receivable_turnover_ratio": null,
            "reinvestment_rate": null,
            "research_to_sale_ratio": null,
            "price_fair": 0,
            "eps_avg_yearly": 0,
            "eps_latest_yearly": 0,
            "eps_growth_yearly": 0
        },
        "20034": {
            "year_quarter": 20034,
            "year": 2003,
            "quarter": 4,
            "eps": null,
            "eps_growth_year": null,
            "eps_4q": null,
            "eps_4q_growth_year": null,
            "roe": null,
            "roe_4q": 0,
            "gross_profit": null,
            "gross_margin": null,
            "gross_margin_4q_avg": 0,
            "net_income": null,
            "net_income_4q": null,
            "revenue": null,
            "revenue_4q": null,
            "common_shares": null,
            "book_valuer_per_share": null,
            "book_valuer_per_share_4q_avg": 0,
            "equity": null,
            "current_ratio": null,
            "debt_ratio": null,
            "inventory_turnover_ratio": null,
            "account_receivable_turnover_ratio": null,
            "reinvestment_rate": null,
            "research_to_sale_ratio": null,
            "price_fair": 0,
            "eps_avg_yearly": 0,
            "eps_latest_yearly": 0,
            "eps_growth_yearly": 0
        },
        "20041": {
            "year_quarter": 20041,
            "year": 2004,
            "quarter": 1,
            "eps": null,
            "eps_growth_year": null,
            "eps_4q": null,
            "eps_4q_growth_year": null,
            "roe": null,
            "roe_4q": 0,
            "gross_profit": null,
            "gross_margin": null,
            "gross_margin_4q_avg": 0,
            "net_income": null,
            "net_income_4q": null,
            "revenue": null,
            "revenue_4q": null,
            "common_shares": null,
            "book_valuer_per_share": null,
            "book_valuer_per_share_4q_avg": 0,
            "equity": null,
            "current_ratio": null,
            "debt_ratio": null,
            "inventory_turnover_ratio": null,
            "account_receivable_turnover_ratio": null,
            "reinvestment_rate": null,
            "research_to_sale_ratio": null,
            "price_fair": 0,
            "eps_avg_yearly": 0,
            "eps_latest_yearly": 0,
            "eps_growth_yearly": 0
        },
        "20042": {
            "year_quarter": 20042,
            "year": 2004,
            "quarter": 2,
            "eps": null,
            "eps_growth_year": null,
            "eps_4q": null,
            "eps_4q_growth_year": null,
            "roe": null,
            "roe_4q": 0,
            "gross_profit": null,
            "gross_margin": null,
            "gross_margin_4q_avg": 0,
            "net_income": null,
            "net_income_4q": null,
            "revenue": null,
            "revenue_4q": null,
            "common_shares": null,
            "book_valuer_per_share": null,
            "book_valuer_per_share_4q_avg": 0,
            "equity": null,
            "current_ratio": null,
            "debt_ratio": null,
            "inventory_turnover_ratio": null,
            "account_receivable_turnover_ratio": null,
            "reinvestment_rate": null,
            "research_to_sale_ratio": null,
            "price_fair": 0,
            "eps_avg_yearly": 0,
            "eps_latest_yearly": 0,
            "eps_growth_yearly": 0
        },
        "20043": {
            "year_quarter": 20043,
            "year": 2004,
            "quarter": 3,
            "eps": null,
            "eps_growth_year": null,
            "eps_4q": null,
            "eps_4q_growth_year": null,
            "roe": null,
            "roe_4q": 0,
            "gross_profit": null,
            "gross_margin": null,
            "gross_margin_4q_avg": 0,
            "net_income": null,
            "net_income_4q": null,
            "revenue": null,
            "revenue_4q": null,
            "common_shares": null,
            "book_valuer_per_share": null,
            "book_valuer_per_share_4q_avg": 0,
            "equity": null,
            "current_ratio": null,
            "debt_ratio": null,
            "inventory_turnover_ratio": null,
            "account_receivable_turnover_ratio": null,
            "reinvestment_rate": null,
            "research_to_sale_ratio": null,
            "price_fair": 0,
            "eps_avg_yearly": 0,
            "eps_latest_yearly": 0,
            "eps_growth_yearly": 0
        },
        "20044": {
            "year_quarter": 20044,
            "year": 2004,
            "quarter": 4,
            "eps": null,
            "eps_growth_year": null,
            "eps_4q": null,
            "eps_4q_growth_year": null,
            "roe": null,
            "roe_4q": 0,
            "gross_profit": null,
            "gross_margin": null,
            "gross_margin_4q_avg": 0,
            "net_income": null,
            "net_income_4q": null,
            "revenue": null,
            "revenue_4q": null,
            "common_shares": null,
            "book_valuer_per_share": null,
            "book_valuer_per_share_4q_avg": 0,
            "equity": null,
            "current_ratio": null,
            "debt_ratio": null,
            "inventory_turnover_ratio": null,
            "account_receivable_turnover_ratio": null,
            "reinvestment_rate": null,
            "research_to_sale_ratio": null,
            "price_fair": 0,
            "eps_avg_yearly": 0,
            "eps_latest_yearly": 0,
            "eps_growth_yearly": 0
        },
        "20051": {
            "year_quarter": 20051,
            "year": 2005,
            "quarter": 1,
            "eps": null,
            "eps_growth_year": null,
            "eps_4q": null,
            "eps_4q_growth_year": null,
            "roe": null,
            "roe_4q": 0,
            "gross_profit": null,
            "gross_margin": null,
            "gross_margin_4q_avg": 0,
            "net_income": null,
            "net_income_4q": null,
            "revenue": null,
            "revenue_4q": null,
            "common_shares": null,
            "book_valuer_per_share": null,
            "book_valuer_per_share_4q_avg": 0,
            "equity": null,
            "current_ratio": null,
            "debt_ratio": null,
            "inventory_turnover_ratio": null,
            "account_receivable_turnover_ratio": null,
            "reinvestment_rate": null,
            "research_to_sale_ratio": null,
            "price_fair": 0,
            "eps_avg_yearly": 0,
            "eps_latest_yearly": 0,
            "eps_growth_yearly": 0
        },
        "20052": {
            "year_quarter": 20052,
            "year": 2005,
            "quarter": 2,
            "eps": null,
            "eps_growth_year": null,
            "eps_4q": null,
            "eps_4q_growth_year": null,
            "roe": null,
            "roe_4q": 0,
            "gross_profit": null,
            "gross_margin": null,
            "gross_margin_4q_avg": 0,
            "net_income": null,
            "net_income_4q": null,
            "revenue": null,
            "revenue_4q": null,
            "common_shares": null,
            "book_valuer_per_share": null,
            "book_valuer_per_share_4q_avg": 0,
            "equity": null,
            "current_ratio": null,
            "debt_ratio": null,
            "inventory_turnover_ratio": null,
            "account_receivable_turnover_ratio": null,
            "reinvestment_rate": null,
            "research_to_sale_ratio": null,
            "price_fair": 0,
            "eps_avg_yearly": 0,
            "eps_latest_yearly": 0,
            "eps_growth_yearly": 0
        },
        "20053": {
            "year_quarter": 20053,
            "year": 2005,
            "quarter": 3,
            "eps": null,
            "eps_growth_year": null,
            "eps_4q": null,
            "eps_4q_growth_year": null,
            "roe": null,
            "roe_4q": 0,
            "gross_profit": null,
            "gross_margin": null,
            "gross_margin_4q_avg": 0,
            "net_income": null,
            "net_income_4q": null,
            "revenue": null,
            "revenue_4q": null,
            "common_shares": null,
            "book_valuer_per_share": null,
            "book_valuer_per_share_4q_avg": 0,
            "equity": null,
            "current_ratio": null,
            "debt_ratio": null,
            "inventory_turnover_ratio": null,
            "account_receivable_turnover_ratio": null,
            "reinvestment_rate": null,
            "research_to_sale_ratio": null,
            "price_fair": 0,
            "eps_avg_yearly": 0,
            "eps_latest_yearly": 0,
            "eps_growth_yearly": 0
        },
        "20054": {
            "year_quarter": 20054,
            "year": 2005,
            "quarter": 4,
            "eps": null,
            "eps_growth_year": null,
            "eps_4q": null,
            "eps_4q_growth_year": null,
            "roe": null,
            "roe_4q": 0,
            "gross_profit": null,
            "gross_margin": null,
            "gross_margin_4q_avg": 0,
            "net_income": null,
            "net_income_4q": null,
            "revenue": null,
            "revenue_4q": null,
            "common_shares": null,
            "book_valuer_per_share": null,
            "book_valuer_per_share_4q_avg": 0,
            "equity": null,
            "current_ratio": null,
            "debt_ratio": null,
            "inventory_turnover_ratio": null,
            "account_receivable_turnover_ratio": null,
            "reinvestment_rate": null,
            "research_to_sale_ratio": null,
            "price_fair": 0,
            "eps_avg_yearly": 0,
            "eps_latest_yearly": 0,
            "eps_growth_yearly": 0
        },
        "20061": {
            "year_quarter": 20061,
            "year": 2006,
            "quarter": 1,
            "eps": null,
            "eps_growth_year": null,
            "eps_4q": null,
            "eps_4q_growth_year": null,
            "roe": null,
            "roe_4q": 0,
            "gross_profit": null,
            "gross_margin": null,
            "gross_margin_4q_avg": 0,
            "net_income": null,
            "net_income_4q": null,
            "revenue": null,
            "revenue_4q": null,
            "common_shares": null,
            "book_valuer_per_share": null,
            "book_valuer_per_share_4q_avg": 0,
            "equity": null,
            "current_ratio": null,
            "debt_ratio": null,
            "inventory_turnover_ratio": null,
            "account_receivable_turnover_ratio": null,
            "reinvestment_rate": null,
            "research_to_sale_ratio": null,
            "price_fair": 0,
            "eps_avg_yearly": 0,
            "eps_latest_yearly": 0,
            "eps_growth_yearly": 0
        },
        "20062": {
            "year_quarter": 20062,
            "year": 2006,
            "quarter": 2,
            "eps": null,
            "eps_growth_year": null,
            "eps_4q": null,
            "eps_4q_growth_year": null,
            "roe": null,
            "roe_4q": 0,
            "gross_profit": null,
            "gross_margin": null,
            "gross_margin_4q_avg": 0,
            "net_income": null,
            "net_income_4q": null,
            "revenue": null,
            "revenue_4q": null,
            "common_shares": null,
            "book_valuer_per_share": null,
            "book_valuer_per_share_4q_avg": 0,
            "equity": null,
            "current_ratio": null,
            "debt_ratio": null,
            "inventory_turnover_ratio": null,
            "account_receivable_turnover_ratio": null,
            "reinvestment_rate": null,
            "research_to_sale_ratio": null,
            "price_fair": 0,
            "eps_avg_yearly": 0,
            "eps_latest_yearly": 0,
            "eps_growth_yearly": 0
        },
        "20063": {
            "year_quarter": 20063,
            "year": 2006,
            "quarter": 3,
            "eps": null,
            "eps_growth_year": null,
            "eps_4q": null,
            "eps_4q_growth_year": null,
            "roe": null,
            "roe_4q": 0,
            "gross_profit": null,
            "gross_margin": null,
            "gross_margin_4q_avg": 0,
            "net_income": null,
            "net_income_4q": null,
            "revenue": null,
            "revenue_4q": null,
            "common_shares": null,
            "book_valuer_per_share": null,
            "book_valuer_per_share_4q_avg": 0,
            "equity": null,
            "current_ratio": null,
            "debt_ratio": null,
            "inventory_turnover_ratio": null,
            "account_receivable_turnover_ratio": null,
            "reinvestment_rate": null,
            "research_to_sale_ratio": null,
            "price_fair": 0,
            "eps_avg_yearly": 0,
            "eps_latest_yearly": 0,
            "eps_growth_yearly": 0
        },
        "20064": {
            "year_quarter": 20064,
            "year": 2006,
            "quarter": 4,
            "eps": null,
            "eps_growth_year": null,
            "eps_4q": null,
            "eps_4q_growth_year": null,
            "roe": null,
            "roe_4q": 0,
            "gross_profit": null,
            "gross_margin": null,
            "gross_margin_4q_avg": 0,
            "net_income": null,
            "net_income_4q": null,
            "revenue": null,
            "revenue_4q": null,
            "common_shares": null,
            "book_valuer_per_share": null,
            "book_valuer_per_share_4q_avg": 0,
            "equity": null,
            "current_ratio": null,
            "debt_ratio": null,
            "inventory_turnover_ratio": null,
            "account_receivable_turnover_ratio": null,
            "reinvestment_rate": null,
            "research_to_sale_ratio": null,
            "price_fair": 0,
            "eps_avg_yearly": 0,
            "eps_latest_yearly": 0,
            "eps_growth_yearly": 0
        },
        "20071": {
            "year_quarter": 20071,
            "year": 2007,
            "quarter": 1,
            "eps": null,
            "eps_growth_year": null,
            "eps_4q": null,
            "eps_4q_growth_year": null,
            "roe": null,
            "roe_4q": 0,
            "gross_profit": null,
            "gross_margin": null,
            "gross_margin_4q_avg": 0,
            "net_income": null,
            "net_income_4q": null,
            "revenue": null,
            "revenue_4q": null,
            "common_shares": null,
            "book_valuer_per_share": null,
            "book_valuer_per_share_4q_avg": 0,
            "equity": null,
            "current_ratio": null,
            "debt_ratio": null,
            "inventory_turnover_ratio": null,
            "account_receivable_turnover_ratio": null,
            "reinvestment_rate": null,
            "research_to_sale_ratio": null,
            "price_fair": 0,
            "eps_avg_yearly": 0,
            "eps_latest_yearly": 0,
            "eps_growth_yearly": 0
        },
        "20072": {
            "year_quarter": 20072,
            "year": 2007,
            "quarter": 2,
            "eps": null,
            "eps_growth_year": null,
            "eps_4q": null,
            "eps_4q_growth_year": null,
            "roe": null,
            "roe_4q": 0,
            "gross_profit": null,
            "gross_margin": null,
            "gross_margin_4q_avg": 0,
            "net_income": null,
            "net_income_4q": null,
            "revenue": null,
            "revenue_4q": null,
            "common_shares": null,
            "book_valuer_per_share": null,
            "book_valuer_per_share_4q_avg": 0,
            "equity": null,
            "current_ratio": null,
            "debt_ratio": null,
            "inventory_turnover_ratio": null,
            "account_receivable_turnover_ratio": null,
            "reinvestment_rate": null,
            "research_to_sale_ratio": null,
            "price_fair": 0,
            "eps_avg_yearly": 0,
            "eps_latest_yearly": 0,
            "eps_growth_yearly": 0
        },
        "20073": {
            "year_quarter": 20073,
            "year": 2007,
            "quarter": 3,
            "eps": null,
            "eps_growth_year": null,
            "eps_4q": null,
            "eps_4q_growth_year": null,
            "roe": null,
            "roe_4q": 0,
            "gross_profit": null,
            "gross_margin": null,
            "gross_margin_4q_avg": 0,
            "net_income": null,
            "net_income_4q": null,
            "revenue": null,
            "revenue_4q": null,
            "common_shares": null,
            "book_valuer_per_share": null,
            "book_valuer_per_share_4q_avg": 0,
            "equity": null,
            "current_ratio": null,
            "debt_ratio": null,
            "inventory_turnover_ratio": null,
            "account_receivable_turnover_ratio": null,
            "reinvestment_rate": null,
            "research_to_sale_ratio": null,
            "price_fair": 0,
            "eps_avg_yearly": 0,
            "eps_latest_yearly": 0,
            "eps_growth_yearly": 0
        },
        "20074": {
            "year_quarter": 20074,
            "year": 2007,
            "quarter": 4,
            "eps": null,
            "eps_growth_year": null,
            "eps_4q": null,
            "eps_4q_growth_year": null,
            "roe": null,
            "roe_4q": 0,
            "gross_profit": null,
            "gross_margin": null,
            "gross_margin_4q_avg": 0,
            "net_income": null,
            "net_income_4q": null,
            "revenue": null,
            "revenue_4q": null,
            "common_shares": null,
            "book_valuer_per_share": null,
            "book_valuer_per_share_4q_avg": 0,
            "equity": null,
            "current_ratio": null,
            "debt_ratio": null,
            "inventory_turnover_ratio": null,
            "account_receivable_turnover_ratio": null,
            "reinvestment_rate": null,
            "research_to_sale_ratio": null,
            "price_fair": 0,
            "eps_avg_yearly": 0,
            "eps_latest_yearly": 0,
            "eps_growth_yearly": 0
        },
        "20081": {
            "year_quarter": 20081,
            "year": 2008,
            "quarter": 1,
            "eps": null,
            "eps_growth_year": null,
            "eps_4q": null,
            "eps_4q_growth_year": null,
            "roe": null,
            "roe_4q": 0,
            "gross_profit": null,
            "gross_margin": null,
            "gross_margin_4q_avg": 0,
            "net_income": null,
            "net_income_4q": null,
            "revenue": null,
            "revenue_4q": null,
            "common_shares": null,
            "book_valuer_per_share": null,
            "book_valuer_per_share_4q_avg": 0,
            "equity": null,
            "current_ratio": null,
            "debt_ratio": null,
            "inventory_turnover_ratio": null,
            "account_receivable_turnover_ratio": null,
            "reinvestment_rate": null,
            "research_to_sale_ratio": null,
            "price_fair": 0,
            "eps_avg_yearly": 0,
            "eps_latest_yearly": 0,
            "eps_growth_yearly": 0
        },
        "20082": {
            "year_quarter": 20082,
            "year": 2008,
            "quarter": 2,
            "eps": null,
            "eps_growth_year": null,
            "eps_4q": null,
            "eps_4q_growth_year": null,
            "roe": null,
            "roe_4q": 0,
            "gross_profit": null,
            "gross_margin": null,
            "gross_margin_4q_avg": 0,
            "net_income": null,
            "net_income_4q": null,
            "revenue": null,
            "revenue_4q": null,
            "common_shares": null,
            "book_valuer_per_share": null,
            "book_valuer_per_share_4q_avg": 0,
            "equity": null,
            "current_ratio": null,
            "debt_ratio": null,
            "inventory_turnover_ratio": null,
            "account_receivable_turnover_ratio": null,
            "reinvestment_rate": null,
            "research_to_sale_ratio": null,
            "price_fair": 0,
            "eps_avg_yearly": 0,
            "eps_latest_yearly": 0,
            "eps_growth_yearly": 0
        },
        "20083": {
            "year_quarter": 20083,
            "year": 2008,
            "quarter": 3,
            "eps": null,
            "eps_growth_year": null,
            "eps_4q": null,
            "eps_4q_growth_year": null,
            "roe": null,
            "roe_4q": 0,
            "gross_profit": null,
            "gross_margin": null,
            "gross_margin_4q_avg": 0,
            "net_income": null,
            "net_income_4q": null,
            "revenue": null,
            "revenue_4q": null,
            "common_shares": null,
            "book_valuer_per_share": null,
            "book_valuer_per_share_4q_avg": 0,
            "equity": null,
            "current_ratio": null,
            "debt_ratio": null,
            "inventory_turnover_ratio": null,
            "account_receivable_turnover_ratio": null,
            "reinvestment_rate": null,
            "research_to_sale_ratio": null,
            "price_fair": 0,
            "eps_avg_yearly": 0,
            "eps_latest_yearly": 0,
            "eps_growth_yearly": 0
        },
        "20084": {
            "year_quarter": 20084,
            "year": 2008,
            "quarter": 4,
            "eps": null,
            "eps_growth_year": null,
            "eps_4q": null,
            "eps_4q_growth_year": null,
            "roe": null,
            "roe_4q": 0,
            "gross_profit": null,
            "gross_margin": null,
            "gross_margin_4q_avg": 0,
            "net_income": null,
            "net_income_4q": null,
            "revenue": null,
            "revenue_4q": null,
            "common_shares": 87770,
            "book_valuer_per_share": 11.3,
            "book_valuer_per_share_4q_avg": 2.83,
            "equity": 99172,
            "current_ratio": 215.42,
            "debt_ratio": 27.65,
            "inventory_turnover_ratio": null,
            "account_receivable_turnover_ratio": null,
            "reinvestment_rate": null,
            "research_to_sale_ratio": null,
            "price_fair": 0,
            "eps_avg_yearly": 0,
            "eps_latest_yearly": 0,
            "eps_growth_yearly": 0
        },
        "20091": {
            "year_quarter": 20091,
            "year": 2009,
            "quarter": 1,
            "eps": null,
            "eps_growth_year": null,
            "eps_4q": null,
            "eps_4q_growth_year": null,
            "roe": null,
            "roe_4q": 0,
            "gross_profit": null,
            "gross_margin": null,
            "gross_margin_4q_avg": 0,
            "net_income": null,
            "net_income_4q": null,
            "revenue": null,
            "revenue_4q": null,
            "common_shares": null,
            "book_valuer_per_share": null,
            "book_valuer_per_share_4q_avg": 2.83,
            "equity": null,
            "current_ratio": null,
            "debt_ratio": null,
            "inventory_turnover_ratio": null,
            "account_receivable_turnover_ratio": null,
            "reinvestment_rate": null,
            "research_to_sale_ratio": null,
            "price_fair": 0,
            "eps_avg_yearly": 0,
            "eps_latest_yearly": 0,
            "eps_growth_yearly": 0
        },
        "20092": {
            "year_quarter": 20092,
            "year": 2009,
            "quarter": 2,
            "eps": null,
            "eps_growth_year": null,
            "eps_4q": null,
            "eps_4q_growth_year": null,
            "roe": null,
            "roe_4q": 0,
            "gross_profit": null,
            "gross_margin": null,
            "gross_margin_4q_avg": 0,
            "net_income": null,
            "net_income_4q": null,
            "revenue": null,
            "revenue_4q": null,
            "common_shares": null,
            "book_valuer_per_share": null,
            "book_valuer_per_share_4q_avg": 2.83,
            "equity": null,
            "current_ratio": null,
            "debt_ratio": null,
            "inventory_turnover_ratio": null,
            "account_receivable_turnover_ratio": null,
            "reinvestment_rate": null,
            "research_to_sale_ratio": null,
            "price_fair": 0,
            "eps_avg_yearly": 0,
            "eps_latest_yearly": 0,
            "eps_growth_yearly": 0
        },
        "20093": {
            "year_quarter": 20093,
            "year": 2009,
            "quarter": 3,
            "eps": null,
            "eps_growth_year": null,
            "eps_4q": null,
            "eps_4q_growth_year": null,
            "roe": null,
            "roe_4q": 0,
            "gross_profit": null,
            "gross_margin": null,
            "gross_margin_4q_avg": 0,
            "net_income": null,
            "net_income_4q": null,
            "revenue": null,
            "revenue_4q": null,
            "common_shares": null,
            "book_valuer_per_share": null,
            "book_valuer_per_share_4q_avg": 2.83,
            "equity": null,
            "current_ratio": null,
            "debt_ratio": null,
            "inventory_turnover_ratio": null,
            "account_receivable_turnover_ratio": null,
            "reinvestment_rate": null,
            "research_to_sale_ratio": null,
            "price_fair": 0,
            "eps_avg_yearly": 0,
            "eps_latest_yearly": 0,
            "eps_growth_yearly": 0
        },
        "20094": {
            "year_quarter": 20094,
            "year": 2009,
            "quarter": 4,
            "eps": null,
            "eps_growth_year": null,
            "eps_4q": null,
            "eps_4q_growth_year": null,
            "roe": null,
            "roe_4q": 0,
            "gross_profit": null,
            "gross_margin": null,
            "gross_margin_4q_avg": 0,
            "net_income": null,
            "net_income_4q": null,
            "revenue": null,
            "revenue_4q": null,
            "common_shares": 87770,
            "book_valuer_per_share": 12.38,
            "book_valuer_per_share_4q_avg": 3.1,
            "equity": 108646,
            "current_ratio": 253.72,
            "debt_ratio": 30.37,
            "inventory_turnover_ratio": null,
            "account_receivable_turnover_ratio": null,
            "reinvestment_rate": null,
            "research_to_sale_ratio": null,
            "price_fair": 0,
            "eps_avg_yearly": 0,
            "eps_latest_yearly": 0,
            "eps_growth_yearly": 0
        },
        "20101": {
            "year_quarter": 20101,
            "year": 2010,
            "quarter": 1,
            "eps": null,
            "eps_growth_year": null,
            "eps_4q": null,
            "eps_4q_growth_year": null,
            "roe": null,
            "roe_4q": 0,
            "gross_profit": null,
            "gross_margin": null,
            "gross_margin_4q_avg": 0,
            "net_income": null,
            "net_income_4q": null,
            "revenue": null,
            "revenue_4q": null,
            "common_shares": null,
            "book_valuer_per_share": null,
            "book_valuer_per_share_4q_avg": 3.1,
            "equity": null,
            "current_ratio": null,
            "debt_ratio": null,
            "inventory_turnover_ratio": null,
            "account_receivable_turnover_ratio": null,
            "reinvestment_rate": null,
            "research_to_sale_ratio": null,
            "price_fair": 0,
            "eps_avg_yearly": 0,
            "eps_latest_yearly": 0,
            "eps_growth_yearly": 0
        },
        "20102": {
            "year_quarter": 20102,
            "year": 2010,
            "quarter": 2,
            "eps": null,
            "eps_growth_year": null,
            "eps_4q": null,
            "eps_4q_growth_year": null,
            "roe": null,
            "roe_4q": 0,
            "gross_profit": null,
            "gross_margin": null,
            "gross_margin_4q_avg": 0,
            "net_income": null,
            "net_income_4q": null,
            "revenue": null,
            "revenue_4q": null,
            "common_shares": null,
            "book_valuer_per_share": null,
            "book_valuer_per_share_4q_avg": 3.1,
            "equity": null,
            "current_ratio": null,
            "debt_ratio": null,
            "inventory_turnover_ratio": null,
            "account_receivable_turnover_ratio": null,
            "reinvestment_rate": null,
            "research_to_sale_ratio": null,
            "price_fair": 0,
            "eps_avg_yearly": 0,
            "eps_latest_yearly": 0,
            "eps_growth_yearly": 0
        },
        "20103": {
            "year_quarter": 20103,
            "year": 2010,
            "quarter": 3,
            "eps": null,
            "eps_growth_year": null,
            "eps_4q": null,
            "eps_4q_growth_year": null,
            "roe": null,
            "roe_4q": 0,
            "gross_profit": null,
            "gross_margin": null,
            "gross_margin_4q_avg": 0,
            "net_income": null,
            "net_income_4q": null,
            "revenue": null,
            "revenue_4q": null,
            "common_shares": null,
            "book_valuer_per_share": null,
            "book_valuer_per_share_4q_avg": 3.1,
            "equity": null,
            "current_ratio": null,
            "debt_ratio": null,
            "inventory_turnover_ratio": null,
            "account_receivable_turnover_ratio": null,
            "reinvestment_rate": null,
            "research_to_sale_ratio": null,
            "price_fair": 0,
            "eps_avg_yearly": 0,
            "eps_latest_yearly": 0,
            "eps_growth_yearly": 0
        },
        "20104": {
            "year_quarter": 20104,
            "year": 2010,
            "quarter": 4,
            "eps": null,
            "eps_growth_year": null,
            "eps_4q": null,
            "eps_4q_growth_year": null,
            "roe": null,
            "roe_4q": 0,
            "gross_profit": null,
            "gross_margin": null,
            "gross_margin_4q_avg": 0,
            "net_income": null,
            "net_income_4q": null,
            "revenue": null,
            "revenue_4q": null,
            "common_shares": 222000,
            "book_valuer_per_share": 18.03,
            "book_valuer_per_share_4q_avg": 4.51,
            "equity": 400223,
            "current_ratio": 268.01,
            "debt_ratio": 32.19,
            "inventory_turnover_ratio": null,
            "account_receivable_turnover_ratio": null,
            "reinvestment_rate": null,
            "research_to_sale_ratio": null,
            "price_fair": 0,
            "eps_avg_yearly": 0,
            "eps_latest_yearly": 0,
            "eps_growth_yearly": 0
        },
        "20111": {
            "year_quarter": 20111,
            "year": 2011,
            "quarter": 1,
            "eps": null,
            "eps_growth_year": null,
            "eps_4q": null,
            "eps_4q_growth_year": null,
            "roe": null,
            "roe_4q": 0,
            "gross_profit": null,
            "gross_margin": null,
            "gross_margin_4q_avg": 0,
            "net_income": null,
            "net_income_4q": null,
            "revenue": null,
            "revenue_4q": null,
            "common_shares": null,
            "book_valuer_per_share": null,
            "book_valuer_per_share_4q_avg": 4.51,
            "equity": null,
            "current_ratio": null,
            "debt_ratio": null,
            "inventory_turnover_ratio": null,
            "account_receivable_turnover_ratio": null,
            "reinvestment_rate": null,
            "research_to_sale_ratio": null,
            "price_fair": 0,
            "eps_avg_yearly": 0,
            "eps_latest_yearly": 0,
            "eps_growth_yearly": 0
        },
        "20112": {
            "year_quarter": 20112,
            "year": 2011,
            "quarter": 2,
            "eps": null,
            "eps_growth_year": null,
            "eps_4q": null,
            "eps_4q_growth_year": null,
            "roe": null,
            "roe_4q": 0,
            "gross_profit": null,
            "gross_margin": null,
            "gross_margin_4q_avg": 0,
            "net_income": null,
            "net_income_4q": null,
            "revenue": null,
            "revenue_4q": null,
            "common_shares": 222000,
            "book_valuer_per_share": null,
            "book_valuer_per_share_4q_avg": 4.51,
            "equity": 463737,
            "current_ratio": null,
            "debt_ratio": null,
            "inventory_turnover_ratio": null,
            "account_receivable_turnover_ratio": null,
            "reinvestment_rate": null,
            "research_to_sale_ratio": null,
            "price_fair": 0,
            "eps_avg_yearly": 0,
            "eps_latest_yearly": 0,
            "eps_growth_yearly": 0
        },
        "20113": {
            "year_quarter": 20113,
            "year": 2011,
            "quarter": 3,
            "eps": null,
            "eps_growth_year": null,
            "eps_4q": null,
            "eps_4q_growth_year": null,
            "roe": null,
            "roe_4q": 0,
            "gross_profit": null,
            "gross_margin": null,
            "gross_margin_4q_avg": 0,
            "net_income": null,
            "net_income_4q": null,
            "revenue": null,
            "revenue_4q": null,
            "common_shares": null,
            "book_valuer_per_share": null,
            "book_valuer_per_share_4q_avg": 4.51,
            "equity": null,
            "current_ratio": null,
            "debt_ratio": null,
            "inventory_turnover_ratio": null,
            "account_receivable_turnover_ratio": null,
            "reinvestment_rate": null,
            "research_to_sale_ratio": null,
            "price_fair": 0,
            "eps_avg_yearly": 0,
            "eps_latest_yearly": 0,
            "eps_growth_yearly": 0
        },
        "20114": {
            "year_quarter": 20114,
            "year": 2011,
            "quarter": 4,
            "eps": null,
            "eps_growth_year": null,
            "eps_4q": null,
            "eps_4q_growth_year": null,
            "roe": null,
            "roe_4q": 0,
            "gross_profit": null,
            "gross_margin": null,
            "gross_margin_4q_avg": 0,
            "net_income": null,
            "net_income_4q": null,
            "revenue": null,
            "revenue_4q": null,
            "common_shares": 261960,
            "book_valuer_per_share": 22.39,
            "book_valuer_per_share_4q_avg": 5.6,
            "equity": 586546,
            "current_ratio": 145.74,
            "debt_ratio": 63.2,
            "inventory_turnover_ratio": null,
            "account_receivable_turnover_ratio": null,
            "reinvestment_rate": null,
            "research_to_sale_ratio": null,
            "price_fair": 0,
            "eps_avg_yearly": 0,
            "eps_latest_yearly": 0,
            "eps_growth_yearly": 0
        },
        "20121": {
            "year_quarter": 20121,
            "year": 2012,
            "quarter": 1,
            "eps": null,
            "eps_growth_year": null,
            "eps_4q": null,
            "eps_4q_growth_year": null,
            "roe": null,
            "roe_4q": 0,
            "gross_profit": null,
            "gross_margin": null,
            "gross_margin_4q_avg": 0,
            "net_income": null,
            "net_income_4q": null,
            "revenue": null,
            "revenue_4q": null,
            "common_shares": null,
            "book_valuer_per_share": null,
            "book_valuer_per_share_4q_avg": 5.6,
            "equity": null,
            "current_ratio": null,
            "debt_ratio": null,
            "inventory_turnover_ratio": null,
            "account_receivable_turnover_ratio": null,
            "reinvestment_rate": null,
            "research_to_sale_ratio": null,
            "price_fair": 0,
            "eps_avg_yearly": 0,
            "eps_latest_yearly": 0,
            "eps_growth_yearly": 0
        },
        "20122": {
            "year_quarter": 20122,
            "year": 2012,
            "quarter": 2,
            "eps": null,
            "eps_growth_year": null,
            "eps_4q": null,
            "eps_4q_growth_year": null,
            "roe": null,
            "roe_4q": 0,
            "gross_profit": 163565,
            "gross_margin": null,
            "gross_margin_4q_avg": 0,
            "net_income": 99827,
            "net_income_4q": null,
            "revenue": 462488,
            "revenue_4q": null,
            "common_shares": 261960,
            "book_valuer_per_share": 0,
            "book_valuer_per_share_4q_avg": 5.6,
            "equity": 744533,
            "current_ratio": 131.65,
            "debt_ratio": 61.04,
            "inventory_turnover_ratio": null,
            "account_receivable_turnover_ratio": null,
            "reinvestment_rate": null,
            "research_to_sale_ratio": null,
            "price_fair": 0,
            "eps_avg_yearly": 0,
            "eps_latest_yearly": 0,
            "eps_growth_yearly": 0
        },
        "20123": {
            "year_quarter": 20123,
            "year": 2012,
            "quarter": 3,
            "eps": null,
            "eps_growth_year": null,
            "eps_4q": null,
            "eps_4q_growth_year": null,
            "roe": null,
            "roe_4q": 0,
            "gross_profit": 186672,
            "gross_margin": null,
            "gross_margin_4q_avg": 0,
            "net_income": 118020,
            "net_income_4q": null,
            "revenue": 506009,
            "revenue_4q": null,
            "common_shares": 392940,
            "book_valuer_per_share": null,
            "book_valuer_per_share_4q_avg": 5.6,
            "equity": 856426,
            "current_ratio": null,
            "debt_ratio": null,
            "inventory_turnover_ratio": null,
            "account_receivable_turnover_ratio": null,
            "reinvestment_rate": null,
            "research_to_sale_ratio": null,
            "price_fair": 0,
            "eps_avg_yearly": 0,
            "eps_latest_yearly": 0,
            "eps_growth_yearly": 0
        },
        "20124": {
            "year_quarter": 20124,
            "year": 2012,
            "quarter": 4,
            "eps": null,
            "eps_growth_year": null,
            "eps_4q": null,
            "eps_4q_growth_year": null,
            "roe": null,
            "roe_4q": 0,
            "gross_profit": 187200,
            "gross_margin": null,
            "gross_margin_4q_avg": 0,
            "net_income": 117011,
            "net_income_4q": null,
            "revenue": 543280,
            "revenue_4q": null,
            "common_shares": 415000,
            "book_valuer_per_share": 29.4,
            "book_valuer_per_share_4q_avg": 7.35,
            "equity": 1220233,
            "current_ratio": 165.86,
            "debt_ratio": 46.86,
            "inventory_turnover_ratio": null,
            "account_receivable_turnover_ratio": null,
            "reinvestment_rate": null,
            "research_to_sale_ratio": null,
            "price_fair": 0,
            "eps_avg_yearly": 0,
            "eps_latest_yearly": 0,
            "eps_growth_yearly": 0
        },
        "20131": {
            "year_quarter": 20131,
            "year": 2013,
            "quarter": 1,
            "eps": null,
            "eps_growth_year": null,
            "eps_4q": null,
            "eps_4q_growth_year": null,
            "roe": null,
            "roe_4q": 0,
            "gross_profit": 158213,
            "gross_margin": null,
            "gross_margin_4q_avg": 0,
            "net_income": 104691,
            "net_income_4q": null,
            "revenue": 483544,
            "revenue_4q": null,
            "common_shares": 415000,
            "book_valuer_per_share": 32.03,
            "book_valuer_per_share_4q_avg": 15.36,
            "equity": 1329315,
            "current_ratio": 165.35,
            "debt_ratio": 42.39,
            "inventory_turnover_ratio": null,
            "account_receivable_turnover_ratio": null,
            "reinvestment_rate": null,
            "research_to_sale_ratio": null,
            "price_fair": 0,
            "eps_avg_yearly": 0,
            "eps_latest_yearly": 0,
            "eps_growth_yearly": 0
        },
        "20132": {
            "year_quarter": 20132,
            "year": 2013,
            "quarter": 2,
            "eps": 1.03,
            "eps_growth_year": null,
            "eps_4q": 1.03,
            "eps_4q_growth_year": null,
            "roe": 4.64,
            "roe_4q": 4.64,
            "gross_profit": 131043,
            "gross_margin": 29.65,
            "gross_margin_4q_avg": 7.41,
            "net_income": 61732,
            "net_income_4q": null,
            "revenue": 441969,
            "revenue_4q": null,
            "common_shares": 415000,
            "book_valuer_per_share": 32.15,
            "book_valuer_per_share_4q_avg": 23.4,
            "equity": 1334187,
            "current_ratio": 165.18,
            "debt_ratio": 41.53,
            "inventory_turnover_ratio": 9.53,
            "account_receivable_turnover_ratio": 1.57,
            "reinvestment_rate": null,
            "research_to_sale_ratio": 1.2,
            "price_fair": 0,
            "eps_avg_yearly": 0,
            "eps_latest_yearly": 0,
            "eps_growth_yearly": 0
        },
        "20133": {
            "year_quarter": 20133,
            "year": 2013,
            "quarter": 3,
            "eps": 2.08,
            "eps_growth_year": null,
            "eps_4q": 3.11,
            "eps_4q_growth_year": null,
            "roe": 8.98,
            "roe_4q": 13.620000000000001,
            "gross_profit": 202961,
            "gross_margin": 35.78,
            "gross_margin_4q_avg": 16.36,
            "net_income": 125326,
            "net_income_4q": null,
            "revenue": 567295,
            "revenue_4q": null,
            "common_shares": 601750,
            "book_valuer_per_share": 24.19,
            "book_valuer_per_share_4q_avg": 29.44,
            "equity": 1455701,
            "current_ratio": 213.53,
            "debt_ratio": 35.46,
            "inventory_turnover_ratio": 12.07,
            "account_receivable_turnover_ratio": 0.93,
            "reinvestment_rate": null,
            "research_to_sale_ratio": 1.07,
            "price_fair": 291.2,
            "eps_avg_yearly": 8.32,
            "eps_latest_yearly": 8.32,
            "eps_growth_yearly": 407.77
        },
        "20134": {
            "year_quarter": 20134,
            "year": 2013,
            "quarter": 4,
            "eps": 1.32,
            "eps_growth_year": null,
            "eps_4q": 4.16,
            "eps_4q_growth_year": null,
            "roe": 5.23,
            "roe_4q": 18.85,
            "gross_profit": 155713,
            "gross_margin": 29.92,
            "gross_margin_4q_avg": 23.84,
            "net_income": 86568,
            "net_income_4q": null,
            "revenue": 520419,
            "revenue_4q": null,
            "common_shares": 658000,
            "book_valuer_per_share": 28.22,
            "book_valuer_per_share_4q_avg": 29.15,
            "equity": 1857167,
            "current_ratio": 269.18,
            "debt_ratio": 31.37,
            "inventory_turnover_ratio": 14.06,
            "account_receivable_turnover_ratio": 0.79,
            "reinvestment_rate": null,
            "research_to_sale_ratio": 2.83,
            "price_fair": 238,
            "eps_avg_yearly": 6.8,
            "eps_latest_yearly": 5.28,
            "eps_growth_yearly": 130.81
        },
        "20141": {
            "year_quarter": 20141,
            "year": 2014,
            "quarter": 1,
            "eps": 1.16,
            "eps_growth_year": null,
            "eps_4q": 5.32,
            "eps_4q_growth_year": null,
            "roe": 4.04,
            "roe_4q": 22.89,
            "gross_profit": 132743,
            "gross_margin": 28.93,
            "gross_margin_4q_avg": 31.07,
            "net_income": 76553,
            "net_income_4q": null,
            "revenue": 458765,
            "revenue_4q": null,
            "common_shares": 658000,
            "book_valuer_per_share": 29.33,
            "book_valuer_per_share_4q_avg": 28.47,
            "equity": 1930040,
            "current_ratio": 267.77,
            "debt_ratio": 31.19,
            "inventory_turnover_ratio": 12.18,
            "account_receivable_turnover_ratio": 0.73,
            "reinvestment_rate": null,
            "research_to_sale_ratio": 1.94,
            "price_fair": 212.8,
            "eps_avg_yearly": 6.08,
            "eps_latest_yearly": 4.64,
            "eps_growth_yearly": 71.04
        },
        "20142": {
            "year_quarter": 20142,
            "year": 2014,
            "quarter": 2,
            "eps": 1.67,
            "eps_growth_year": 62.14,
            "eps_4q": 6.05,
            "eps_4q_growth_year": 489.89,
            "roe": 5.83,
            "roe_4q": 24.080000000000002,
            "gross_profit": 194241,
            "gross_margin": 36.48,
            "gross_margin_4q_avg": 32.78,
            "net_income": 109747,
            "net_income_4q": null,
            "revenue": 532495,
            "revenue_4q": null,
            "common_shares": 658000,
            "book_valuer_per_share": 27.89,
            "book_valuer_per_share_4q_avg": 27.41,
            "equity": 1835029,
            "current_ratio": 216.3,
            "debt_ratio": 35.83,
            "inventory_turnover_ratio": 14.02,
            "account_receivable_turnover_ratio": 0.83,
            "reinvestment_rate": null,
            "research_to_sale_ratio": 1.31,
            "price_fair": 218.05,
            "eps_avg_yearly": 6.23,
            "eps_latest_yearly": 6.68,
            "eps_growth_yearly": 97.25
        },
        "20143": {
            "year_quarter": 20143,
            "year": 2014,
            "quarter": 3,
            "eps": 1.66,
            "eps_growth_year": -20.19,
            "eps_4q": 5.81,
            "eps_4q_growth_year": 86.95,
            "roe": 5.78,
            "roe_4q": 20.88,
            "gross_profit": 163285,
            "gross_margin": 33.45,
            "gross_margin_4q_avg": 32.2,
            "net_income": 109532,
            "net_income_4q": null,
            "revenue": 488113,
            "revenue_4q": null,
            "common_shares": 658000,
            "book_valuer_per_share": 29.71,
            "book_valuer_per_share_4q_avg": 28.79,
            "equity": 1954871,
            "current_ratio": 290.45,
            "debt_ratio": 28.92,
            "inventory_turnover_ratio": 17.71,
            "account_receivable_turnover_ratio": 0.72,
            "reinvestment_rate": null,
            "research_to_sale_ratio": 1.76,
            "price_fair": 220.92,
            "eps_avg_yearly": 6.31,
            "eps_latest_yearly": 6.64,
            "eps_growth_yearly": 77.32
        },
        "20144": {
            "year_quarter": 20144,
            "year": 2014,
            "quarter": 4,
            "eps": 1.05,
            "eps_growth_year": -20.51,
            "eps_4q": 5.54,
            "eps_4q_growth_year": 33.26,
            "roe": 3.45,
            "roe_4q": 19.1,
            "gross_profit": 120709,
            "gross_margin": 28.4,
            "gross_margin_4q_avg": 31.82,
            "net_income": 68812,
            "net_income_4q": null,
            "revenue": 424962,
            "revenue_4q": null,
            "common_shares": 658000,
            "book_valuer_per_share": 30.94,
            "book_valuer_per_share_4q_avg": 29.47,
            "equity": 2035702,
            "current_ratio": 275.73,
            "debt_ratio": 28.36,
            "inventory_turnover_ratio": 15.48,
            "account_receivable_turnover_ratio": 0.68,
            "reinvestment_rate": null,
            "research_to_sale_ratio": 2.03,
            "price_fair": 208.6,
            "eps_avg_yearly": 5.96,
            "eps_latest_yearly": 4.2,
            "eps_growth_yearly": 39.93
        },
        "20151": {
            "year_quarter": 20151,
            "year": 2015,
            "quarter": 1,
            "eps": 0.22,
            "eps_growth_year": -81.03,
            "eps_4q": 4.6,
            "eps_4q_growth_year": -13.66,
            "roe": 0.7,
            "roe_4q": 15.76,
            "gross_profit": 62031,
            "gross_margin": 20.46,
            "gross_margin_4q_avg": 29.7,
            "net_income": 14265,
            "net_income_4q": null,
            "revenue": 303162,
            "revenue_4q": null,
            "common_shares": 658000,
            "book_valuer_per_share": 31.1,
            "book_valuer_per_share_4q_avg": 29.91,
            "equity": 2046130,
            "current_ratio": 304.65,
            "debt_ratio": 37.02,
            "inventory_turnover_ratio": 13.63,
            "account_receivable_turnover_ratio": 0.62,
            "reinvestment_rate": null,
            "research_to_sale_ratio": 2.47,
            "price_fair": 15.7,
            "eps_avg_yearly": 5.23,
            "eps_latest_yearly": 0.88,
            "eps_growth_yearly": -10.94
        },
        "20152": {
            "year_quarter": 20152,
            "year": 2015,
            "quarter": 2,
            "eps": 0.12,
            "eps_growth_year": -92.81,
            "eps_4q": 3.05,
            "eps_4q_growth_year": -49.64,
            "roe": 0.4,
            "roe_4q": 10.330000000000002,
            "gross_profit": 64432,
            "gross_margin": 19.84,
            "gross_margin_4q_avg": 25.54,
            "net_income": 7925,
            "net_income_4q": null,
            "revenue": 324812,
            "revenue_4q": null,
            "common_shares": 658000,
            "book_valuer_per_share": 29.15,
            "book_valuer_per_share_4q_avg": 30.23,
            "equity": 1917854,
            "current_ratio": 235.37,
            "debt_ratio": 40.32,
            "inventory_turnover_ratio": 18.23,
            "account_receivable_turnover_ratio": 0.81,
            "reinvestment_rate": null,
            "research_to_sale_ratio": 2.28,
            "price_fair": 13.92,
            "eps_avg_yearly": 4.64,
            "eps_latest_yearly": 0.48,
            "eps_growth_yearly": -32.3
        },
        "20153": {
            "year_quarter": 20153,
            "year": 2015,
            "quarter": 3,
            "eps": 0.49,
            "eps_growth_year": -70.48,
            "eps_4q": 1.88,
            "eps_4q_growth_year": -67.72,
            "roe": 1.67,
            "roe_4q": 6.22,
            "gross_profit": 57436,
            "gross_margin": 17.08,
            "gross_margin_4q_avg": 21.45,
            "net_income": 32438,
            "net_income_4q": null,
            "revenue": 336313,
            "revenue_4q": null,
            "common_shares": 658000,
            "book_valuer_per_share": 29.84,
            "book_valuer_per_share_4q_avg": 30.26,
            "equity": 1963751,
            "current_ratio": 258.21,
            "debt_ratio": 38.22,
            "inventory_turnover_ratio": 20.48,
            "account_receivable_turnover_ratio": 0.76,
            "reinvestment_rate": null,
            "research_to_sale_ratio": 2.56,
            "price_fair": 151.98,
            "eps_avg_yearly": 4.34,
            "eps_latest_yearly": 1.96,
            "eps_growth_yearly": 108.33
        },
        "20154": {
            "year_quarter": 20154,
            "year": 2015,
            "quarter": 4,
            "eps": -0.67,
            "eps_growth_year": -164.27,
            "eps_4q": 0.16,
            "eps_4q_growth_year": -97.15,
            "roe": -2.29,
            "roe_4q": 0.47999999999999987,
            "gross_profit": 63209,
            "gross_margin": 22.32,
            "gross_margin_4q_avg": 19.93,
            "net_income": -44228,
            "net_income_4q": null,
            "revenue": 283218,
            "revenue_4q": null,
            "common_shares": 658000,
            "book_valuer_per_share": 28.74,
            "book_valuer_per_share_4q_avg": 29.71,
            "equity": 1890949,
            "current_ratio": 351.5,
            "debt_ratio": 35.6,
            "inventory_turnover_ratio": 19.35,
            "account_receivable_turnover_ratio": 0.69,
            "reinvestment_rate": null,
            "research_to_sale_ratio": 6.1,
            "price_fair": 151.98,
            "eps_avg_yearly": 4.34,
            "eps_latest_yearly": 1.96,
            "eps_growth_yearly": 108.33
        },
        "20161": {
            "year_quarter": 20161,
            "year": 2016,
            "quarter": 1,
            "eps": -0.29,
            "eps_growth_year": -231.82,
            "eps_4q": -0.35,
            "eps_4q_growth_year": -107.59,
            "roe": -1.01,
            "roe_4q": -1.23,
            "gross_profit": 16383,
            "gross_margin": 9.04,
            "gross_margin_4q_avg": 17.07,
            "net_income": -19073,
            "net_income_4q": null,
            "revenue": 181273,
            "revenue_4q": null,
            "common_shares": 658000,
            "book_valuer_per_share": 28.45,
            "book_valuer_per_share_4q_avg": 29.05,
            "equity": 1871876,
            "current_ratio": 378.77,
            "debt_ratio": 34.74,
            "inventory_turnover_ratio": 17.91,
            "account_receivable_turnover_ratio": 0.56,
            "reinvestment_rate": 174.95,
            "research_to_sale_ratio": 4.95,
            "price_fair": 151.98,
            "eps_avg_yearly": 4.34,
            "eps_latest_yearly": 1.96,
            "eps_growth_yearly": 108.33
        },
        "20162": {
            "year_quarter": 20162,
            "year": 2016,
            "quarter": 2,
            "eps": -0.21,
            "eps_growth_year": -275,
            "eps_4q": -0.68,
            "eps_4q_growth_year": -122.31,
            "roe": -0.74,
            "roe_4q": -2.37,
            "gross_profit": 17370,
            "gross_margin": 7.44,
            "gross_margin_4q_avg": 13.97,
            "net_income": -13881,
            "net_income_4q": null,
            "revenue": 233603,
            "revenue_4q": null,
            "common_shares": 658000,
            "book_valuer_per_share": 28.24,
            "book_valuer_per_share_4q_avg": 28.82,
            "equity": 1857995,
            "current_ratio": 354.05,
            "debt_ratio": 34.98,
            "inventory_turnover_ratio": 27.01,
            "account_receivable_turnover_ratio": 0.82,
            "reinvestment_rate": 71.83,
            "research_to_sale_ratio": 5.56,
            "price_fair": 151.98,
            "eps_avg_yearly": 4.34,
            "eps_latest_yearly": 1.96,
            "eps_growth_yearly": 108.33
        },
        "20163": {
            "year_quarter": 20163,
            "year": 2016,
            "quarter": 3,
            "eps": -0.15,
            "eps_growth_year": -130.61,
            "eps_4q": -1.33,
            "eps_4q_growth_year": -170.71,
            "roe": -0.55,
            "roe_4q": -4.59,
            "gross_profit": 26665,
            "gross_margin": 12.51,
            "gross_margin_4q_avg": 12.83,
            "net_income": -10104,
            "net_income_4q": null,
            "revenue": 213217,
            "revenue_4q": null,
            "common_shares": 658000,
            "book_valuer_per_share": 28.08,
            "book_valuer_per_share_4q_avg": 28.38,
            "equity": 1847891,
            "current_ratio": 369.77,
            "debt_ratio": 34.27,
            "inventory_turnover_ratio": 24.81,
            "account_receivable_turnover_ratio": 0.78,
            "reinvestment_rate": 80.39,
            "research_to_sale_ratio": 3.82,
            "price_fair": 151.98,
            "eps_avg_yearly": 4.34,
            "eps_latest_yearly": 1.96,
            "eps_growth_yearly": 108.33
        },
        "20164": {
            "year_quarter": 20164,
            "year": 2016,
            "quarter": 4,
            "eps": 0.7,
            "eps_growth_year": null,
            "eps_4q": 0.04,
            "eps_4q_growth_year": -72.04,
            "roe": 2.46,
            "roe_4q": 0.15999999999999992,
            "gross_profit": 64214,
            "gross_margin": 28.57,
            "gross_margin_4q_avg": 14.39,
            "net_income": 45966,
            "net_income_4q": null,
            "revenue": 224760,
            "revenue_4q": null,
            "common_shares": 658000,
            "book_valuer_per_share": 28.78,
            "book_valuer_per_share_4q_avg": 28.39,
            "equity": 1893857,
            "current_ratio": 360.8,
            "debt_ratio": 34.13,
            "inventory_turnover_ratio": 22.2,
            "account_receivable_turnover_ratio": 0.86,
            "reinvestment_rate": 56.46,
            "research_to_sale_ratio": 3.56,
            "price_fair": 151.98,
            "eps_avg_yearly": 4.34,
            "eps_latest_yearly": 1.96,
            "eps_growth_yearly": 108.33
        },
        "20171": {
            "year_quarter": 20171,
            "year": 2017,
            "quarter": 1,
            "eps": -0.56,
            "eps_growth_year": null,
            "eps_4q": -0.22,
            "eps_4q_growth_year": null,
            "roe": -1.95,
            "roe_4q": -0.78,
            "gross_profit": 13224,
            "gross_margin": 8.15,
            "gross_margin_4q_avg": 14.17,
            "net_income": -36570,
            "net_income_4q": null,
            "revenue": 162249,
            "revenue_4q": null,
            "common_shares": 658000,
            "book_valuer_per_share": 28.23,
            "book_valuer_per_share_4q_avg": 28.33,
            "equity": 1857287,
            "current_ratio": 424.98,
            "debt_ratio": 32.37,
            "inventory_turnover_ratio": 19.6,
            "account_receivable_turnover_ratio": 0.72,
            "reinvestment_rate": 82.16,
            "research_to_sale_ratio": 7.15,
            "price_fair": 151.98,
            "eps_avg_yearly": 4.34,
            "eps_latest_yearly": 1.96,
            "eps_growth_yearly": 108.33
        },
        "20172": {
            "year_quarter": 20172,
            "year": 2017,
            "quarter": 2,
            "eps": 0.28,
            "eps_growth_year": null,
            "eps_4q": 0.27,
            "eps_4q_growth_year": null,
            "roe": 0.99,
            "roe_4q": 0.95,
            "gross_profit": 46797,
            "gross_margin": 22.19,
            "gross_margin_4q_avg": 17.86,
            "net_income": 18347,
            "net_income_4q": null,
            "revenue": 210871,
            "revenue_4q": null,
            "common_shares": 658000,
            "book_valuer_per_share": 28.31,
            "book_valuer_per_share_4q_avg": 28.35,
            "equity": 1862474,
            "current_ratio": 344.33,
            "debt_ratio": 33.66,
            "inventory_turnover_ratio": 18.71,
            "account_receivable_turnover_ratio": 0.98,
            "reinvestment_rate": 79.92,
            "research_to_sale_ratio": 4.86,
            "price_fair": 151.98,
            "eps_avg_yearly": 4.34,
            "eps_latest_yearly": 1.96,
            "eps_growth_yearly": 108.33
        },
        "20173": {
            "year_quarter": 20173,
            "year": 2017,
            "quarter": 3,
            "eps": 0.31,
            "eps_growth_year": null,
            "eps_4q": 0.73,
            "eps_4q_growth_year": null,
            "roe": 1.08,
            "roe_4q": 2.58,
            "gross_profit": 56056,
            "gross_margin": 23.72,
            "gross_margin_4q_avg": 20.66,
            "net_income": 20314,
            "net_income_4q": null,
            "revenue": 236358,
            "revenue_4q": null,
            "common_shares": 658000,
            "book_valuer_per_share": 28.61,
            "book_valuer_per_share_4q_avg": 28.48,
            "equity": 1882788,
            "current_ratio": 375,
            "debt_ratio": 32.33,
            "inventory_turnover_ratio": 19.65,
            "account_receivable_turnover_ratio": 0.9,
            "reinvestment_rate": 89.13,
            "research_to_sale_ratio": 4.19,
            "price_fair": 124.44,
            "eps_avg_yearly": 3.56,
            "eps_latest_yearly": 1.24,
            "eps_growth_yearly": 67.78
        },
        "20174": {
            "year_quarter": 20174,
            "year": 2017,
            "quarter": 4,
            "eps": 0.29,
            "eps_growth_year": -59.12,
            "eps_4q": 0.32,
            "eps_4q_growth_year": 618.04,
            "roe": 0.99,
            "roe_4q": 1.1100000000000005,
            "gross_profit": 63320,
            "gross_margin": 25.31,
            "gross_margin_4q_avg": 19.84,
            "net_income": 18790,
            "net_income_4q": null,
            "revenue": 250216,
            "revenue_4q": null,
            "common_shares": 658000,
            "book_valuer_per_share": 28.9,
            "book_valuer_per_share_4q_avg": 28.51,
            "equity": 1901578,
            "current_ratio": 333.89,
            "debt_ratio": 33.06,
            "inventory_turnover_ratio": 18.26,
            "account_receivable_turnover_ratio": 0.87,
            "reinvestment_rate": 95.86,
            "research_to_sale_ratio": 4.06,
            "price_fair": 108.42,
            "eps_avg_yearly": 3.1,
            "eps_latest_yearly": 1.16,
            "eps_growth_yearly": 81.15
        },
        "20181": {
            "year_quarter": 20181,
            "year": 2018,
            "quarter": 1,
            "eps": -0.1,
            "eps_growth_year": null,
            "eps_4q": 0.77,
            "eps_4q_growth_year": null,
            "roe": -0.36,
            "roe_4q": 2.7,
            "gross_profit": 32128,
            "gross_margin": 14.86,
            "gross_margin_4q_avg": 21.52,
            "net_income": -6867,
            "net_income_4q": null,
            "revenue": 216154,
            "revenue_4q": null,
            "common_shares": 658000,
            "book_valuer_per_share": 28.8,
            "book_valuer_per_share_4q_avg": 28.66,
            "equity": 1894711,
            "current_ratio": 359.08,
            "debt_ratio": 31.7,
            "inventory_turnover_ratio": 17.64,
            "account_receivable_turnover_ratio": 0.76,
            "reinvestment_rate": 95.03,
            "research_to_sale_ratio": 5.48,
            "price_fair": 101.68,
            "eps_avg_yearly": 2.91,
            "eps_latest_yearly": 1.16,
            "eps_growth_yearly": 97.36
        },
        "20182": {
            "year_quarter": 20182,
            "year": 2018,
            "quarter": 2,
            "eps": 0.28,
            "eps_growth_year": 0,
            "eps_4q": 0.77,
            "eps_4q_growth_year": 186.72,
            "roe": 0.97,
            "roe_4q": 2.68,
            "gross_profit": 36967,
            "gross_margin": 18.24,
            "gross_margin_4q_avg": 20.53,
            "net_income": 18338,
            "net_income_4q": null,
            "revenue": 202708,
            "revenue_4q": null,
            "common_shares": 658000,
            "book_valuer_per_share": 28.57,
            "book_valuer_per_share_4q_avg": 28.72,
            "equity": 1880149,
            "current_ratio": 324.39,
            "debt_ratio": 32.43,
            "inventory_turnover_ratio": 18.83,
            "account_receivable_turnover_ratio": 0.75,
            "reinvestment_rate": 131.57,
            "research_to_sale_ratio": 6.87,
            "price_fair": 82.8,
            "eps_avg_yearly": 2.37,
            "eps_latest_yearly": 1.16,
            "eps_growth_yearly": 86.14
        },
        "20183": {
            "year_quarter": 20183,
            "year": 2018,
            "quarter": 3,
            "eps": -0.1,
            "eps_growth_year": -132.26,
            "eps_4q": 0.36,
            "eps_4q_growth_year": -50.48,
            "roe": -0.34,
            "roe_4q": 1.2599999999999998,
            "gross_profit": 25550,
            "gross_margin": 14.82,
            "gross_margin_4q_avg": 18.31,
            "net_income": -6463,
            "net_income_4q": null,
            "revenue": 172437,
            "revenue_4q": null,
            "common_shares": 658000,
            "book_valuer_per_share": 28.48,
            "book_valuer_per_share_4q_avg": 28.69,
            "equity": 1873686,
            "current_ratio": 390.58,
            "debt_ratio": 30.36,
            "inventory_turnover_ratio": 18.01,
            "account_receivable_turnover_ratio": 0.73,
            "reinvestment_rate": 248.6,
            "research_to_sale_ratio": 7.81,
            "price_fair": 57.87,
            "eps_avg_yearly": 1.65,
            "eps_latest_yearly": 1.16,
            "eps_growth_yearly": 100.9
        },
        "20184": {
            "year_quarter": 20184,
            "year": 2018,
            "quarter": 4,
            "eps": 0.01,
            "eps_growth_year": -96.83,
            "eps_4q": 0.09,
            "eps_4q_growth_year": -73.16,
            "roe": 0.03,
            "roe_4q": 0.29999999999999993,
            "gross_profit": 32450,
            "gross_margin": 17.2,
            "gross_margin_4q_avg": 16.28,
            "net_income": 596,
            "net_income_4q": null,
            "revenue": 188646,
            "revenue_4q": null,
            "common_shares": 658000,
            "book_valuer_per_share": 28.48,
            "book_valuer_per_share_4q_avg": 28.58,
            "equity": 1874282,
            "current_ratio": 395.09,
            "debt_ratio": 29.94,
            "inventory_turnover_ratio": 20.33,
            "account_receivable_turnover_ratio": 0.84,
            "reinvestment_rate": 667.73,
            "research_to_sale_ratio": 5.69,
            "price_fair": 40.04,
            "eps_avg_yearly": 1.14,
            "eps_latest_yearly": 1.16,
            "eps_growth_yearly": 150.48
        },
        "20191": {
            "year_quarter": 20191,
            "year": 2019,
            "quarter": 1,
            "eps": -0.27,
            "eps_growth_year": null,
            "eps_4q": -0.08,
            "eps_4q_growth_year": -110.01,
            "roe": -0.94,
            "roe_4q": -0.28,
            "gross_profit": 4769,
            "gross_margin": 4.27,
            "gross_margin_4q_avg": 13.63,
            "net_income": -17534,
            "net_income_4q": null,
            "revenue": 111654,
            "revenue_4q": null,
            "common_shares": 658000,
            "book_valuer_per_share": 28.22,
            "book_valuer_per_share_4q_avg": 28.44,
            "equity": 1856748,
            "current_ratio": 784.72,
            "debt_ratio": 28.81,
            "inventory_turnover_ratio": 12.54,
            "account_receivable_turnover_ratio": 0.57,
            "reinvestment_rate": -13451.4,
            "research_to_sale_ratio": 10.9,
            "price_fair": 42.35,
            "eps_avg_yearly": 1.21,
            "eps_latest_yearly": 1.16,
            "eps_growth_yearly": 267.14
        },
        "20192": {
            "year_quarter": 20192,
            "year": 2019,
            "quarter": 2,
            "eps": 0.11,
            "eps_growth_year": -60.71,
            "eps_4q": -0.25,
            "eps_4q_growth_year": -132.35,
            "roe": 0.38,
            "roe_4q": -0.8699999999999999,
            "gross_profit": 29350,
            "gross_margin": 18.16,
            "gross_margin_4q_avg": 13.61,
            "net_income": 7038,
            "net_income_4q": null,
            "revenue": 161593,
            "revenue_4q": null,
            "common_shares": 658000,
            "book_valuer_per_share": 27.83,
            "book_valuer_per_share_4q_avg": 28.25,
            "equity": 1830886,
            "current_ratio": 692.43,
            "debt_ratio": 29.49,
            "inventory_turnover_ratio": 14.8,
            "account_receivable_turnover_ratio": 0.9,
            "reinvestment_rate": -15304.46,
            "research_to_sale_ratio": 6.91,
            "price_fair": 50.87,
            "eps_avg_yearly": 1.45,
            "eps_latest_yearly": 1.16,
            "eps_growth_yearly": 416.79
        },
        "20193": {
            "year_quarter": 20193,
            "year": 2019,
            "quarter": 3,
            "eps": 0.17,
            "eps_growth_year": null,
            "eps_4q": 0.02,
            "eps_4q_growth_year": -94.45,
            "roe": 0.61,
            "roe_4q": 0.08000000000000004,
            "gross_profit": 39952,
            "gross_margin": 24.22,
            "gross_margin_4q_avg": 15.96,
            "net_income": 11221,
            "net_income_4q": null,
            "revenue": 164946,
            "revenue_4q": null,
            "common_shares": 658000,
            "book_valuer_per_share": 28,
            "book_valuer_per_share_4q_avg": 28.13,
            "equity": 1842107,
            "current_ratio": 783.48,
            "debt_ratio": 28.02,
            "inventory_turnover_ratio": 15.66,
            "account_receivable_turnover_ratio": 0.77,
            "reinvestment_rate": null,
            "research_to_sale_ratio": 8.53,
            "price_fair": 35.93,
            "eps_avg_yearly": 1.03,
            "eps_latest_yearly": 0.68,
            "eps_growth_yearly": 78.41
        },
        "20194": {
            "year_quarter": 20194,
            "year": 2019,
            "quarter": 4,
            "eps": -0,
            "eps_growth_year": -154.03,
            "eps_4q": 0.01,
            "eps_4q_growth_year": -92.81,
            "roe": -0.02,
            "roe_4q": 0.030000000000000027,
            "gross_profit": 38205,
            "gross_margin": 24.02,
            "gross_margin_4q_avg": 17.67,
            "net_income": -322,
            "net_income_4q": null,
            "revenue": 159044,
            "revenue_4q": null,
            "common_shares": 658000,
            "book_valuer_per_share": 27.99,
            "book_valuer_per_share_4q_avg": 28.01,
            "equity": 1841785,
            "current_ratio": 907.49,
            "debt_ratio": 26.71,
            "inventory_turnover_ratio": 15.12,
            "account_receivable_turnover_ratio": 0.73,
            "reinvestment_rate": -3370.56,
            "research_to_sale_ratio": 10.79,
            "price_fair": 35.93,
            "eps_avg_yearly": 1.03,
            "eps_latest_yearly": 0.68,
            "eps_growth_yearly": 78.41
        },
        "20201": {
            "year_quarter": 20201,
            "year": 2020,
            "quarter": 1,
            "eps": -0.36,
            "eps_growth_year": null,
            "eps_4q": -0.09,
            "eps_4q_growth_year": null,
            "roe": -1.29,
            "roe_4q": -0.32000000000000006,
            "gross_profit": -2617,
            "gross_margin": -2.96,
            "gross_margin_4q_avg": 15.86,
            "net_income": -23629,
            "net_income_4q": null,
            "revenue": 88426,
            "revenue_4q": null,
            "common_shares": 658000,
            "book_valuer_per_share": 27.63,
            "book_valuer_per_share_4q_avg": 27.86,
            "equity": 1818156,
            "current_ratio": 1039.16,
            "debt_ratio": 25.63,
            "inventory_turnover_ratio": 12.55,
            "account_receivable_turnover_ratio": 0.53,
            "reinvestment_rate": -3990.94,
            "research_to_sale_ratio": 15.66,
            "price_fair": 35.93,
            "eps_avg_yearly": 1.03,
            "eps_latest_yearly": 0.68,
            "eps_growth_yearly": 78.41
        },
        "20202": {
            "year_quarter": 20202,
            "year": 2020,
            "quarter": 2,
            "eps": 1.25,
            "eps_growth_year": 1036.36,
            "eps_4q": 1.05,
            "eps_4q_growth_year": null,
            "roe": 4.45,
            "roe_4q": 3.75,
            "gross_profit": 20086,
            "gross_margin": 15.41,
            "gross_margin_4q_avg": 15.17,
            "net_income": 81993,
            "net_income_4q": null,
            "revenue": 130345,
            "revenue_4q": null,
            "common_shares": 658000,
            "book_valuer_per_share": 28.38,
            "book_valuer_per_share_4q_avg": 28,
            "equity": 1867249,
            "current_ratio": 758.75,
            "debt_ratio": 14.2,
            "inventory_turnover_ratio": 20.58,
            "account_receivable_turnover_ratio": 0.91,
            "reinvestment_rate": -825.06,
            "research_to_sale_ratio": 15.98,
            "price_fair": 35.93,
            "eps_avg_yearly": 1.03,
            "eps_latest_yearly": 0.68,
            "eps_growth_yearly": 78.41
        },
        "20203": {
            "year_quarter": 20203,
            "year": 2020,
            "quarter": 3,
            "eps": 0.93,
            "eps_growth_year": 447.06,
            "eps_4q": 1.81,
            "eps_4q_growth_year": 8901.96,
            "roe": 3.21,
            "roe_4q": 6.3500000000000005,
            "gross_profit": 14036,
            "gross_margin": 12.15,
            "gross_margin_4q_avg": 12.16,
            "net_income": 60874,
            "net_income_4q": null,
            "revenue": 115552,
            "revenue_4q": null,
            "common_shares": 658000,
            "book_valuer_per_share": 29.3,
            "book_valuer_per_share_4q_avg": 28.33,
            "equity": 1928123,
            "current_ratio": 1003.64,
            "debt_ratio": 12.01,
            "inventory_turnover_ratio": 24.59,
            "account_receivable_turnover_ratio": 0.72,
            "reinvestment_rate": -515.2,
            "research_to_sale_ratio": 11.84,
            "price_fair": 59.5,
            "eps_avg_yearly": 1.7,
            "eps_latest_yearly": 3.72,
            "eps_growth_yearly": 33.21
        },
        "20204": {
            "year_quarter": 20204,
            "year": 2020,
            "quarter": 4,
            "eps": -0.49,
            "eps_growth_year": null,
            "eps_4q": 1.32,
            "eps_4q_growth_year": 21527.69,
            "roe": -1.68,
            "roe_4q": 4.69,
            "gross_profit": 15956,
            "gross_margin": 14.86,
            "gross_margin_4q_avg": 9.87,
            "net_income": -32073,
            "net_income_4q": null,
            "revenue": 107411,
            "revenue_4q": null,
            "common_shares": 658000,
            "book_valuer_per_share": 28.82,
            "book_valuer_per_share_4q_avg": 28.53,
            "equity": 1896050,
            "current_ratio": 956.49,
            "debt_ratio": 12.21,
            "inventory_turnover_ratio": 25.01,
            "account_receivable_turnover_ratio": 0.73,
            "reinvestment_rate": -868.78,
            "research_to_sale_ratio": 14.38,
            "price_fair": 59.5,
            "eps_avg_yearly": 1.7,
            "eps_latest_yearly": 3.72,
            "eps_growth_yearly": 33.21
        },
        "20211": {
            "year_quarter": 20211,
            "year": 2021,
            "quarter": 1,
            "eps": 0.88,
            "eps_growth_year": null,
            "eps_4q": 2.56,
            "eps_4q_growth_year": null,
            "roe": 2.98,
            "roe_4q": 8.96,
            "gross_profit": 8894,
            "gross_margin": 9.08,
            "gross_margin_4q_avg": 12.88,
            "net_income": 57824,
            "net_income_4q": null,
            "revenue": 97940,
            "revenue_4q": null,
            "common_shares": 658000,
            "book_valuer_per_share": 30.18,
            "book_valuer_per_share_4q_avg": 29.17,
            "equity": 1986107,
            "current_ratio": 293.81,
            "debt_ratio": 16.26,
            "inventory_turnover_ratio": 33.68,
            "account_receivable_turnover_ratio": 0.72,
            "reinvestment_rate": -467.33,
            "research_to_sale_ratio": 14.33,
            "price_fair": 59.5,
            "eps_avg_yearly": 1.7,
            "eps_latest_yearly": 3.72,
            "eps_growth_yearly": 33.21
        },
        "20212": {
            "year_quarter": 20212,
            "year": 2021,
            "quarter": 2,
            "eps": 0.13,
            "eps_growth_year": -89.6,
            "eps_4q": 1.45,
            "eps_4q_growth_year": 37.39,
            "roe": 0.32,
            "roe_4q": 4.83,
            "gross_profit": 40648,
            "gross_margin": 29.3,
            "gross_margin_4q_avg": 16.35,
            "net_income": 8537,
            "net_income_4q": null,
            "revenue": 138742,
            "revenue_4q": null,
            "common_shares": 658000,
            "book_valuer_per_share": 52.12,
            "book_valuer_per_share_4q_avg": 35.11,
            "equity": 3429809,
            "current_ratio": 315.75,
            "debt_ratio": 13.7,
            "inventory_turnover_ratio": 35.5,
            "account_receivable_turnover_ratio": 0.89,
            "reinvestment_rate": -482.89,
            "research_to_sale_ratio": 10.3,
            "price_fair": 4.39,
            "eps_avg_yearly": 1.46,
            "eps_latest_yearly": 0.52,
            "eps_growth_yearly": -41.62
        },
        "20213": {
            "year_quarter": 20213,
            "year": 2021,
            "quarter": 3,
            "eps": 0.17,
            "eps_growth_year": -81.72,
            "eps_4q": 0.69,
            "eps_4q_growth_year": -61.78,
            "roe": 0.36,
            "roe_4q": 1.9800000000000002,
            "gross_profit": 55024,
            "gross_margin": 34.09,
            "gross_margin_4q_avg": 21.83,
            "net_income": 11162,
            "net_income_4q": null,
            "revenue": 161424,
            "revenue_4q": null,
            "common_shares": 658000,
            "book_valuer_per_share": 43.34,
            "book_valuer_per_share_4q_avg": 38.62,
            "equity": 2851757,
            "current_ratio": 808.52,
            "debt_ratio": 12.35,
            "inventory_turnover_ratio": 28.27,
            "account_receivable_turnover_ratio": 0.84,
            "reinvestment_rate": -496.53,
            "research_to_sale_ratio": 8.69,
            "price_fair": 4.06,
            "eps_avg_yearly": 1.35,
            "eps_latest_yearly": 0.68,
            "eps_growth_yearly": -25.57
        },
        "20214": {
            "year_quarter": 20214,
            "year": 2021,
            "quarter": 4,
            "eps": 0.34,
            "eps_growth_year": null,
            "eps_4q": 1.51,
            "eps_4q_growth_year": 14.25,
            "roe": 0.78,
            "roe_4q": 4.44,
            "gross_profit": 38839,
            "gross_margin": 27.29,
            "gross_margin_4q_avg": 24.94,
            "net_income": 22066,
            "net_income_4q": null,
            "revenue": 142307,
            "revenue_4q": null,
            "common_shares": 658000,
            "book_valuer_per_share": 42.47,
            "book_valuer_per_share_4q_avg": 42.03,
            "equity": 2794691,
            "current_ratio": 691.96,
            "debt_ratio": 13.01,
            "inventory_turnover_ratio": 22.88,
            "account_receivable_turnover_ratio": 0.71,
            "reinvestment_rate": -474.95,
            "research_to_sale_ratio": 9.9,
            "price_fair": 48.72,
            "eps_avg_yearly": 1.39,
            "eps_latest_yearly": 1.36,
            "eps_growth_yearly": 59.59
        },
        "20221": {
            "year_quarter": 20221,
            "year": 2022,
            "quarter": 1,
            "eps": 0.53,
            "eps_growth_year": -39.77,
            "eps_4q": 1.16,
            "eps_4q_growth_year": -54.72,
            "roe": 1.24,
            "roe_4q": 2.6999999999999997,
            "gross_profit": 35088,
            "gross_margin": 25.81,
            "gross_margin_4q_avg": 29.12,
            "net_income": 34591,
            "net_income_4q": null,
            "revenue": 135942,
            "revenue_4q": null,
            "common_shares": 658000,
            "book_valuer_per_share": 42.29,
            "book_valuer_per_share_4q_avg": 45.06,
            "equity": 2782817,
            "current_ratio": 729.62,
            "debt_ratio": 11.33,
            "inventory_turnover_ratio": 23.21,
            "account_receivable_turnover_ratio": 0.72,
            "reinvestment_rate": -400.42,
            "research_to_sale_ratio": 10.48,
            "price_fair": 52.97,
            "eps_avg_yearly": 1.51,
            "eps_latest_yearly": 2.12,
            "eps_growth_yearly": 86.91
        },
        "20222": {
            "year_quarter": 20222,
            "year": 2022,
            "quarter": 2,
            "eps": -0.29,
            "eps_growth_year": -323.08,
            "eps_4q": 0.74,
            "eps_4q_growth_year": -48.5,
            "roe": -0.7,
            "roe_4q": 1.6800000000000002,
            "gross_profit": 13914,
            "gross_margin": 14.05,
            "gross_margin_4q_avg": 25.31,
            "net_income": -18815,
            "net_income_4q": null,
            "revenue": 99018,
            "revenue_4q": null,
            "common_shares": 658000,
            "book_valuer_per_share": 39.12,
            "book_valuer_per_share_4q_avg": 41.81,
            "equity": 2574272,
            "current_ratio": 727.43,
            "debt_ratio": 13.2,
            "inventory_turnover_ratio": 18.93,
            "account_receivable_turnover_ratio": 0.61,
            "reinvestment_rate": -464.75,
            "research_to_sale_ratio": 14.89,
            "price_fair": 52.97,
            "eps_avg_yearly": 1.51,
            "eps_latest_yearly": 2.12,
            "eps_growth_yearly": 86.91
        },
        "20223": {
            "year_quarter": 20223,
            "year": 2022,
            "quarter": 3,
            "eps": 0.46,
            "eps_growth_year": 170.59,
            "eps_4q": 1.03,
            "eps_4q_growth_year": 49.3,
            "roe": 1.16,
            "roe_4q": 2.48,
            "gross_profit": -7668,
            "gross_margin": -11.18,
            "gross_margin_4q_avg": 13.99,
            "net_income": 30014,
            "net_income_4q": null,
            "revenue": 68602,
            "revenue_4q": null,
            "common_shares": 658000,
            "book_valuer_per_share": 39.55,
            "book_valuer_per_share_4q_avg": 40.86,
            "equity": 2602430,
            "current_ratio": 1485.73,
            "debt_ratio": 8.44,
            "inventory_turnover_ratio": 16.32,
            "account_receivable_turnover_ratio": 0.59,
            "reinvestment_rate": -389.54,
            "research_to_sale_ratio": 24.52,
            "price_fair": 52.97,
            "eps_avg_yearly": 1.51,
            "eps_latest_yearly": 2.12,
            "eps_growth_yearly": 86.91
        },
        "20224": {
            "year_quarter": 20224,
            "year": 2022,
            "quarter": 4,
            "eps": -0.63,
            "eps_growth_year": -287.33,
            "eps_4q": 0.07,
            "eps_4q_growth_year": -95.53,
            "roe": -1.6,
            "roe_4q": 0.09999999999999987,
            "gross_profit": 5435,
            "gross_margin": 7.61,
            "gross_margin_4q_avg": 9.07,
            "net_income": -41336,
            "net_income_4q": null,
            "revenue": 71396,
            "revenue_4q": null,
            "common_shares": 658000,
            "book_valuer_per_share": 38.92,
            "book_valuer_per_share_4q_avg": 39.97,
            "equity": 2561094,
            "current_ratio": 1297.21,
            "debt_ratio": 7.54,
            "inventory_turnover_ratio": 15.18,
            "account_receivable_turnover_ratio": 0.75,
            "reinvestment_rate": -384.75,
            "research_to_sale_ratio": 21.21,
            "price_fair": 52.97,
            "eps_avg_yearly": 1.51,
            "eps_latest_yearly": 2.12,
            "eps_growth_yearly": 86.91
        },
        "20231": {
            "year_quarter": 20231,
            "year": 2023,
            "quarter": 1,
            "eps": -0.28,
            "eps_growth_year": -152.83,
            "eps_4q": -0.74,
            "eps_4q_growth_year": -163.63,
            "roe": -0.72,
            "roe_4q": -1.8600000000000003,
            "gross_profit": 3761,
            "gross_margin": 5.94,
            "gross_margin_4q_avg": 4.11,
            "net_income": -18448,
            "net_income_4q": null,
            "revenue": 63267,
            "revenue_4q": null,
            "common_shares": 658000,
            "book_valuer_per_share": 38.58,
            "book_valuer_per_share_4q_avg": 39.04,
            "equity": 2538236,
            "current_ratio": 1748.77,
            "debt_ratio": 3.67,
            "inventory_turnover_ratio": 15.85,
            "account_receivable_turnover_ratio": 0.66,
            "reinvestment_rate": -29.2,
            "research_to_sale_ratio": 23.3,
            "price_fair": 52.97,
            "eps_avg_yearly": 1.51,
            "eps_latest_yearly": 2.12,
            "eps_growth_yearly": 86.91
        },
        "20232": {
            "year_quarter": 20232,
            "year": 2023,
            "quarter": 2,
            "eps": -0.16,
            "eps_growth_year": null,
            "eps_4q": -0.61,
            "eps_4q_growth_year": -182.33,
            "roe": -0.42,
            "roe_4q": -1.5800000000000003,
            "gross_profit": 1265,
            "gross_margin": 2.25,
            "gross_margin_4q_avg": 1.16,
            "net_income": -10575,
            "net_income_4q": null,
            "revenue": 56120,
            "revenue_4q": null,
            "common_shares": 658000,
            "book_valuer_per_share": 38.36,
            "book_valuer_per_share_4q_avg": 38.85,
            "equity": 2524100,
            "current_ratio": 2563.95,
            "debt_ratio": 2.34,
            "inventory_turnover_ratio": 16.21,
            "account_receivable_turnover_ratio": 0.66,
            "reinvestment_rate": -16.88,
            "research_to_sale_ratio": 28.23,
            "price_fair": 52.97,
            "eps_avg_yearly": 1.51,
            "eps_latest_yearly": 2.12,
            "eps_growth_yearly": 86.91
        },
        "20233": {
            "year_quarter": 20233,
            "year": 2023,
            "quarter": 3,
            "eps": -0.19,
            "eps_growth_year": -141.3,
            "eps_4q": -1.26,
            "eps_4q_growth_year": -221.9,
            "roe": -0.49,
            "roe_4q": -3.23,
            "gross_profit": -7707,
            "gross_margin": -16.6,
            "gross_margin_4q_avg": -0.2,
            "net_income": -12359,
            "net_income_4q": null,
            "revenue": 46427,
            "revenue_4q": null,
            "common_shares": 658000,
            "book_valuer_per_share": 38.31,
            "book_valuer_per_share_4q_avg": 38.54,
            "equity": 2520497,
            "current_ratio": 3003.29,
            "debt_ratio": 2.37,
            "inventory_turnover_ratio": 15.38,
            "account_receivable_turnover_ratio": 0.64,
            "reinvestment_rate": -4.49,
            "research_to_sale_ratio": 36.07,
            "price_fair": 58.8,
            "eps_avg_yearly": 1.68,
            "eps_latest_yearly": 2.12,
            "eps_growth_yearly": 60.66
        }
    },
    "months": {
        "2012-12": {
            "month": "2012-12",
            "price": "101.40",
            "revenue": 134879
        },
        "2013-01": {
            "month": "2013-01",
            "price": "94.25",
            "revenue": 171110
        },
        "2013-02": {
            "month": "2013-02",
            "price": "92.63",
            "revenue": 139593
        },
        "2013-03": {
            "month": "2013-03",
            "price": "109.14",
            "revenue": 172872
        },
        "2013-04": {
            "month": "2013-04",
            "price": "129.94",
            "revenue": 145852
        },
        "2013-05": {
            "month": "2013-05",
            "price": "131.39",
            "revenue": 133971
        },
        "2013-06": {
            "month": "2013-06",
            "price": "113.68",
            "revenue": 162526
        },
        "2013-07": {
            "month": "2013-07",
            "price": "82.81",
            "revenue": 181825
        },
        "2013-08": {
            "month": "2013-08",
            "price": "77.54",
            "revenue": 190141
        },
        "2013-09": {
            "month": "2013-09",
            "price": "75.34",
            "revenue": 195986
        },
        "2013-10": {
            "month": "2013-10",
            "price": "72.91",
            "revenue": 183146
        },
        "2013-11": {
            "month": "2013-11",
            "price": "60.50",
            "revenue": 160211
        },
        "2013-12": {
            "month": "2013-12",
            "price": "67.29",
            "revenue": 177107
        },
        "2014-01": {
            "month": "2014-01",
            "price": "75.56",
            "revenue": 126352
        },
        "2014-02": {
            "month": "2014-02",
            "price": "69.30",
            "revenue": 150428
        },
        "2014-03": {
            "month": "2014-03",
            "price": "70.80",
            "revenue": 181904
        },
        "2014-04": {
            "month": "2014-04",
            "price": "71.67",
            "revenue": 186841
        },
        "2014-05": {
            "month": "2014-05",
            "price": "68.38",
            "revenue": 168623
        },
        "2014-06": {
            "month": "2014-06",
            "price": "71.79",
            "revenue": 177202
        },
        "2014-07": {
            "month": "2014-07",
            "price": "70.72",
            "revenue": 156488
        },
        "2014-08": {
            "month": "2014-08",
            "price": "68.44",
            "revenue": 162107
        },
        "2014-09": {
            "month": "2014-09",
            "price": "66.96",
            "revenue": 169605
        },
        "2014-10": {
            "month": "2014-10",
            "price": "55.43",
            "revenue": 161622
        },
        "2014-11": {
            "month": "2014-11",
            "price": "52.51",
            "revenue": 134416
        },
        "2014-12": {
            "month": "2014-12",
            "price": "52.74",
            "revenue": 129121
        },
        "2015-01": {
            "month": "2015-01",
            "price": "52.37",
            "revenue": 112540
        },
        "2015-02": {
            "month": "2015-02",
            "price": "50.88",
            "revenue": 73873
        },
        "2015-03": {
            "month": "2015-03",
            "price": "48.38",
            "revenue": 116771
        },
        "2015-04": {
            "month": "2015-04",
            "price": "41.53",
            "revenue": 114551
        },
        "2015-05": {
            "month": "2015-05",
            "price": "33.91",
            "revenue": 106511
        },
        "2015-06": {
            "month": "2015-06",
            "price": "27.62",
            "revenue": 103873
        },
        "2015-07": {
            "month": "2015-07",
            "price": "24.32",
            "revenue": 102605
        },
        "2015-08": {
            "month": "2015-08",
            "price": "18.98",
            "revenue": 106317
        },
        "2015-09": {
            "month": "2015-09",
            "price": "19.51",
            "revenue": 126982
        },
        "2015-10": {
            "month": "2015-10",
            "price": "23.10",
            "revenue": 108216
        },
        "2015-11": {
            "month": "2015-11",
            "price": "23.70",
            "revenue": 99244
        },
        "2015-12": {
            "month": "2015-12",
            "price": "21.10",
            "revenue": 74928
        },
        "2016-01": {
            "month": "2016-01",
            "price": "17.59",
            "revenue": 63283
        },
        "2016-02": {
            "month": "2016-02",
            "price": "18.30",
            "revenue": 59287
        },
        "2016-03": {
            "month": "2016-03",
            "price": "18.96",
            "revenue": 58702
        },
        "2016-04": {
            "month": "2016-04",
            "price": "16.83",
            "revenue": 63905
        },
        "2016-05": {
            "month": "2016-05",
            "price": "14.53",
            "revenue": 82585
        },
        "2016-06": {
            "month": "2016-06",
            "price": "14.78",
            "revenue": 87113
        },
        "2016-07": {
            "month": "2016-07",
            "price": "17.25",
            "revenue": 72061
        },
        "2016-08": {
            "month": "2016-08",
            "price": "17.97",
            "revenue": 90833
        },
        "2016-09": {
            "month": "2016-09",
            "price": "17.07",
            "revenue": 50323
        },
        "2016-10": {
            "month": "2016-10",
            "price": "15.66",
            "revenue": 66784
        },
        "2016-11": {
            "month": "2016-11",
            "price": "14.83",
            "revenue": 84766
        },
        "2016-12": {
            "month": "2016-12",
            "price": "16.00",
            "revenue": 73211
        },
        "2017-01": {
            "month": "2017-01",
            "price": "15.87",
            "revenue": 52477
        },
        "2017-02": {
            "month": "2017-02",
            "price": "17.88",
            "revenue": 56536
        },
        "2017-03": {
            "month": "2017-03",
            "price": "17.92",
            "revenue": 53236
        },
        "2017-04": {
            "month": "2017-04",
            "price": "17.59",
            "revenue": 70997
        },
        "2017-05": {
            "month": "2017-05",
            "price": "16.98",
            "revenue": 65264
        },
        "2017-06": {
            "month": "2017-06",
            "price": "17.24",
            "revenue": 74611
        },
        "2017-07": {
            "month": "2017-07",
            "price": "17.08",
            "revenue": 78416
        },
        "2017-08": {
            "month": "2017-08",
            "price": "20.86",
            "revenue": 84889
        },
        "2017-09": {
            "month": "2017-09",
            "price": "26.28",
            "revenue": 73053
        },
        "2017-10": {
            "month": "2017-10",
            "price": "24.73",
            "revenue": 84591
        },
        "2017-11": {
            "month": "2017-11",
            "price": "24.28",
            "revenue": 87745
        },
        "2017-12": {
            "month": "2017-12",
            "price": "23.51",
            "revenue": 77881
        },
        "2018-01": {
            "month": "2018-01",
            "price": "24.81",
            "revenue": 82706
        },
        "2018-02": {
            "month": "2018-02",
            "price": "23.42",
            "revenue": 54125
        },
        "2018-03": {
            "month": "2018-03",
            "price": "23.85",
            "revenue": 79323
        },
        "2018-04": {
            "month": "2018-04",
            "price": "23.22",
            "revenue": 91803
        },
        "2018-05": {
            "month": "2018-05",
            "price": "22.77",
            "revenue": 60757
        },
        "2018-06": {
            "month": "2018-06",
            "price": "21.36",
            "revenue": 50147
        },
        "2018-07": {
            "month": "2018-07",
            "price": "18.24",
            "revenue": 69588
        },
        "2018-08": {
            "month": "2018-08",
            "price": "18.17",
            "revenue": 57842
        },
        "2018-09": {
            "month": "2018-09",
            "price": "16.21",
            "revenue": 45008
        },
        "2018-10": {
            "month": "2018-10",
            "price": "13.76",
            "revenue": 65571
        },
        "2018-11": {
            "month": "2018-11",
            "price": "13.37",
            "revenue": 63145
        },
        "2018-12": {
            "month": "2018-12",
            "price": "15.00",
            "revenue": 59930
        },
        "2019-01": {
            "month": "2019-01",
            "price": "13.68",
            "revenue": 36269
        },
        "2019-02": {
            "month": "2019-02",
            "price": "14.70",
            "revenue": 32894
        },
        "2019-03": {
            "month": "2019-03",
            "price": "14.95",
            "revenue": 42492
        },
        "2019-04": {
            "month": "2019-04",
            "price": "16.18",
            "revenue": 42324
        },
        "2019-05": {
            "month": "2019-05",
            "price": "14.40",
            "revenue": 55135
        },
        "2019-06": {
            "month": "2019-06",
            "price": "14.24",
            "revenue": 64133
        },
        "2019-07": {
            "month": "2019-07",
            "price": "13.94",
            "revenue": 52715
        },
        "2019-08": {
            "month": "2019-08",
            "price": "14.25",
            "revenue": 53976
        },
        "2019-09": {
            "month": "2019-09",
            "price": "15.17",
            "revenue": 58255
        },
        "2019-10": {
            "month": "2019-10",
            "price": "14.99",
            "revenue": 70467
        },
        "2019-11": {
            "month": "2019-11",
            "price": "15.06",
            "revenue": 54364
        },
        "2019-12": {
            "month": "2019-12",
            "price": "15.00",
            "revenue": 34213
        },
        "2020-01": {
            "month": "2020-01",
            "price": "14.77",
            "revenue": 24900
        },
        "2020-02": {
            "month": "2020-02",
            "price": "13.87",
            "revenue": 27723
        },
        "2020-03": {
            "month": "2020-03",
            "price": "12.14",
            "revenue": 35803
        },
        "2020-04": {
            "month": "2020-04",
            "price": "12.26",
            "revenue": 40877
        },
        "2020-05": {
            "month": "2020-05",
            "price": "14.72",
            "revenue": 43458
        },
        "2020-06": {
            "month": "2020-06",
            "price": "14.45",
            "revenue": 46010
        },
        "2020-07": {
            "month": "2020-07",
            "price": "16.03",
            "revenue": 38856
        },
        "2020-08": {
            "month": "2020-08",
            "price": "18.75",
            "revenue": 47514
        },
        "2020-09": {
            "month": "2020-09",
            "price": "19.58",
            "revenue": 29182
        },
        "2020-10": {
            "month": "2020-10",
            "price": "18.65",
            "revenue": 37985
        },
        "2020-11": {
            "month": "2020-11",
            "price": "18.49",
            "revenue": 35771
        },
        "2020-12": {
            "month": "2020-12",
            "price": "21.47",
            "revenue": 33655
        },
        "2021-01": {
            "month": "2021-01",
            "price": "20.97",
            "revenue": 25936
        },
        "2021-02": {
            "month": "2021-02",
            "price": "21.82",
            "revenue": 27326
        },
        "2021-03": {
            "month": "2021-03",
            "price": "22.27",
            "revenue": 44678
        },
        "2021-04": {
            "month": "2021-04",
            "price": "26.34",
            "revenue": 44178
        },
        "2021-05": {
            "month": "2021-05",
            "price": "26.10",
            "revenue": 46275
        },
        "2021-06": {
            "month": "2021-06",
            "price": "33.74",
            "revenue": 48289
        },
        "2021-07": {
            "month": "2021-07",
            "price": "39.73",
            "revenue": 51767
        },
        "2021-08": {
            "month": "2021-08",
            "price": "29.70",
            "revenue": 54193
        },
        "2021-09": {
            "month": "2021-09",
            "price": "26.52",
            "revenue": 55464
        },
        "2021-10": {
            "month": "2021-10",
            "price": "26.09",
            "revenue": 50635
        },
        "2021-11": {
            "month": "2021-11",
            "price": "28.92",
            "revenue": 42992
        },
        "2021-12": {
            "month": "2021-12",
            "price": "28.12",
            "revenue": 48680
        },
        "2022-01": {
            "month": "2022-01",
            "price": "27.48",
            "revenue": 47471
        },
        "2022-02": {
            "month": "2022-02",
            "price": "27.69",
            "revenue": 39956
        },
        "2022-03": {
            "month": "2022-03",
            "price": "27.13",
            "revenue": 48515
        },
        "2022-04": {
            "month": "2022-04",
            "price": "26.40",
            "revenue": 41382
        },
        "2022-05": {
            "month": "2022-05",
            "price": "24.32",
            "revenue": 32522
        },
        "2022-06": {
            "month": "2022-06",
            "price": "22.89",
            "revenue": 25113
        },
        "2022-07": {
            "month": "2022-07",
            "price": "20.19",
            "revenue": 23673
        },
        "2022-08": {
            "month": "2022-08",
            "price": "21.97",
            "revenue": 18034
        },
        "2022-09": {
            "month": "2022-09",
            "price": "21.03",
            "revenue": 26895
        },
        "2022-10": {
            "month": "2022-10",
            "price": "19.40",
            "revenue": 21626
        },
        "2022-11": {
            "month": "2022-11",
            "price": "20.19",
            "revenue": 24994
        },
        "2022-12": {
            "month": "2022-12",
            "price": "21.32",
            "revenue": 24777
        },
        "2023-01": {
            "month": "2023-01",
            "price": "21.66",
            "revenue": 13878
        },
        "2023-02": {
            "month": "2023-02",
            "price": "21.25",
            "revenue": 21938
        },
        "2023-03": {
            "month": "2023-03",
            "price": "21.90",
            "revenue": 27450
        },
        "2023-04": {
            "month": "2023-04",
            "price": "22.11",
            "revenue": 19355
        },
        "2023-05": {
            "month": "2023-05",
            "price": "22.73",
            "revenue": 18054
        },
        "2023-06": {
            "month": "2023-06",
            "price": "23.09",
            "revenue": 18712
        },
        "2023-07": {
            "month": "2023-07",
            "price": "23.83",
            "revenue": 17908
        },
        "2023-08": {
            "month": "2023-08",
            "price": "25.25",
            "revenue": 15741
        },
        "2023-09": {
            "month": "2023-09",
            "price": "26.12",
            "revenue": 12778
        },
        "2023-10": {
            "month": "2023-10",
            "price": "24.26",
            "revenue": 12721
        },
        "2023-11": {
            "month": "2023-11",
            "price": "23.58",
            "revenue": 12214
        },
        "2023-12": {
            "month": "2023-12",
            "price": "24.22",
            "revenue": 18268
        }
    }
}
