{
    "summary": {
        "stock_name": "旭隼",
        "stock_id": "6409",
        "category": "其他電子",
        "main_business": "UPS(Uninterruptible power system)<br>INVERTER/PV INVERTER / AVR / Electronic Components",
        "website_url": "http://www.voltronicpower.com",
        "ceo": "謝卓明",
        "pe_ratio": 35,
        "report_year_from": 2011,
        "report_year_to": 2023,
        "age": 12,
        "eps_negative_percentage": 0,
        "eps_growth_avg": {
            "last_all": 22.31,
            "last_2y": 30.06,
            "last_4y": 27.42,
            "last_8y": 22.31,
            "last_12y": null,
            "last_16y": null,
            "last_20y": null,
            "at_2006_last_3y": null,
            "at_2007_last_3y": null,
            "at_2008_last_3y": null,
            "at_2009_last_3y": null,
            "at_2010_last_3y": null,
            "at_2011_last_3y": null,
            "at_2012_last_3y": null,
            "at_2013_last_3y": null,
            "at_2014_last_3y": null,
            "at_2015_last_3y": null,
            "at_2016_last_3y": null,
            "at_2017_last_3y": 15.92,
            "at_2018_last_3y": 13.78,
            "at_2019_last_3y": 9.04,
            "at_2020_last_3y": 9.58,
            "at_2021_last_3y": 12.4,
            "at_2022_last_3y": 26.05,
            "at_2023_last_3y": 26.05,
            "at_2006_last_all": null,
            "at_2007_last_all": null,
            "at_2008_last_all": null,
            "at_2009_last_all": null,
            "at_2010_last_all": null,
            "at_2011_last_all": null,
            "at_2012_last_all": null,
            "at_2013_last_all": null,
            "at_2014_last_all": null,
            "at_2015_last_all": 37.22,
            "at_2016_last_all": 23.53,
            "at_2017_last_all": 15.92,
            "at_2018_last_all": 19.31,
            "at_2019_last_all": 18.43,
            "at_2020_last_all": 15.56,
            "at_2021_last_all": 14.16,
            "at_2022_last_all": 22.31,
            "at_2023_last_all": 22.31
        },
        "latest_eps": 53.31,
        "latest_price": 1850,
        "latest_roe": 59.77,
        "latest_gross_margin": 32.14,
        "latest_equity": 9230368,
        "latest_revenue": 4695501,
        "latest_gross_profit": 1509268,
        "latest_net_income": 745913,
        "latest_debt_ratio": 43.63,
        "latest_current_ratio": 183.01,
        "latest_account_receivable_turnover_ratio": 1.62,
        "latest_inventory_turnover_ratio": 1.63,
        "latest_reinvestment_rate": 19.53,
        "latest_research_to_sale_ratio": 5.11
    },
    "eps_dividends": {
        "2001": {
            "cash": 0,
            "stock": 0,
            "eps": 0
        },
        "2002": {
            "cash": 0,
            "stock": 0,
            "eps": 0
        },
        "2003": {
            "cash": 0,
            "stock": 0,
            "eps": 0
        },
        "2004": {
            "cash": 0,
            "stock": 0,
            "eps": 0
        },
        "2005": {
            "cash": 0,
            "stock": 0,
            "eps": 0
        },
        "2006": {
            "cash": 0,
            "stock": 0,
            "eps": 0
        },
        "2007": {
            "cash": 0,
            "stock": 0,
            "eps": 0
        },
        "2008": {
            "cash": 0,
            "stock": 0,
            "eps": 0
        },
        "2009": {
            "cash": 0,
            "stock": 0,
            "eps": 0
        },
        "2010": {
            "cash": 0,
            "stock": 0,
            "eps": 0
        },
        "2011": {
            "cash": 0,
            "stock": 0,
            "eps": 0
        },
        "2012": {
            "cash": 0,
            "stock": 0,
            "eps": 0
        },
        "2013": {
            "cash": 7,
            "stock": 0.5,
            "eps": 10.35
        },
        "2014": {
            "cash": 7.99,
            "stock": 0.55,
            "eps": 14.64
        },
        "2015": {
            "cash": 10.8,
            "stock": 0.5,
            "eps": 19.47
        },
        "2016": {
            "cash": 15,
            "stock": 0.5,
            "eps": 18.72
        },
        "2017": {
            "cash": 20,
            "stock": 0,
            "eps": 17.43
        },
        "2018": {
            "cash": 20,
            "stock": 0,
            "eps": 23.16
        },
        "2019": {
            "cash": 21,
            "stock": 0.5,
            "eps": 26.41
        },
        "2020": {
            "cash": 23.2,
            "stock": 0.5,
            "eps": 25.96
        },
        "2021": {
            "cash": 23.5,
            "stock": 0,
            "eps": 27.1
        },
        "2022": {
            "cash": 23.5,
            "stock": 0,
            "eps": 50.81
        },
        "2023": {
            "cash": 43.5,
            "stock": 0,
            "eps": 8.55
        }
    },
    "dividends": {
        "2013-03-26": {
            "cash": 7,
            "stock": 0.5
        },
        "2014-10-08": {
            "cash": 7.99,
            "stock": 0.55
        },
        "2015-10-16": {
            "cash": 10.8,
            "stock": 0.5
        },
        "2016-10-14": {
            "cash": 15,
            "stock": 0.5
        },
        "2017-08-18": {
            "cash": 20,
            "stock": 0
        },
        "2018-08-17": {
            "cash": 20,
            "stock": 0
        },
        "2019-10-25": {
            "cash": 21,
            "stock": 0.5
        },
        "2020-11-13": {
            "cash": 23.2,
            "stock": 0.5
        },
        "2021-09-23": {
            "cash": 23.5,
            "stock": 0
        },
        "2022-09-28": {
            "cash": 23.5,
            "stock": 0
        },
        "2023-02-23": {
            "cash": 43.5,
            "stock": 0
        }
    },
    "prices": {
        "200101": "無",
        "200102": "無",
        "200103": "無",
        "200104": "無",
        "200105": "無",
        "200106": "無",
        "200107": "無",
        "200108": "無",
        "200109": "無",
        "200110": "無",
        "200111": "無",
        "200112": "無",
        "200201": "無",
        "200202": "無",
        "200203": "無",
        "200204": "無",
        "200205": "無",
        "200206": "無",
        "200207": "無",
        "200208": "無",
        "200209": "無",
        "200210": "無",
        "200211": "無",
        "200212": "無",
        "200301": "無",
        "200302": "無",
        "200303": "無",
        "200304": "無",
        "200305": "無",
        "200306": "無",
        "200307": "無",
        "200308": "無",
        "200309": "無",
        "200310": "無",
        "200311": "無",
        "200312": "無",
        "200401": "無",
        "200402": "無",
        "200403": "無",
        "200404": "無",
        "200405": "無",
        "200406": "無",
        "200407": "無",
        "200408": "無",
        "200409": "無",
        "200410": "無",
        "200411": "無",
        "200412": "無",
        "200501": "無",
        "200502": "無",
        "200503": "無",
        "200504": "無",
        "200505": "無",
        "200506": "無",
        "200507": "無",
        "200508": "無",
        "200509": "無",
        "200510": "無",
        "200511": "無",
        "200512": "無",
        "200601": "無",
        "200602": "無",
        "200603": "無",
        "200604": "無",
        "200605": "無",
        "200606": "無",
        "200607": "無",
        "200608": "無",
        "200609": "無",
        "200610": "無",
        "200611": "無",
        "200612": "無",
        "200701": "無",
        "200702": "無",
        "200703": "無",
        "200704": "無",
        "200705": "無",
        "200706": "無",
        "200707": "無",
        "200708": "無",
        "200709": "無",
        "200710": "無",
        "200711": "無",
        "200712": "無",
        "200801": "無",
        "200802": "無",
        "200803": "無",
        "200804": "無",
        "200805": "無",
        "200806": "無",
        "200807": "無",
        "200808": "無",
        "200809": "無",
        "200810": "無",
        "200811": "無",
        "200812": "無",
        "200901": "無",
        "200902": "無",
        "200903": "無",
        "200904": "無",
        "200905": "無",
        "200906": "無",
        "200907": "無",
        "200908": "無",
        "200909": "無",
        "200910": "無",
        "200911": "無",
        "200912": "無",
        "201001": "無",
        "201002": "無",
        "201003": "無",
        "201004": "無",
        "201005": "無",
        "201006": "無",
        "201007": "無",
        "201008": "無",
        "201009": "無",
        "201010": "無",
        "201011": "無",
        "201012": "無",
        "201101": "無",
        "201102": "無",
        "201103": "無",
        "201104": "無",
        "201105": "無",
        "201106": "無",
        "201107": "無",
        "201108": "無",
        "201109": "無",
        "201110": "無",
        "201111": "無",
        "201112": "無",
        "201201": "無",
        "201202": "無",
        "201203": "無",
        "201204": "無",
        "201205": "無",
        "201206": "無",
        "201207": "無",
        "201208": "無",
        "201209": "無",
        "201210": "無",
        "201211": "無",
        "201212": "無",
        "201301": "102.65",
        "201302": "109.60",
        "201303": "115.00",
        "201304": "120.72",
        "201305": "125.47",
        "201306": "125.24",
        "201307": "121.03",
        "201308": "136.98",
        "201309": "132.03",
        "201310": "137.92",
        "201311": "138.49",
        "201312": "150.99",
        "201401": "164.33",
        "201402": "164.55",
        "201403": "184.50",
        "201404": "194.64",
        "201405": "219.90",
        "201406": "230.12",
        "201407": "220.30",
        "201408": "220.21",
        "201409": "251.45",
        "201410": "241.80",
        "201411": "269.40",
        "201412": "292.98",
        "201501": "277.60",
        "201502": "274.96",
        "201503": "300.80",
        "201504": "333.52",
        "201505": "379.70",
        "201506": "388.02",
        "201507": "377.39",
        "201508": "411.02",
        "201509": "427.30",
        "201510": "406.36",
        "201511": "457.00",
        "201512": "493.98",
        "201601": "491.74",
        "201602": "512.08",
        "201603": "500.09",
        "201604": "526.37",
        "201605": "457.86",
        "201606": "467.86",
        "201607": "487.50",
        "201608": "507.43",
        "201609": "486.84",
        "201610": "485.22",
        "201611": "427.00",
        "201612": "434.11",
        "201701": "444.50",
        "201702": "428.00",
        "201703": "424.00",
        "201704": "421.83",
        "201705": "454.48",
        "201706": "514.72",
        "201707": "517.45",
        "201708": "515.17",
        "201709": "546.55",
        "201710": "577.42",
        "201711": "528.86",
        "201712": "514.14",
        "201801": "531.86",
        "201802": "500.27",
        "201803": "532.61",
        "201804": "547.11",
        "201805": "502.23",
        "201806": "493.95",
        "201807": "534.82",
        "201808": "525.57",
        "201809": "537.74",
        "201810": "504.48",
        "201811": "513.75",
        "201812": "526.71",
        "201901": "532.81",
        "201902": "534.69",
        "201903": "605.95",
        "201904": "612.25",
        "201905": "602.00",
        "201906": "608.21",
        "201907": "663.70",
        "201908": "691.05",
        "201909": "657.16",
        "201910": "650.33",
        "201911": "695.29",
        "201912": "712.00",
        "202001": "752.20",
        "202002": "744.58",
        "202003": "646.09",
        "202004": "656.80",
        "202005": "756.60",
        "202006": "834.20",
        "202007": "879.91",
        "202008": "990.29",
        "202009": "955.86",
        "202010": "978.00",
        "202011": "939.71",
        "202012": "955.43",
        "202101": "1229.75",
        "202102": "1288.46",
        "202103": "1082.05",
        "202104": "1157.89",
        "202105": "1177.38",
        "202106": "1270.95",
        "202107": "1310.45",
        "202108": "1305.91",
        "202109": "1388.50",
        "202110": "1616.50",
        "202111": "1678.41",
        "202112": "1527.73",
        "202201": "1491.67",
        "202202": "1419.67",
        "202203": "1436.30",
        "202204": "1365.26",
        "202205": "1383.57",
        "202206": "1443.81",
        "202207": "1456.67",
        "202208": "1655.22",
        "202209": "1562.14",
        "202210": "1332.00",
        "202211": "1529.55",
        "202212": "1644.09",
        "202301": "1568.46",
        "202302": "1622.78",
        "202303": "1688.91",
        "202304": "1775.29",
        "202305": "1767.62"
    },
    "quarters": {
        "20011": {
            "year_quarter": 20011,
            "year": 2001,
            "quarter": 1,
            "eps": null,
            "eps_growth_year": null,
            "eps_4q": null,
            "eps_4q_growth_year": null,
            "roe": null,
            "roe_4q": 0,
            "gross_profit": null,
            "gross_margin": null,
            "gross_margin_4q_avg": 0,
            "net_income": null,
            "revenue": null,
            "common_shares": null,
            "book_valuer_per_share": null,
            "book_valuer_per_share_4q_avg": 0,
            "equity": null,
            "current_ratio": null,
            "debt_ratio": null,
            "inventory_turnover_ratio": null,
            "account_receivable_turnover_ratio": null,
            "reinvestment_rate": null,
            "research_to_sale_ratio": null,
            "price_fair": 0,
            "eps_avg_yearly": 0,
            "eps_latest_yearly": 0,
            "eps_growth_yearly": 0
        },
        "20012": {
            "year_quarter": 20012,
            "year": 2001,
            "quarter": 2,
            "eps": null,
            "eps_growth_year": null,
            "eps_4q": null,
            "eps_4q_growth_year": null,
            "roe": null,
            "roe_4q": 0,
            "gross_profit": null,
            "gross_margin": null,
            "gross_margin_4q_avg": 0,
            "net_income": null,
            "revenue": null,
            "common_shares": null,
            "book_valuer_per_share": null,
            "book_valuer_per_share_4q_avg": 0,
            "equity": null,
            "current_ratio": null,
            "debt_ratio": null,
            "inventory_turnover_ratio": null,
            "account_receivable_turnover_ratio": null,
            "reinvestment_rate": null,
            "research_to_sale_ratio": null,
            "price_fair": 0,
            "eps_avg_yearly": 0,
            "eps_latest_yearly": 0,
            "eps_growth_yearly": 0
        },
        "20013": {
            "year_quarter": 20013,
            "year": 2001,
            "quarter": 3,
            "eps": null,
            "eps_growth_year": null,
            "eps_4q": null,
            "eps_4q_growth_year": null,
            "roe": null,
            "roe_4q": 0,
            "gross_profit": null,
            "gross_margin": null,
            "gross_margin_4q_avg": 0,
            "net_income": null,
            "revenue": null,
            "common_shares": null,
            "book_valuer_per_share": null,
            "book_valuer_per_share_4q_avg": 0,
            "equity": null,
            "current_ratio": null,
            "debt_ratio": null,
            "inventory_turnover_ratio": null,
            "account_receivable_turnover_ratio": null,
            "reinvestment_rate": null,
            "research_to_sale_ratio": null,
            "price_fair": 0,
            "eps_avg_yearly": 0,
            "eps_latest_yearly": 0,
            "eps_growth_yearly": 0
        },
        "20014": {
            "year_quarter": 20014,
            "year": 2001,
            "quarter": 4,
            "eps": null,
            "eps_growth_year": null,
            "eps_4q": null,
            "eps_4q_growth_year": null,
            "roe": null,
            "roe_4q": 0,
            "gross_profit": null,
            "gross_margin": null,
            "gross_margin_4q_avg": 0,
            "net_income": null,
            "revenue": null,
            "common_shares": null,
            "book_valuer_per_share": null,
            "book_valuer_per_share_4q_avg": 0,
            "equity": null,
            "current_ratio": null,
            "debt_ratio": null,
            "inventory_turnover_ratio": null,
            "account_receivable_turnover_ratio": null,
            "reinvestment_rate": null,
            "research_to_sale_ratio": null,
            "price_fair": 0,
            "eps_avg_yearly": 0,
            "eps_latest_yearly": 0,
            "eps_growth_yearly": 0
        },
        "20021": {
            "year_quarter": 20021,
            "year": 2002,
            "quarter": 1,
            "eps": null,
            "eps_growth_year": null,
            "eps_4q": null,
            "eps_4q_growth_year": null,
            "roe": null,
            "roe_4q": 0,
            "gross_profit": null,
            "gross_margin": null,
            "gross_margin_4q_avg": 0,
            "net_income": null,
            "revenue": null,
            "common_shares": null,
            "book_valuer_per_share": null,
            "book_valuer_per_share_4q_avg": 0,
            "equity": null,
            "current_ratio": null,
            "debt_ratio": null,
            "inventory_turnover_ratio": null,
            "account_receivable_turnover_ratio": null,
            "reinvestment_rate": null,
            "research_to_sale_ratio": null,
            "price_fair": 0,
            "eps_avg_yearly": 0,
            "eps_latest_yearly": 0,
            "eps_growth_yearly": 0
        },
        "20022": {
            "year_quarter": 20022,
            "year": 2002,
            "quarter": 2,
            "eps": null,
            "eps_growth_year": null,
            "eps_4q": null,
            "eps_4q_growth_year": null,
            "roe": null,
            "roe_4q": 0,
            "gross_profit": null,
            "gross_margin": null,
            "gross_margin_4q_avg": 0,
            "net_income": null,
            "revenue": null,
            "common_shares": null,
            "book_valuer_per_share": null,
            "book_valuer_per_share_4q_avg": 0,
            "equity": null,
            "current_ratio": null,
            "debt_ratio": null,
            "inventory_turnover_ratio": null,
            "account_receivable_turnover_ratio": null,
            "reinvestment_rate": null,
            "research_to_sale_ratio": null,
            "price_fair": 0,
            "eps_avg_yearly": 0,
            "eps_latest_yearly": 0,
            "eps_growth_yearly": 0
        },
        "20023": {
            "year_quarter": 20023,
            "year": 2002,
            "quarter": 3,
            "eps": null,
            "eps_growth_year": null,
            "eps_4q": null,
            "eps_4q_growth_year": null,
            "roe": null,
            "roe_4q": 0,
            "gross_profit": null,
            "gross_margin": null,
            "gross_margin_4q_avg": 0,
            "net_income": null,
            "revenue": null,
            "common_shares": null,
            "book_valuer_per_share": null,
            "book_valuer_per_share_4q_avg": 0,
            "equity": null,
            "current_ratio": null,
            "debt_ratio": null,
            "inventory_turnover_ratio": null,
            "account_receivable_turnover_ratio": null,
            "reinvestment_rate": null,
            "research_to_sale_ratio": null,
            "price_fair": 0,
            "eps_avg_yearly": 0,
            "eps_latest_yearly": 0,
            "eps_growth_yearly": 0
        },
        "20024": {
            "year_quarter": 20024,
            "year": 2002,
            "quarter": 4,
            "eps": null,
            "eps_growth_year": null,
            "eps_4q": null,
            "eps_4q_growth_year": null,
            "roe": null,
            "roe_4q": 0,
            "gross_profit": null,
            "gross_margin": null,
            "gross_margin_4q_avg": 0,
            "net_income": null,
            "revenue": null,
            "common_shares": null,
            "book_valuer_per_share": null,
            "book_valuer_per_share_4q_avg": 0,
            "equity": null,
            "current_ratio": null,
            "debt_ratio": null,
            "inventory_turnover_ratio": null,
            "account_receivable_turnover_ratio": null,
            "reinvestment_rate": null,
            "research_to_sale_ratio": null,
            "price_fair": 0,
            "eps_avg_yearly": 0,
            "eps_latest_yearly": 0,
            "eps_growth_yearly": 0
        },
        "20031": {
            "year_quarter": 20031,
            "year": 2003,
            "quarter": 1,
            "eps": null,
            "eps_growth_year": null,
            "eps_4q": null,
            "eps_4q_growth_year": null,
            "roe": null,
            "roe_4q": 0,
            "gross_profit": null,
            "gross_margin": null,
            "gross_margin_4q_avg": 0,
            "net_income": null,
            "revenue": null,
            "common_shares": null,
            "book_valuer_per_share": null,
            "book_valuer_per_share_4q_avg": 0,
            "equity": null,
            "current_ratio": null,
            "debt_ratio": null,
            "inventory_turnover_ratio": null,
            "account_receivable_turnover_ratio": null,
            "reinvestment_rate": null,
            "research_to_sale_ratio": null,
            "price_fair": 0,
            "eps_avg_yearly": 0,
            "eps_latest_yearly": 0,
            "eps_growth_yearly": 0
        },
        "20032": {
            "year_quarter": 20032,
            "year": 2003,
            "quarter": 2,
            "eps": null,
            "eps_growth_year": null,
            "eps_4q": null,
            "eps_4q_growth_year": null,
            "roe": null,
            "roe_4q": 0,
            "gross_profit": null,
            "gross_margin": null,
            "gross_margin_4q_avg": 0,
            "net_income": null,
            "revenue": null,
            "common_shares": null,
            "book_valuer_per_share": null,
            "book_valuer_per_share_4q_avg": 0,
            "equity": null,
            "current_ratio": null,
            "debt_ratio": null,
            "inventory_turnover_ratio": null,
            "account_receivable_turnover_ratio": null,
            "reinvestment_rate": null,
            "research_to_sale_ratio": null,
            "price_fair": 0,
            "eps_avg_yearly": 0,
            "eps_latest_yearly": 0,
            "eps_growth_yearly": 0
        },
        "20033": {
            "year_quarter": 20033,
            "year": 2003,
            "quarter": 3,
            "eps": null,
            "eps_growth_year": null,
            "eps_4q": null,
            "eps_4q_growth_year": null,
            "roe": null,
            "roe_4q": 0,
            "gross_profit": null,
            "gross_margin": null,
            "gross_margin_4q_avg": 0,
            "net_income": null,
            "revenue": null,
            "common_shares": null,
            "book_valuer_per_share": null,
            "book_valuer_per_share_4q_avg": 0,
            "equity": null,
            "current_ratio": null,
            "debt_ratio": null,
            "inventory_turnover_ratio": null,
            "account_receivable_turnover_ratio": null,
            "reinvestment_rate": null,
            "research_to_sale_ratio": null,
            "price_fair": 0,
            "eps_avg_yearly": 0,
            "eps_latest_yearly": 0,
            "eps_growth_yearly": 0
        },
        "20034": {
            "year_quarter": 20034,
            "year": 2003,
            "quarter": 4,
            "eps": null,
            "eps_growth_year": null,
            "eps_4q": null,
            "eps_4q_growth_year": null,
            "roe": null,
            "roe_4q": 0,
            "gross_profit": null,
            "gross_margin": null,
            "gross_margin_4q_avg": 0,
            "net_income": null,
            "revenue": null,
            "common_shares": null,
            "book_valuer_per_share": null,
            "book_valuer_per_share_4q_avg": 0,
            "equity": null,
            "current_ratio": null,
            "debt_ratio": null,
            "inventory_turnover_ratio": null,
            "account_receivable_turnover_ratio": null,
            "reinvestment_rate": null,
            "research_to_sale_ratio": null,
            "price_fair": 0,
            "eps_avg_yearly": 0,
            "eps_latest_yearly": 0,
            "eps_growth_yearly": 0
        },
        "20041": {
            "year_quarter": 20041,
            "year": 2004,
            "quarter": 1,
            "eps": null,
            "eps_growth_year": null,
            "eps_4q": null,
            "eps_4q_growth_year": null,
            "roe": null,
            "roe_4q": 0,
            "gross_profit": null,
            "gross_margin": null,
            "gross_margin_4q_avg": 0,
            "net_income": null,
            "revenue": null,
            "common_shares": null,
            "book_valuer_per_share": null,
            "book_valuer_per_share_4q_avg": 0,
            "equity": null,
            "current_ratio": null,
            "debt_ratio": null,
            "inventory_turnover_ratio": null,
            "account_receivable_turnover_ratio": null,
            "reinvestment_rate": null,
            "research_to_sale_ratio": null,
            "price_fair": 0,
            "eps_avg_yearly": 0,
            "eps_latest_yearly": 0,
            "eps_growth_yearly": 0
        },
        "20042": {
            "year_quarter": 20042,
            "year": 2004,
            "quarter": 2,
            "eps": null,
            "eps_growth_year": null,
            "eps_4q": null,
            "eps_4q_growth_year": null,
            "roe": null,
            "roe_4q": 0,
            "gross_profit": null,
            "gross_margin": null,
            "gross_margin_4q_avg": 0,
            "net_income": null,
            "revenue": null,
            "common_shares": null,
            "book_valuer_per_share": null,
            "book_valuer_per_share_4q_avg": 0,
            "equity": null,
            "current_ratio": null,
            "debt_ratio": null,
            "inventory_turnover_ratio": null,
            "account_receivable_turnover_ratio": null,
            "reinvestment_rate": null,
            "research_to_sale_ratio": null,
            "price_fair": 0,
            "eps_avg_yearly": 0,
            "eps_latest_yearly": 0,
            "eps_growth_yearly": 0
        },
        "20043": {
            "year_quarter": 20043,
            "year": 2004,
            "quarter": 3,
            "eps": null,
            "eps_growth_year": null,
            "eps_4q": null,
            "eps_4q_growth_year": null,
            "roe": null,
            "roe_4q": 0,
            "gross_profit": null,
            "gross_margin": null,
            "gross_margin_4q_avg": 0,
            "net_income": null,
            "revenue": null,
            "common_shares": null,
            "book_valuer_per_share": null,
            "book_valuer_per_share_4q_avg": 0,
            "equity": null,
            "current_ratio": null,
            "debt_ratio": null,
            "inventory_turnover_ratio": null,
            "account_receivable_turnover_ratio": null,
            "reinvestment_rate": null,
            "research_to_sale_ratio": null,
            "price_fair": 0,
            "eps_avg_yearly": 0,
            "eps_latest_yearly": 0,
            "eps_growth_yearly": 0
        },
        "20044": {
            "year_quarter": 20044,
            "year": 2004,
            "quarter": 4,
            "eps": null,
            "eps_growth_year": null,
            "eps_4q": null,
            "eps_4q_growth_year": null,
            "roe": null,
            "roe_4q": 0,
            "gross_profit": null,
            "gross_margin": null,
            "gross_margin_4q_avg": 0,
            "net_income": null,
            "revenue": null,
            "common_shares": null,
            "book_valuer_per_share": null,
            "book_valuer_per_share_4q_avg": 0,
            "equity": null,
            "current_ratio": null,
            "debt_ratio": null,
            "inventory_turnover_ratio": null,
            "account_receivable_turnover_ratio": null,
            "reinvestment_rate": null,
            "research_to_sale_ratio": null,
            "price_fair": 0,
            "eps_avg_yearly": 0,
            "eps_latest_yearly": 0,
            "eps_growth_yearly": 0
        },
        "20051": {
            "year_quarter": 20051,
            "year": 2005,
            "quarter": 1,
            "eps": null,
            "eps_growth_year": null,
            "eps_4q": null,
            "eps_4q_growth_year": null,
            "roe": null,
            "roe_4q": 0,
            "gross_profit": null,
            "gross_margin": null,
            "gross_margin_4q_avg": 0,
            "net_income": null,
            "revenue": null,
            "common_shares": null,
            "book_valuer_per_share": null,
            "book_valuer_per_share_4q_avg": 0,
            "equity": null,
            "current_ratio": null,
            "debt_ratio": null,
            "inventory_turnover_ratio": null,
            "account_receivable_turnover_ratio": null,
            "reinvestment_rate": null,
            "research_to_sale_ratio": null,
            "price_fair": 0,
            "eps_avg_yearly": 0,
            "eps_latest_yearly": 0,
            "eps_growth_yearly": 0
        },
        "20052": {
            "year_quarter": 20052,
            "year": 2005,
            "quarter": 2,
            "eps": null,
            "eps_growth_year": null,
            "eps_4q": null,
            "eps_4q_growth_year": null,
            "roe": null,
            "roe_4q": 0,
            "gross_profit": null,
            "gross_margin": null,
            "gross_margin_4q_avg": 0,
            "net_income": null,
            "revenue": null,
            "common_shares": null,
            "book_valuer_per_share": null,
            "book_valuer_per_share_4q_avg": 0,
            "equity": null,
            "current_ratio": null,
            "debt_ratio": null,
            "inventory_turnover_ratio": null,
            "account_receivable_turnover_ratio": null,
            "reinvestment_rate": null,
            "research_to_sale_ratio": null,
            "price_fair": 0,
            "eps_avg_yearly": 0,
            "eps_latest_yearly": 0,
            "eps_growth_yearly": 0
        },
        "20053": {
            "year_quarter": 20053,
            "year": 2005,
            "quarter": 3,
            "eps": null,
            "eps_growth_year": null,
            "eps_4q": null,
            "eps_4q_growth_year": null,
            "roe": null,
            "roe_4q": 0,
            "gross_profit": null,
            "gross_margin": null,
            "gross_margin_4q_avg": 0,
            "net_income": null,
            "revenue": null,
            "common_shares": null,
            "book_valuer_per_share": null,
            "book_valuer_per_share_4q_avg": 0,
            "equity": null,
            "current_ratio": null,
            "debt_ratio": null,
            "inventory_turnover_ratio": null,
            "account_receivable_turnover_ratio": null,
            "reinvestment_rate": null,
            "research_to_sale_ratio": null,
            "price_fair": 0,
            "eps_avg_yearly": 0,
            "eps_latest_yearly": 0,
            "eps_growth_yearly": 0
        },
        "20054": {
            "year_quarter": 20054,
            "year": 2005,
            "quarter": 4,
            "eps": null,
            "eps_growth_year": null,
            "eps_4q": null,
            "eps_4q_growth_year": null,
            "roe": null,
            "roe_4q": 0,
            "gross_profit": null,
            "gross_margin": null,
            "gross_margin_4q_avg": 0,
            "net_income": null,
            "revenue": null,
            "common_shares": null,
            "book_valuer_per_share": null,
            "book_valuer_per_share_4q_avg": 0,
            "equity": null,
            "current_ratio": null,
            "debt_ratio": null,
            "inventory_turnover_ratio": null,
            "account_receivable_turnover_ratio": null,
            "reinvestment_rate": null,
            "research_to_sale_ratio": null,
            "price_fair": 0,
            "eps_avg_yearly": 0,
            "eps_latest_yearly": 0,
            "eps_growth_yearly": 0
        },
        "20061": {
            "year_quarter": 20061,
            "year": 2006,
            "quarter": 1,
            "eps": null,
            "eps_growth_year": null,
            "eps_4q": null,
            "eps_4q_growth_year": null,
            "roe": null,
            "roe_4q": 0,
            "gross_profit": null,
            "gross_margin": null,
            "gross_margin_4q_avg": 0,
            "net_income": null,
            "revenue": null,
            "common_shares": null,
            "book_valuer_per_share": null,
            "book_valuer_per_share_4q_avg": 0,
            "equity": null,
            "current_ratio": null,
            "debt_ratio": null,
            "inventory_turnover_ratio": null,
            "account_receivable_turnover_ratio": null,
            "reinvestment_rate": null,
            "research_to_sale_ratio": null,
            "price_fair": 0,
            "eps_avg_yearly": 0,
            "eps_latest_yearly": 0,
            "eps_growth_yearly": 0
        },
        "20062": {
            "year_quarter": 20062,
            "year": 2006,
            "quarter": 2,
            "eps": null,
            "eps_growth_year": null,
            "eps_4q": null,
            "eps_4q_growth_year": null,
            "roe": null,
            "roe_4q": 0,
            "gross_profit": null,
            "gross_margin": null,
            "gross_margin_4q_avg": 0,
            "net_income": null,
            "revenue": null,
            "common_shares": null,
            "book_valuer_per_share": null,
            "book_valuer_per_share_4q_avg": 0,
            "equity": null,
            "current_ratio": null,
            "debt_ratio": null,
            "inventory_turnover_ratio": null,
            "account_receivable_turnover_ratio": null,
            "reinvestment_rate": null,
            "research_to_sale_ratio": null,
            "price_fair": 0,
            "eps_avg_yearly": 0,
            "eps_latest_yearly": 0,
            "eps_growth_yearly": 0
        },
        "20063": {
            "year_quarter": 20063,
            "year": 2006,
            "quarter": 3,
            "eps": null,
            "eps_growth_year": null,
            "eps_4q": null,
            "eps_4q_growth_year": null,
            "roe": null,
            "roe_4q": 0,
            "gross_profit": null,
            "gross_margin": null,
            "gross_margin_4q_avg": 0,
            "net_income": null,
            "revenue": null,
            "common_shares": null,
            "book_valuer_per_share": null,
            "book_valuer_per_share_4q_avg": 0,
            "equity": null,
            "current_ratio": null,
            "debt_ratio": null,
            "inventory_turnover_ratio": null,
            "account_receivable_turnover_ratio": null,
            "reinvestment_rate": null,
            "research_to_sale_ratio": null,
            "price_fair": 0,
            "eps_avg_yearly": 0,
            "eps_latest_yearly": 0,
            "eps_growth_yearly": 0
        },
        "20064": {
            "year_quarter": 20064,
            "year": 2006,
            "quarter": 4,
            "eps": null,
            "eps_growth_year": null,
            "eps_4q": null,
            "eps_4q_growth_year": null,
            "roe": null,
            "roe_4q": 0,
            "gross_profit": null,
            "gross_margin": null,
            "gross_margin_4q_avg": 0,
            "net_income": null,
            "revenue": null,
            "common_shares": null,
            "book_valuer_per_share": null,
            "book_valuer_per_share_4q_avg": 0,
            "equity": null,
            "current_ratio": null,
            "debt_ratio": null,
            "inventory_turnover_ratio": null,
            "account_receivable_turnover_ratio": null,
            "reinvestment_rate": null,
            "research_to_sale_ratio": null,
            "price_fair": 0,
            "eps_avg_yearly": 0,
            "eps_latest_yearly": 0,
            "eps_growth_yearly": 0
        },
        "20071": {
            "year_quarter": 20071,
            "year": 2007,
            "quarter": 1,
            "eps": null,
            "eps_growth_year": null,
            "eps_4q": null,
            "eps_4q_growth_year": null,
            "roe": null,
            "roe_4q": 0,
            "gross_profit": null,
            "gross_margin": null,
            "gross_margin_4q_avg": 0,
            "net_income": null,
            "revenue": null,
            "common_shares": null,
            "book_valuer_per_share": null,
            "book_valuer_per_share_4q_avg": 0,
            "equity": null,
            "current_ratio": null,
            "debt_ratio": null,
            "inventory_turnover_ratio": null,
            "account_receivable_turnover_ratio": null,
            "reinvestment_rate": null,
            "research_to_sale_ratio": null,
            "price_fair": 0,
            "eps_avg_yearly": 0,
            "eps_latest_yearly": 0,
            "eps_growth_yearly": 0
        },
        "20072": {
            "year_quarter": 20072,
            "year": 2007,
            "quarter": 2,
            "eps": null,
            "eps_growth_year": null,
            "eps_4q": null,
            "eps_4q_growth_year": null,
            "roe": null,
            "roe_4q": 0,
            "gross_profit": null,
            "gross_margin": null,
            "gross_margin_4q_avg": 0,
            "net_income": null,
            "revenue": null,
            "common_shares": null,
            "book_valuer_per_share": null,
            "book_valuer_per_share_4q_avg": 0,
            "equity": null,
            "current_ratio": null,
            "debt_ratio": null,
            "inventory_turnover_ratio": null,
            "account_receivable_turnover_ratio": null,
            "reinvestment_rate": null,
            "research_to_sale_ratio": null,
            "price_fair": 0,
            "eps_avg_yearly": 0,
            "eps_latest_yearly": 0,
            "eps_growth_yearly": 0
        },
        "20073": {
            "year_quarter": 20073,
            "year": 2007,
            "quarter": 3,
            "eps": null,
            "eps_growth_year": null,
            "eps_4q": null,
            "eps_4q_growth_year": null,
            "roe": null,
            "roe_4q": 0,
            "gross_profit": null,
            "gross_margin": null,
            "gross_margin_4q_avg": 0,
            "net_income": null,
            "revenue": null,
            "common_shares": null,
            "book_valuer_per_share": null,
            "book_valuer_per_share_4q_avg": 0,
            "equity": null,
            "current_ratio": null,
            "debt_ratio": null,
            "inventory_turnover_ratio": null,
            "account_receivable_turnover_ratio": null,
            "reinvestment_rate": null,
            "research_to_sale_ratio": null,
            "price_fair": 0,
            "eps_avg_yearly": 0,
            "eps_latest_yearly": 0,
            "eps_growth_yearly": 0
        },
        "20074": {
            "year_quarter": 20074,
            "year": 2007,
            "quarter": 4,
            "eps": null,
            "eps_growth_year": null,
            "eps_4q": null,
            "eps_4q_growth_year": null,
            "roe": null,
            "roe_4q": 0,
            "gross_profit": null,
            "gross_margin": null,
            "gross_margin_4q_avg": 0,
            "net_income": null,
            "revenue": null,
            "common_shares": null,
            "book_valuer_per_share": null,
            "book_valuer_per_share_4q_avg": 0,
            "equity": null,
            "current_ratio": null,
            "debt_ratio": null,
            "inventory_turnover_ratio": null,
            "account_receivable_turnover_ratio": null,
            "reinvestment_rate": null,
            "research_to_sale_ratio": null,
            "price_fair": 0,
            "eps_avg_yearly": 0,
            "eps_latest_yearly": 0,
            "eps_growth_yearly": 0
        },
        "20081": {
            "year_quarter": 20081,
            "year": 2008,
            "quarter": 1,
            "eps": null,
            "eps_growth_year": null,
            "eps_4q": null,
            "eps_4q_growth_year": null,
            "roe": null,
            "roe_4q": 0,
            "gross_profit": null,
            "gross_margin": null,
            "gross_margin_4q_avg": 0,
            "net_income": null,
            "revenue": null,
            "common_shares": null,
            "book_valuer_per_share": null,
            "book_valuer_per_share_4q_avg": 0,
            "equity": null,
            "current_ratio": null,
            "debt_ratio": null,
            "inventory_turnover_ratio": null,
            "account_receivable_turnover_ratio": null,
            "reinvestment_rate": null,
            "research_to_sale_ratio": null,
            "price_fair": 0,
            "eps_avg_yearly": 0,
            "eps_latest_yearly": 0,
            "eps_growth_yearly": 0
        },
        "20082": {
            "year_quarter": 20082,
            "year": 2008,
            "quarter": 2,
            "eps": null,
            "eps_growth_year": null,
            "eps_4q": null,
            "eps_4q_growth_year": null,
            "roe": null,
            "roe_4q": 0,
            "gross_profit": null,
            "gross_margin": null,
            "gross_margin_4q_avg": 0,
            "net_income": null,
            "revenue": null,
            "common_shares": null,
            "book_valuer_per_share": null,
            "book_valuer_per_share_4q_avg": 0,
            "equity": null,
            "current_ratio": null,
            "debt_ratio": null,
            "inventory_turnover_ratio": null,
            "account_receivable_turnover_ratio": null,
            "reinvestment_rate": null,
            "research_to_sale_ratio": null,
            "price_fair": 0,
            "eps_avg_yearly": 0,
            "eps_latest_yearly": 0,
            "eps_growth_yearly": 0
        },
        "20083": {
            "year_quarter": 20083,
            "year": 2008,
            "quarter": 3,
            "eps": null,
            "eps_growth_year": null,
            "eps_4q": null,
            "eps_4q_growth_year": null,
            "roe": null,
            "roe_4q": 0,
            "gross_profit": null,
            "gross_margin": null,
            "gross_margin_4q_avg": 0,
            "net_income": null,
            "revenue": null,
            "common_shares": null,
            "book_valuer_per_share": null,
            "book_valuer_per_share_4q_avg": 0,
            "equity": null,
            "current_ratio": null,
            "debt_ratio": null,
            "inventory_turnover_ratio": null,
            "account_receivable_turnover_ratio": null,
            "reinvestment_rate": null,
            "research_to_sale_ratio": null,
            "price_fair": 0,
            "eps_avg_yearly": 0,
            "eps_latest_yearly": 0,
            "eps_growth_yearly": 0
        },
        "20084": {
            "year_quarter": 20084,
            "year": 2008,
            "quarter": 4,
            "eps": null,
            "eps_growth_year": null,
            "eps_4q": null,
            "eps_4q_growth_year": null,
            "roe": null,
            "roe_4q": 0,
            "gross_profit": null,
            "gross_margin": null,
            "gross_margin_4q_avg": 0,
            "net_income": null,
            "revenue": null,
            "common_shares": 200100,
            "book_valuer_per_share": 8.92,
            "book_valuer_per_share_4q_avg": 2.23,
            "equity": 178482,
            "current_ratio": 207.47,
            "debt_ratio": 42.75,
            "inventory_turnover_ratio": null,
            "account_receivable_turnover_ratio": null,
            "reinvestment_rate": null,
            "research_to_sale_ratio": null,
            "price_fair": 0,
            "eps_avg_yearly": 0,
            "eps_latest_yearly": 0,
            "eps_growth_yearly": 0
        },
        "20091": {
            "year_quarter": 20091,
            "year": 2009,
            "quarter": 1,
            "eps": null,
            "eps_growth_year": null,
            "eps_4q": null,
            "eps_4q_growth_year": null,
            "roe": null,
            "roe_4q": 0,
            "gross_profit": null,
            "gross_margin": null,
            "gross_margin_4q_avg": 0,
            "net_income": null,
            "revenue": null,
            "common_shares": null,
            "book_valuer_per_share": null,
            "book_valuer_per_share_4q_avg": 2.23,
            "equity": null,
            "current_ratio": null,
            "debt_ratio": null,
            "inventory_turnover_ratio": null,
            "account_receivable_turnover_ratio": null,
            "reinvestment_rate": null,
            "research_to_sale_ratio": null,
            "price_fair": 0,
            "eps_avg_yearly": 0,
            "eps_latest_yearly": 0,
            "eps_growth_yearly": 0
        },
        "20092": {
            "year_quarter": 20092,
            "year": 2009,
            "quarter": 2,
            "eps": null,
            "eps_growth_year": null,
            "eps_4q": null,
            "eps_4q_growth_year": null,
            "roe": null,
            "roe_4q": 0,
            "gross_profit": null,
            "gross_margin": null,
            "gross_margin_4q_avg": 0,
            "net_income": null,
            "revenue": null,
            "common_shares": null,
            "book_valuer_per_share": null,
            "book_valuer_per_share_4q_avg": 2.23,
            "equity": null,
            "current_ratio": null,
            "debt_ratio": null,
            "inventory_turnover_ratio": null,
            "account_receivable_turnover_ratio": null,
            "reinvestment_rate": null,
            "research_to_sale_ratio": null,
            "price_fair": 0,
            "eps_avg_yearly": 0,
            "eps_latest_yearly": 0,
            "eps_growth_yearly": 0
        },
        "20093": {
            "year_quarter": 20093,
            "year": 2009,
            "quarter": 3,
            "eps": null,
            "eps_growth_year": null,
            "eps_4q": null,
            "eps_4q_growth_year": null,
            "roe": null,
            "roe_4q": 0,
            "gross_profit": null,
            "gross_margin": null,
            "gross_margin_4q_avg": 0,
            "net_income": null,
            "revenue": null,
            "common_shares": null,
            "book_valuer_per_share": null,
            "book_valuer_per_share_4q_avg": 2.23,
            "equity": null,
            "current_ratio": null,
            "debt_ratio": null,
            "inventory_turnover_ratio": null,
            "account_receivable_turnover_ratio": null,
            "reinvestment_rate": null,
            "research_to_sale_ratio": null,
            "price_fair": 0,
            "eps_avg_yearly": 0,
            "eps_latest_yearly": 0,
            "eps_growth_yearly": 0
        },
        "20094": {
            "year_quarter": 20094,
            "year": 2009,
            "quarter": 4,
            "eps": null,
            "eps_growth_year": null,
            "eps_4q": null,
            "eps_4q_growth_year": null,
            "roe": null,
            "roe_4q": 0,
            "gross_profit": null,
            "gross_margin": null,
            "gross_margin_4q_avg": 0,
            "net_income": null,
            "revenue": null,
            "common_shares": 240100,
            "book_valuer_per_share": 12.01,
            "book_valuer_per_share_4q_avg": 3,
            "equity": 288379,
            "current_ratio": 159.69,
            "debt_ratio": 53.05,
            "inventory_turnover_ratio": null,
            "account_receivable_turnover_ratio": null,
            "reinvestment_rate": null,
            "research_to_sale_ratio": null,
            "price_fair": 0,
            "eps_avg_yearly": 0,
            "eps_latest_yearly": 0,
            "eps_growth_yearly": 0
        },
        "20101": {
            "year_quarter": 20101,
            "year": 2010,
            "quarter": 1,
            "eps": null,
            "eps_growth_year": null,
            "eps_4q": null,
            "eps_4q_growth_year": null,
            "roe": null,
            "roe_4q": 0,
            "gross_profit": null,
            "gross_margin": null,
            "gross_margin_4q_avg": 0,
            "net_income": null,
            "revenue": null,
            "common_shares": null,
            "book_valuer_per_share": null,
            "book_valuer_per_share_4q_avg": 3,
            "equity": null,
            "current_ratio": null,
            "debt_ratio": null,
            "inventory_turnover_ratio": null,
            "account_receivable_turnover_ratio": null,
            "reinvestment_rate": null,
            "research_to_sale_ratio": null,
            "price_fair": 0,
            "eps_avg_yearly": 0,
            "eps_latest_yearly": 0,
            "eps_growth_yearly": 0
        },
        "20102": {
            "year_quarter": 20102,
            "year": 2010,
            "quarter": 2,
            "eps": null,
            "eps_growth_year": null,
            "eps_4q": null,
            "eps_4q_growth_year": null,
            "roe": null,
            "roe_4q": 0,
            "gross_profit": null,
            "gross_margin": null,
            "gross_margin_4q_avg": 0,
            "net_income": null,
            "revenue": null,
            "common_shares": null,
            "book_valuer_per_share": null,
            "book_valuer_per_share_4q_avg": 3,
            "equity": null,
            "current_ratio": null,
            "debt_ratio": null,
            "inventory_turnover_ratio": null,
            "account_receivable_turnover_ratio": null,
            "reinvestment_rate": null,
            "research_to_sale_ratio": null,
            "price_fair": 0,
            "eps_avg_yearly": 0,
            "eps_latest_yearly": 0,
            "eps_growth_yearly": 0
        },
        "20103": {
            "year_quarter": 20103,
            "year": 2010,
            "quarter": 3,
            "eps": null,
            "eps_growth_year": null,
            "eps_4q": null,
            "eps_4q_growth_year": null,
            "roe": null,
            "roe_4q": 0,
            "gross_profit": null,
            "gross_margin": null,
            "gross_margin_4q_avg": 0,
            "net_income": null,
            "revenue": null,
            "common_shares": null,
            "book_valuer_per_share": null,
            "book_valuer_per_share_4q_avg": 3,
            "equity": null,
            "current_ratio": null,
            "debt_ratio": null,
            "inventory_turnover_ratio": null,
            "account_receivable_turnover_ratio": null,
            "reinvestment_rate": null,
            "research_to_sale_ratio": null,
            "price_fair": 0,
            "eps_avg_yearly": 0,
            "eps_latest_yearly": 0,
            "eps_growth_yearly": 0
        },
        "20104": {
            "year_quarter": 20104,
            "year": 2010,
            "quarter": 4,
            "eps": null,
            "eps_growth_year": null,
            "eps_4q": null,
            "eps_4q_growth_year": null,
            "roe": null,
            "roe_4q": 0,
            "gross_profit": null,
            "gross_margin": null,
            "gross_margin_4q_avg": 0,
            "net_income": null,
            "revenue": null,
            "common_shares": 318250,
            "book_valuer_per_share": 19.57,
            "book_valuer_per_share_4q_avg": 4.89,
            "equity": 622812,
            "current_ratio": 154.53,
            "debt_ratio": 59.91,
            "inventory_turnover_ratio": null,
            "account_receivable_turnover_ratio": null,
            "reinvestment_rate": null,
            "research_to_sale_ratio": null,
            "price_fair": 0,
            "eps_avg_yearly": 0,
            "eps_latest_yearly": 0,
            "eps_growth_yearly": 0
        },
        "20111": {
            "year_quarter": 20111,
            "year": 2011,
            "quarter": 1,
            "eps": null,
            "eps_growth_year": null,
            "eps_4q": null,
            "eps_4q_growth_year": null,
            "roe": null,
            "roe_4q": 0,
            "gross_profit": null,
            "gross_margin": null,
            "gross_margin_4q_avg": 0,
            "net_income": null,
            "revenue": null,
            "common_shares": null,
            "book_valuer_per_share": null,
            "book_valuer_per_share_4q_avg": 4.89,
            "equity": null,
            "current_ratio": null,
            "debt_ratio": null,
            "inventory_turnover_ratio": null,
            "account_receivable_turnover_ratio": null,
            "reinvestment_rate": null,
            "research_to_sale_ratio": null,
            "price_fair": 0,
            "eps_avg_yearly": 0,
            "eps_latest_yearly": 0,
            "eps_growth_yearly": 0
        },
        "20112": {
            "year_quarter": 20112,
            "year": 2011,
            "quarter": 2,
            "eps": null,
            "eps_growth_year": null,
            "eps_4q": null,
            "eps_4q_growth_year": null,
            "roe": null,
            "roe_4q": 0,
            "gross_profit": null,
            "gross_margin": null,
            "gross_margin_4q_avg": 0,
            "net_income": null,
            "revenue": null,
            "common_shares": 0,
            "book_valuer_per_share": null,
            "book_valuer_per_share_4q_avg": 4.89,
            "equity": 0,
            "current_ratio": null,
            "debt_ratio": null,
            "inventory_turnover_ratio": null,
            "account_receivable_turnover_ratio": null,
            "reinvestment_rate": null,
            "research_to_sale_ratio": null,
            "price_fair": 0,
            "eps_avg_yearly": 0,
            "eps_latest_yearly": 0,
            "eps_growth_yearly": 0
        },
        "20113": {
            "year_quarter": 20113,
            "year": 2011,
            "quarter": 3,
            "eps": null,
            "eps_growth_year": null,
            "eps_4q": null,
            "eps_4q_growth_year": null,
            "roe": null,
            "roe_4q": 0,
            "gross_profit": null,
            "gross_margin": null,
            "gross_margin_4q_avg": 0,
            "net_income": null,
            "revenue": null,
            "common_shares": null,
            "book_valuer_per_share": null,
            "book_valuer_per_share_4q_avg": 4.89,
            "equity": null,
            "current_ratio": null,
            "debt_ratio": null,
            "inventory_turnover_ratio": null,
            "account_receivable_turnover_ratio": null,
            "reinvestment_rate": null,
            "research_to_sale_ratio": null,
            "price_fair": 0,
            "eps_avg_yearly": 0,
            "eps_latest_yearly": 0,
            "eps_growth_yearly": 0
        },
        "20114": {
            "year_quarter": 20114,
            "year": 2011,
            "quarter": 4,
            "eps": null,
            "eps_growth_year": null,
            "eps_4q": null,
            "eps_4q_growth_year": null,
            "roe": null,
            "roe_4q": 0,
            "gross_profit": null,
            "gross_margin": null,
            "gross_margin_4q_avg": 0,
            "net_income": null,
            "revenue": null,
            "common_shares": 462223,
            "book_valuer_per_share": 22.81,
            "book_valuer_per_share_4q_avg": 5.7,
            "equity": 1054209,
            "current_ratio": 178.61,
            "debt_ratio": 51.76,
            "inventory_turnover_ratio": null,
            "account_receivable_turnover_ratio": null,
            "reinvestment_rate": null,
            "research_to_sale_ratio": null,
            "price_fair": 0,
            "eps_avg_yearly": 0,
            "eps_latest_yearly": 0,
            "eps_growth_yearly": 0
        },
        "20121": {
            "year_quarter": 20121,
            "year": 2012,
            "quarter": 1,
            "eps": null,
            "eps_growth_year": null,
            "eps_4q": null,
            "eps_4q_growth_year": null,
            "roe": null,
            "roe_4q": 0,
            "gross_profit": 248645,
            "gross_margin": null,
            "gross_margin_4q_avg": 0,
            "net_income": 105616,
            "revenue": 1108704,
            "common_shares": 462223,
            "book_valuer_per_share": null,
            "book_valuer_per_share_4q_avg": 5.7,
            "equity": 1153178,
            "current_ratio": null,
            "debt_ratio": null,
            "inventory_turnover_ratio": null,
            "account_receivable_turnover_ratio": null,
            "reinvestment_rate": null,
            "research_to_sale_ratio": null,
            "price_fair": 0,
            "eps_avg_yearly": 0,
            "eps_latest_yearly": 0,
            "eps_growth_yearly": 0
        },
        "20122": {
            "year_quarter": 20122,
            "year": 2012,
            "quarter": 2,
            "eps": null,
            "eps_growth_year": null,
            "eps_4q": null,
            "eps_4q_growth_year": null,
            "roe": null,
            "roe_4q": 0,
            "gross_profit": 249343,
            "gross_margin": null,
            "gross_margin_4q_avg": 0,
            "net_income": 140531,
            "revenue": 1155455,
            "common_shares": 543476,
            "book_valuer_per_share": 21.35,
            "book_valuer_per_share_4q_avg": 11.04,
            "equity": 1160584,
            "current_ratio": 168.6,
            "debt_ratio": 55.8,
            "inventory_turnover_ratio": null,
            "account_receivable_turnover_ratio": null,
            "reinvestment_rate": null,
            "research_to_sale_ratio": null,
            "price_fair": 0,
            "eps_avg_yearly": 0,
            "eps_latest_yearly": 0,
            "eps_growth_yearly": 0
        },
        "20123": {
            "year_quarter": 20123,
            "year": 2012,
            "quarter": 3,
            "eps": null,
            "eps_growth_year": null,
            "eps_4q": null,
            "eps_4q_growth_year": null,
            "roe": null,
            "roe_4q": 0,
            "gross_profit": 293664,
            "gross_margin": null,
            "gross_margin_4q_avg": 0,
            "net_income": 146650,
            "revenue": 1267032,
            "common_shares": 543476,
            "book_valuer_per_share": null,
            "book_valuer_per_share_4q_avg": 11.04,
            "equity": 1300313,
            "current_ratio": null,
            "debt_ratio": null,
            "inventory_turnover_ratio": null,
            "account_receivable_turnover_ratio": null,
            "reinvestment_rate": null,
            "research_to_sale_ratio": null,
            "price_fair": 0,
            "eps_avg_yearly": 0,
            "eps_latest_yearly": 0,
            "eps_growth_yearly": 0
        },
        "20124": {
            "year_quarter": 20124,
            "year": 2012,
            "quarter": 4,
            "eps": null,
            "eps_growth_year": null,
            "eps_4q": null,
            "eps_4q_growth_year": null,
            "roe": null,
            "roe_4q": 0,
            "gross_profit": 277776,
            "gross_margin": null,
            "gross_margin_4q_avg": 0,
            "net_income": 127246,
            "revenue": 1231520,
            "common_shares": 543476,
            "book_valuer_per_share": 26.27,
            "book_valuer_per_share_4q_avg": 11.91,
            "equity": 1427863,
            "current_ratio": 191.72,
            "debt_ratio": 49.29,
            "inventory_turnover_ratio": null,
            "account_receivable_turnover_ratio": null,
            "reinvestment_rate": null,
            "research_to_sale_ratio": null,
            "price_fair": 0,
            "eps_avg_yearly": 0,
            "eps_latest_yearly": 0,
            "eps_growth_yearly": 0
        },
        "20131": {
            "year_quarter": 20131,
            "year": 2013,
            "quarter": 1,
            "eps": 2.91,
            "eps_growth_year": null,
            "eps_4q": 2.86,
            "eps_4q_growth_year": null,
            "roe": 10.52,
            "roe_4q": 10.52,
            "gross_profit": 309958,
            "gross_margin": 23.48,
            "gross_margin_4q_avg": 5.87,
            "net_income": 159625,
            "revenue": 1319861,
            "common_shares": 558476,
            "book_valuer_per_share": 28.75,
            "book_valuer_per_share_4q_avg": 19.09,
            "equity": 1605778,
            "current_ratio": 192.53,
            "debt_ratio": 49.38,
            "inventory_turnover_ratio": 4.75,
            "account_receivable_turnover_ratio": 1.67,
            "reinvestment_rate": null,
            "research_to_sale_ratio": 3.78,
            "price_fair": 0,
            "eps_avg_yearly": 0,
            "eps_latest_yearly": 0,
            "eps_growth_yearly": 0
        },
        "20132": {
            "year_quarter": 20132,
            "year": 2013,
            "quarter": 2,
            "eps": 2.35,
            "eps_growth_year": null,
            "eps_4q": 5.07,
            "eps_4q_growth_year": null,
            "roe": 9.24,
            "roe_4q": 19.759999999999998,
            "gross_profit": 311058,
            "gross_margin": 23.94,
            "gross_margin_4q_avg": 11.86,
            "net_income": 137899,
            "revenue": 1299313,
            "common_shares": 558476,
            "book_valuer_per_share": 24.67,
            "book_valuer_per_share_4q_avg": 19.92,
            "equity": 1377962,
            "current_ratio": 163.63,
            "debt_ratio": 58.3,
            "inventory_turnover_ratio": 4.21,
            "account_receivable_turnover_ratio": 1.61,
            "reinvestment_rate": null,
            "research_to_sale_ratio": 4.38,
            "price_fair": 28.2,
            "eps_avg_yearly": 9.4,
            "eps_latest_yearly": 9.4,
            "eps_growth_yearly": -76.98
        },
        "20133": {
            "year_quarter": 20133,
            "year": 2013,
            "quarter": 3,
            "eps": 2.45,
            "eps_growth_year": null,
            "eps_4q": 7.27,
            "eps_4q_growth_year": null,
            "roe": 9.49,
            "roe_4q": 29.25,
            "gross_profit": 363876,
            "gross_margin": 24.51,
            "gross_margin_4q_avg": 17.98,
            "net_income": 150302,
            "revenue": 1484625,
            "common_shares": 616400,
            "book_valuer_per_share": 29.04,
            "book_valuer_per_share_4q_avg": 27.18,
            "equity": 1789883,
            "current_ratio": 206.9,
            "debt_ratio": 46.02,
            "inventory_turnover_ratio": 4.87,
            "account_receivable_turnover_ratio": 1.78,
            "reinvestment_rate": null,
            "research_to_sale_ratio": 3.94,
            "price_fair": 28.8,
            "eps_avg_yearly": 9.6,
            "eps_latest_yearly": 9.8,
            "eps_growth_yearly": -29.98
        },
        "20134": {
            "year_quarter": 20134,
            "year": 2013,
            "quarter": 4,
            "eps": 2.64,
            "eps_growth_year": null,
            "eps_4q": 9.9,
            "eps_4q_growth_year": null,
            "roe": 8.64,
            "roe_4q": 37.89,
            "gross_profit": 337929,
            "gross_margin": 24.36,
            "gross_margin_4q_avg": 24.07,
            "net_income": 162712,
            "revenue": 1387313,
            "common_shares": 616400,
            "book_valuer_per_share": 32.09,
            "book_valuer_per_share_4q_avg": 28.64,
            "equity": 1977915,
            "current_ratio": 212.56,
            "debt_ratio": 45.11,
            "inventory_turnover_ratio": 4.58,
            "account_receivable_turnover_ratio": 1.53,
            "reinvestment_rate": null,
            "research_to_sale_ratio": 5.03,
            "price_fair": 29.76,
            "eps_avg_yearly": 9.92,
            "eps_latest_yearly": 10.56,
            "eps_growth_yearly": -9.64
        },
        "20141": {
            "year_quarter": 20141,
            "year": 2014,
            "quarter": 1,
            "eps": 3.29,
            "eps_growth_year": 13.06,
            "eps_4q": 9.7,
            "eps_4q_growth_year": 239.42,
            "roe": 8.12,
            "roe_4q": 35.49,
            "gross_profit": 379729,
            "gross_margin": 25.38,
            "gross_margin_4q_avg": 24.55,
            "net_income": 203640,
            "revenue": 1496263,
            "common_shares": 674700,
            "book_valuer_per_share": 45.06,
            "book_valuer_per_share_4q_avg": 32.72,
            "equity": 3040005,
            "current_ratio": 264.11,
            "debt_ratio": 36.68,
            "inventory_turnover_ratio": 4.35,
            "account_receivable_turnover_ratio": 1.61,
            "reinvestment_rate": null,
            "research_to_sale_ratio": 3.88,
            "price_fair": 293.87,
            "eps_avg_yearly": 10.73,
            "eps_latest_yearly": 13.16,
            "eps_growth_yearly": 17.39
        },
        "20142": {
            "year_quarter": 20142,
            "year": 2014,
            "quarter": 2,
            "eps": 3.44,
            "eps_growth_year": 46.38,
            "eps_4q": 10.56,
            "eps_4q_growth_year": 108.23,
            "roe": 7.97,
            "roe_4q": 34.22,
            "gross_profit": 429105,
            "gross_margin": 26.2,
            "gross_margin_4q_avg": 25.11,
            "net_income": 231798,
            "revenue": 1637889,
            "common_shares": 674700,
            "book_valuer_per_share": 41.14,
            "book_valuer_per_share_4q_avg": 36.83,
            "equity": 2775543,
            "current_ratio": 210.28,
            "debt_ratio": 46.01,
            "inventory_turnover_ratio": 4.09,
            "account_receivable_turnover_ratio": 1.63,
            "reinvestment_rate": null,
            "research_to_sale_ratio": 3.56,
            "price_fair": 312.39,
            "eps_avg_yearly": 11.34,
            "eps_latest_yearly": 13.76,
            "eps_growth_yearly": 17.56
        },
        "20143": {
            "year_quarter": 20143,
            "year": 2014,
            "quarter": 3,
            "eps": 3.97,
            "eps_growth_year": 62.04,
            "eps_4q": 12.41,
            "eps_4q_growth_year": 70.83,
            "roe": 9.59,
            "roe_4q": 34.32,
            "gross_profit": 497636,
            "gross_margin": 27.1,
            "gross_margin_4q_avg": 25.76,
            "net_income": 281109,
            "revenue": 1836628,
            "common_shares": 708435,
            "book_valuer_per_share": 43.59,
            "book_valuer_per_share_4q_avg": 40.47,
            "equity": 3087971,
            "current_ratio": 188.73,
            "debt_ratio": 44.52,
            "inventory_turnover_ratio": 4.11,
            "account_receivable_turnover_ratio": 1.55,
            "reinvestment_rate": null,
            "research_to_sale_ratio": 3.61,
            "price_fair": 422.09,
            "eps_avg_yearly": 12.09,
            "eps_latest_yearly": 15.88,
            "eps_growth_yearly": 24.9
        },
        "20144": {
            "year_quarter": 20144,
            "year": 2014,
            "quarter": 4,
            "eps": 3.94,
            "eps_growth_year": 49.11,
            "eps_4q": 14.05,
            "eps_4q_growth_year": 41.86,
            "roe": 8.59,
            "roe_4q": 34.269999999999996,
            "gross_profit": 463751,
            "gross_margin": 26.47,
            "gross_margin_4q_avg": 26.29,
            "net_income": 278849,
            "revenue": 1752247,
            "common_shares": 708435,
            "book_valuer_per_share": 48.07,
            "book_valuer_per_share_4q_avg": 44.47,
            "equity": 3405101,
            "current_ratio": 223.53,
            "debt_ratio": 37.56,
            "inventory_turnover_ratio": 3.75,
            "account_receivable_turnover_ratio": 1.37,
            "reinvestment_rate": null,
            "research_to_sale_ratio": 4.88,
            "price_fair": 390.04,
            "eps_avg_yearly": 12.62,
            "eps_latest_yearly": 15.76,
            "eps_growth_yearly": 20.91
        },
        "20151": {
            "year_quarter": 20151,
            "year": 2015,
            "quarter": 1,
            "eps": 4.1,
            "eps_growth_year": 24.62,
            "eps_4q": 15.27,
            "eps_4q_growth_year": 57.42,
            "roe": 8.17,
            "roe_4q": 34.32,
            "gross_profit": 557451,
            "gross_margin": 29.03,
            "gross_margin_4q_avg": 27.2,
            "net_income": 290161,
            "revenue": 1920544,
            "common_shares": 708435,
            "book_valuer_per_share": 52.14,
            "book_valuer_per_share_4q_avg": 46.24,
            "equity": 3693823,
            "current_ratio": 234.89,
            "debt_ratio": 36.08,
            "inventory_turnover_ratio": 3.75,
            "account_receivable_turnover_ratio": 1.55,
            "reinvestment_rate": null,
            "research_to_sale_ratio": 3.52,
            "price_fair": 397.01,
            "eps_avg_yearly": 13.09,
            "eps_latest_yearly": 16.4,
            "eps_growth_yearly": 20.33
        },
        "20152": {
            "year_quarter": 20152,
            "year": 2015,
            "quarter": 2,
            "eps": 4.73,
            "eps_growth_year": 37.5,
            "eps_4q": 15.94,
            "eps_4q_growth_year": 50.89,
            "roe": 9.65,
            "roe_4q": 36,
            "gross_profit": 598143,
            "gross_margin": 29.46,
            "gross_margin_4q_avg": 28.02,
            "net_income": 335228,
            "revenue": 2030225,
            "common_shares": 708135,
            "book_valuer_per_share": 45.95,
            "book_valuer_per_share_4q_avg": 47.44,
            "equity": 3253561,
            "current_ratio": 179.23,
            "debt_ratio": 47.72,
            "inventory_turnover_ratio": 3.74,
            "account_receivable_turnover_ratio": 1.61,
            "reinvestment_rate": null,
            "research_to_sale_ratio": 3.3,
            "price_fair": 479.45,
            "eps_avg_yearly": 13.74,
            "eps_latest_yearly": 18.92,
            "eps_growth_yearly": 24.9
        },
        "20153": {
            "year_quarter": 20153,
            "year": 2015,
            "quarter": 3,
            "eps": 6.05,
            "eps_growth_year": 52.39,
            "eps_4q": 18.21,
            "eps_4q_growth_year": 46.72,
            "roe": 12.83,
            "roe_4q": 39.239999999999995,
            "gross_profit": 667856,
            "gross_margin": 31.18,
            "gross_margin_4q_avg": 29.04,
            "net_income": 449780,
            "revenue": 2142077,
            "common_shares": 743557,
            "book_valuer_per_share": 50.56,
            "book_valuer_per_share_4q_avg": 49.18,
            "equity": 3759325,
            "current_ratio": 192.85,
            "debt_ratio": 45.21,
            "inventory_turnover_ratio": 4.08,
            "account_receivable_turnover_ratio": 1.54,
            "reinvestment_rate": null,
            "research_to_sale_ratio": 3.53,
            "price_fair": 517.44,
            "eps_avg_yearly": 14.78,
            "eps_latest_yearly": 24.2,
            "eps_growth_yearly": 33.57
        },
        "20154": {
            "year_quarter": 20154,
            "year": 2015,
            "quarter": 4,
            "eps": 4.59,
            "eps_growth_year": 16.7,
            "eps_4q": 19.05,
            "eps_4q_growth_year": 35.6,
            "roe": 8.73,
            "roe_4q": 39.38,
            "gross_profit": 613582,
            "gross_margin": 31.52,
            "gross_margin_4q_avg": 30.3,
            "net_income": 341541,
            "revenue": 1946477,
            "common_shares": 743557,
            "book_valuer_per_share": 54.71,
            "book_valuer_per_share_4q_avg": 50.84,
            "equity": 4068355,
            "current_ratio": 236.78,
            "debt_ratio": 36.11,
            "inventory_turnover_ratio": 3.9,
            "account_receivable_turnover_ratio": 1.36,
            "reinvestment_rate": 13.9,
            "research_to_sale_ratio": 5.02,
            "price_fair": 479.64,
            "eps_avg_yearly": 15.11,
            "eps_latest_yearly": 18.36,
            "eps_growth_yearly": 21.75
        },
        "20161": {
            "year_quarter": 20161,
            "year": 2016,
            "quarter": 1,
            "eps": 4.44,
            "eps_growth_year": 8.29,
            "eps_4q": 19.59,
            "eps_4q_growth_year": 28.3,
            "roe": 7.82,
            "roe_4q": 39.03,
            "gross_profit": 652382,
            "gross_margin": 32.33,
            "gross_margin_4q_avg": 31.12,
            "net_income": 330071,
            "revenue": 2017863,
            "common_shares": 743377,
            "book_valuer_per_share": 58.87,
            "book_valuer_per_share_4q_avg": 52.52,
            "equity": 4376121,
            "current_ratio": 248.19,
            "debt_ratio": 34.33,
            "inventory_turnover_ratio": 3.93,
            "account_receivable_turnover_ratio": 1.47,
            "reinvestment_rate": 21.85,
            "research_to_sale_ratio": 4.38,
            "price_fair": 442.18,
            "eps_avg_yearly": 15.33,
            "eps_latest_yearly": 17.76,
            "eps_growth_yearly": 18.84
        },
        "20162": {
            "year_quarter": 20162,
            "year": 2016,
            "quarter": 2,
            "eps": 5.31,
            "eps_growth_year": 12.26,
            "eps_4q": 19.42,
            "eps_4q_growth_year": 21.83,
            "roe": 9.88,
            "roe_4q": 39.260000000000005,
            "gross_profit": 627865,
            "gross_margin": 30.84,
            "gross_margin_4q_avg": 31.47,
            "net_income": 394625,
            "revenue": 2035859,
            "common_shares": 743377,
            "book_valuer_per_share": 48.61,
            "book_valuer_per_share_4q_avg": 53.19,
            "equity": 3613346,
            "current_ratio": 175.12,
            "debt_ratio": 48.84,
            "inventory_turnover_ratio": 4.09,
            "account_receivable_turnover_ratio": 1.48,
            "reinvestment_rate": 10.84,
            "research_to_sale_ratio": 4.05,
            "price_fair": 527.58,
            "eps_avg_yearly": 15.78,
            "eps_latest_yearly": 21.24,
            "eps_growth_yearly": 23.42
        },
        "20163": {
            "year_quarter": 20163,
            "year": 2016,
            "quarter": 3,
            "eps": 4.22,
            "eps_growth_year": -30.25,
            "eps_4q": 17.74,
            "eps_4q_growth_year": -2.58,
            "roe": 8.79,
            "roe_4q": 35.22,
            "gross_profit": 624336,
            "gross_margin": 30.21,
            "gross_margin_4q_avg": 31.23,
            "net_income": 329968,
            "revenue": 2066897,
            "common_shares": 787055,
            "book_valuer_per_share": 49.44,
            "book_valuer_per_share_4q_avg": 52.91,
            "equity": 3891481,
            "current_ratio": 175.48,
            "debt_ratio": 47.25,
            "inventory_turnover_ratio": 3.97,
            "account_receivable_turnover_ratio": 1.34,
            "reinvestment_rate": 21.31,
            "research_to_sale_ratio": 4.02,
            "price_fair": 410.62,
            "eps_avg_yearly": 15.86,
            "eps_latest_yearly": 16.88,
            "eps_growth_yearly": 15.89
        },
        "20164": {
            "year_quarter": 20164,
            "year": 2016,
            "quarter": 4,
            "eps": 4.75,
            "eps_growth_year": 3.36,
            "eps_4q": 18.15,
            "eps_4q_growth_year": -4.75,
            "roe": 9.14,
            "roe_4q": 35.63,
            "gross_profit": 581029,
            "gross_margin": 29.06,
            "gross_margin_4q_avg": 30.61,
            "net_income": 373672,
            "revenue": 1999601,
            "common_shares": 787055,
            "book_valuer_per_share": 54.48,
            "book_valuer_per_share_4q_avg": 52.85,
            "equity": 4288259,
            "current_ratio": 207.33,
            "debt_ratio": 39.42,
            "inventory_turnover_ratio": 2.56,
            "account_receivable_turnover_ratio": 1.24,
            "reinvestment_rate": 9.92,
            "research_to_sale_ratio": 5.22,
            "price_fair": 452.84,
            "eps_avg_yearly": 16.07,
            "eps_latest_yearly": 19,
            "eps_growth_yearly": 18.18
        },
        "20171": {
            "year_quarter": 20171,
            "year": 2017,
            "quarter": 1,
            "eps": 4.07,
            "eps_growth_year": -8.33,
            "eps_4q": 17.99,
            "eps_4q_growth_year": -8.2,
            "roe": 7.2,
            "roe_4q": 35.01,
            "gross_profit": 647323,
            "gross_margin": 29.51,
            "gross_margin_4q_avg": 29.91,
            "net_income": 317470,
            "revenue": 2193487,
            "common_shares": 787055,
            "book_valuer_per_share": 57.51,
            "book_valuer_per_share_4q_avg": 52.51,
            "equity": 4526316,
            "current_ratio": 226.48,
            "debt_ratio": 35.7,
            "inventory_turnover_ratio": 2.23,
            "account_receivable_turnover_ratio": 1.48,
            "reinvestment_rate": 20.15,
            "research_to_sale_ratio": 4.03,
            "price_fair": 377.36,
            "eps_avg_yearly": 16.09,
            "eps_latest_yearly": 16.28,
            "eps_growth_yearly": 13.46
        },
        "20172": {
            "year_quarter": 20172,
            "year": 2017,
            "quarter": 2,
            "eps": 4.54,
            "eps_growth_year": -14.5,
            "eps_4q": 17.48,
            "eps_4q_growth_year": -9.98,
            "roe": 8.95,
            "roe_4q": 34.08,
            "gross_profit": 671242,
            "gross_margin": 27.03,
            "gross_margin_4q_avg": 28.95,
            "net_income": 354611,
            "revenue": 2483760,
            "common_shares": 786885,
            "book_valuer_per_share": 43.13,
            "book_valuer_per_share_4q_avg": 51.14,
            "equity": 3393964,
            "current_ratio": 144.48,
            "debt_ratio": 56.53,
            "inventory_turnover_ratio": 2.64,
            "account_receivable_turnover_ratio": 1.54,
            "reinvestment_rate": 20.88,
            "research_to_sale_ratio": 3.43,
            "price_fair": 518.25,
            "eps_avg_yearly": 16.63,
            "eps_latest_yearly": 18.16,
            "eps_growth_yearly": 21.16
        },
        "20173": {
            "year_quarter": 20173,
            "year": 2017,
            "quarter": 3,
            "eps": 4.16,
            "eps_growth_year": -1.42,
            "eps_4q": 17.42,
            "eps_4q_growth_year": -1.83,
            "roe": 9.03,
            "roe_4q": 34.31999999999999,
            "gross_profit": 691286,
            "gross_margin": 27,
            "gross_margin_4q_avg": 28.15,
            "net_income": 324650,
            "revenue": 2560176,
            "common_shares": 786885,
            "book_valuer_per_share": 48.2,
            "book_valuer_per_share_4q_avg": 50.83,
            "equity": 3792855,
            "current_ratio": 182.54,
            "debt_ratio": 42.1,
            "inventory_turnover_ratio": 2.54,
            "account_receivable_turnover_ratio": 1.48,
            "reinvestment_rate": 21.92,
            "research_to_sale_ratio": 3.63,
            "price_fair": 477.72,
            "eps_avg_yearly": 17.06,
            "eps_latest_yearly": 16.64,
            "eps_growth_yearly": 18
        },
        "20174": {
            "year_quarter": 20174,
            "year": 2017,
            "quarter": 4,
            "eps": 4.66,
            "eps_growth_year": -1.79,
            "eps_4q": 17.33,
            "eps_4q_growth_year": -4.51,
            "roe": 9.21,
            "roe_4q": 34.39,
            "gross_profit": 684797,
            "gross_margin": 26.09,
            "gross_margin_4q_avg": 27.41,
            "net_income": 366913,
            "revenue": 2624807,
            "common_shares": 786885,
            "book_valuer_per_share": 53.11,
            "book_valuer_per_share_4q_avg": 50.49,
            "equity": 4178761,
            "current_ratio": 185.72,
            "debt_ratio": 42.26,
            "inventory_turnover_ratio": 2.33,
            "account_receivable_turnover_ratio": 1.51,
            "reinvestment_rate": 22.12,
            "research_to_sale_ratio": 3.54,
            "price_fair": 510.58,
            "eps_avg_yearly": 17.57,
            "eps_latest_yearly": 18.64,
            "eps_growth_yearly": 19.07
        },
        "20181": {
            "year_quarter": 20181,
            "year": 2018,
            "quarter": 1,
            "eps": 3.82,
            "eps_growth_year": -6.14,
            "eps_4q": 17.09,
            "eps_4q_growth_year": -4.99,
            "roe": 6.84,
            "roe_4q": 34.03,
            "gross_profit": 644021,
            "gross_margin": 25.59,
            "gross_margin_4q_avg": 26.43,
            "net_income": 298537,
            "revenue": 2516689,
            "common_shares": 786853,
            "book_valuer_per_share": 57.82,
            "book_valuer_per_share_4q_avg": 50.57,
            "equity": 4549618,
            "current_ratio": 186.82,
            "debt_ratio": 40.23,
            "inventory_turnover_ratio": 2.1,
            "account_receivable_turnover_ratio": 1.44,
            "reinvestment_rate": 27.39,
            "research_to_sale_ratio": 3.33,
            "price_fair": 325.75,
            "eps_avg_yearly": 17.7,
            "eps_latest_yearly": 15.28,
            "eps_growth_yearly": 8.41
        },
        "20182": {
            "year_quarter": 20182,
            "year": 2018,
            "quarter": 2,
            "eps": 6.2,
            "eps_growth_year": 36.56,
            "eps_4q": 18.74,
            "eps_4q_growth_year": 7.19,
            "roe": 12.09,
            "roe_4q": 37.17,
            "gross_profit": 736985,
            "gross_margin": 25.75,
            "gross_margin_4q_avg": 26.11,
            "net_income": 484437,
            "revenue": 2861773,
            "common_shares": 786853,
            "book_valuer_per_share": 44.06,
            "book_valuer_per_share_4q_avg": 50.8,
            "equity": 3466810,
            "current_ratio": 131.55,
            "debt_ratio": 58.22,
            "inventory_turnover_ratio": 2.29,
            "account_receivable_turnover_ratio": 1.55,
            "reinvestment_rate": 27.79,
            "research_to_sale_ratio": 3.36,
            "price_fair": 603.89,
            "eps_avg_yearly": 18.39,
            "eps_latest_yearly": 24.8,
            "eps_growth_yearly": 22.84
        },
        "20183": {
            "year_quarter": 20183,
            "year": 2018,
            "quarter": 3,
            "eps": 7.25,
            "eps_growth_year": 74.28,
            "eps_4q": 21.82,
            "eps_4q_growth_year": 25.28,
            "roe": 15.3,
            "roe_4q": 43.440000000000005,
            "gross_profit": 884240,
            "gross_margin": 28.93,
            "gross_margin_4q_avg": 26.59,
            "net_income": 566889,
            "revenue": 3056844,
            "common_shares": 786853,
            "book_valuer_per_share": 50.13,
            "book_valuer_per_share_4q_avg": 51.28,
            "equity": 3944747,
            "current_ratio": 154.65,
            "debt_ratio": 46.92,
            "inventory_turnover_ratio": 2.21,
            "account_receivable_turnover_ratio": 1.42,
            "reinvestment_rate": 15.41,
            "research_to_sale_ratio": 3.42,
            "price_fair": 638.16,
            "eps_avg_yearly": 19.21,
            "eps_latest_yearly": 29,
            "eps_growth_yearly": 23.22
        },
        "20184": {
            "year_quarter": 20184,
            "year": 2018,
            "quarter": 4,
            "eps": 5.89,
            "eps_growth_year": 26.4,
            "eps_4q": 23.05,
            "eps_4q_growth_year": 33,
            "roe": 11.05,
            "roe_4q": 45.28,
            "gross_profit": 839920,
            "gross_margin": 28.26,
            "gross_margin_4q_avg": 27.13,
            "net_income": 463769,
            "revenue": 2972588,
            "common_shares": 786853,
            "book_valuer_per_share": 56.55,
            "book_valuer_per_share_4q_avg": 52.14,
            "equity": 4450005,
            "current_ratio": 157.66,
            "debt_ratio": 46.29,
            "inventory_turnover_ratio": 2.17,
            "account_receivable_turnover_ratio": 1.31,
            "reinvestment_rate": 17.79,
            "research_to_sale_ratio": 4.48,
            "price_fair": 565.72,
            "eps_avg_yearly": 19.7,
            "eps_latest_yearly": 23.56,
            "eps_growth_yearly": 18.72
        },
        "20191": {
            "year_quarter": 20191,
            "year": 2019,
            "quarter": 1,
            "eps": 4.85,
            "eps_growth_year": 26.96,
            "eps_4q": 24.08,
            "eps_4q_growth_year": 40.89,
            "roe": 8.1,
            "roe_4q": 46.540000000000006,
            "gross_profit": 784421,
            "gross_margin": 27.48,
            "gross_margin_4q_avg": 27.61,
            "net_income": 379508,
            "revenue": 2854537,
            "common_shares": 786853,
            "book_valuer_per_share": 62.5,
            "book_valuer_per_share_4q_avg": 53.31,
            "equity": 4917646,
            "current_ratio": 152.21,
            "debt_ratio": 49.18,
            "inventory_turnover_ratio": 2.26,
            "account_receivable_turnover_ratio": 1.39,
            "reinvestment_rate": 21.71,
            "research_to_sale_ratio": 3.61,
            "price_fair": 463.15,
            "eps_avg_yearly": 19.88,
            "eps_latest_yearly": 19.4,
            "eps_growth_yearly": 13.29
        },
        "20192": {
            "year_quarter": 20192,
            "year": 2019,
            "quarter": 2,
            "eps": 7.62,
            "eps_growth_year": 22.9,
            "eps_4q": 24.29,
            "eps_4q_growth_year": 29.63,
            "roe": 13.64,
            "roe_4q": 48.09,
            "gross_profit": 1014648,
            "gross_margin": 29.48,
            "gross_margin_4q_avg": 28.54,
            "net_income": 596843,
            "revenue": 3441409,
            "common_shares": 786853,
            "book_valuer_per_share": 48.71,
            "book_valuer_per_share_4q_avg": 54.47,
            "equity": 3832410,
            "current_ratio": 122.15,
            "debt_ratio": 60.72,
            "inventory_turnover_ratio": 2.95,
            "account_receivable_turnover_ratio": 1.69,
            "reinvestment_rate": 20.98,
            "research_to_sale_ratio": 3.45,
            "price_fair": 695.04,
            "eps_avg_yearly": 20.61,
            "eps_latest_yearly": 30.48,
            "eps_growth_yearly": 23.73
        },
        "20193": {
            "year_quarter": 20193,
            "year": 2019,
            "quarter": 3,
            "eps": 7.7,
            "eps_growth_year": 6.21,
            "eps_4q": 24.9,
            "eps_4q_growth_year": 14.15,
            "roe": 15.44,
            "roe_4q": 48.230000000000004,
            "gross_profit": 1024174,
            "gross_margin": 30.82,
            "gross_margin_4q_avg": 29.01,
            "net_income": 634483,
            "revenue": 3323226,
            "common_shares": 833015,
            "book_valuer_per_share": 52.63,
            "book_valuer_per_share_4q_avg": 55.1,
            "equity": 4384179,
            "current_ratio": 130.57,
            "debt_ratio": 58.49,
            "inventory_turnover_ratio": 2.93,
            "account_receivable_turnover_ratio": 1.47,
            "reinvestment_rate": 19.73,
            "research_to_sale_ratio": 4.02,
            "price_fair": 567.83,
            "eps_avg_yearly": 21.02,
            "eps_latest_yearly": 30.8,
            "eps_growth_yearly": 17.02
        },
        "20194": {
            "year_quarter": 20194,
            "year": 2019,
            "quarter": 4,
            "eps": 6.24,
            "eps_growth_year": 5.95,
            "eps_4q": 25.58,
            "eps_4q_growth_year": 10.99,
            "roe": 11.23,
            "roe_4q": 48.410000000000004,
            "gross_profit": 961759,
            "gross_margin": 28.99,
            "gross_margin_4q_avg": 29.19,
            "net_income": 520198,
            "revenue": 3317210,
            "common_shares": 833015,
            "book_valuer_per_share": 58.58,
            "book_valuer_per_share_4q_avg": 55.61,
            "equity": 4879915,
            "current_ratio": 143.57,
            "debt_ratio": 52.81,
            "inventory_turnover_ratio": 2.6,
            "account_receivable_turnover_ratio": 1.43,
            "reinvestment_rate": 18.36,
            "research_to_sale_ratio": 6.37,
            "price_fair": 606.68,
            "eps_avg_yearly": 21.43,
            "eps_latest_yearly": 24.96,
            "eps_growth_yearly": 18.31
        },
        "20201": {
            "year_quarter": 20201,
            "year": 2020,
            "quarter": 1,
            "eps": 4.85,
            "eps_growth_year": 0,
            "eps_4q": 25.84,
            "eps_4q_growth_year": 7.32,
            "roe": 7.87,
            "roe_4q": 48.18,
            "gross_profit": 777696,
            "gross_margin": 30.5,
            "gross_margin_4q_avg": 29.95,
            "net_income": 400971,
            "revenue": 2549971,
            "common_shares": 833015,
            "book_valuer_per_share": 63.69,
            "book_valuer_per_share_4q_avg": 55.9,
            "equity": 5305433,
            "current_ratio": 155.76,
            "debt_ratio": 48.91,
            "inventory_turnover_ratio": 1.56,
            "account_receivable_turnover_ratio": 1.22,
            "reinvestment_rate": 17.48,
            "research_to_sale_ratio": 5.58,
            "price_fair": 507.26,
            "eps_avg_yearly": 21.53,
            "eps_latest_yearly": 19.4,
            "eps_growth_yearly": 13.56
        },
        "20202": {
            "year_quarter": 20202,
            "year": 2020,
            "quarter": 2,
            "eps": 9.57,
            "eps_growth_year": 25.59,
            "eps_4q": 26.84,
            "eps_4q_growth_year": 10.48,
            "roe": 16.75,
            "roe_4q": 51.29,
            "gross_profit": 1262695,
            "gross_margin": 32.74,
            "gross_margin_4q_avg": 30.76,
            "net_income": 791055,
            "revenue": 3856740,
            "common_shares": 832735,
            "book_valuer_per_share": 49.68,
            "book_valuer_per_share_4q_avg": 56.15,
            "equity": 4137236,
            "current_ratio": 121,
            "debt_ratio": 62.95,
            "inventory_turnover_ratio": 2.24,
            "account_receivable_turnover_ratio": 1.78,
            "reinvestment_rate": 17.24,
            "research_to_sale_ratio": 3.69,
            "price_fair": 790.91,
            "eps_avg_yearly": 22.6,
            "eps_latest_yearly": 38.28,
            "eps_growth_yearly": 32.99
        },
        "20203": {
            "year_quarter": 20203,
            "year": 2020,
            "quarter": 3,
            "eps": 6.33,
            "eps_growth_year": -17.79,
            "eps_4q": 25.86,
            "eps_4q_growth_year": 3.85,
            "roe": 12.27,
            "roe_4q": 48.120000000000005,
            "gross_profit": 1086275,
            "gross_margin": 29.93,
            "gross_margin_4q_avg": 30.54,
            "net_income": 549281,
            "revenue": 3629812,
            "common_shares": 874386,
            "book_valuer_per_share": 55.1,
            "book_valuer_per_share_4q_avg": 56.76,
            "equity": 4818124,
            "current_ratio": 125.7,
            "debt_ratio": 62.51,
            "inventory_turnover_ratio": 2.37,
            "account_receivable_turnover_ratio": 1.62,
            "reinvestment_rate": 17.69,
            "research_to_sale_ratio": 4.01,
            "price_fair": 809.38,
            "eps_avg_yearly": 23.13,
            "eps_latest_yearly": 25.32,
            "eps_growth_yearly": 29.66
        },
        "20204": {
            "year_quarter": 20204,
            "year": 2020,
            "quarter": 4,
            "eps": 5.21,
            "eps_growth_year": -16.52,
            "eps_4q": 25.13,
            "eps_4q_growth_year": -1.77,
            "roe": 8.98,
            "roe_4q": 45.87,
            "gross_profit": 891515,
            "gross_margin": 24.65,
            "gross_margin_4q_avg": 29.46,
            "net_income": 455837,
            "revenue": 3616041,
            "common_shares": 874354,
            "book_valuer_per_share": 61.06,
            "book_valuer_per_share_4q_avg": 57.38,
            "equity": 5338568,
            "current_ratio": 139.13,
            "debt_ratio": 55.22,
            "inventory_turnover_ratio": 2.3,
            "account_receivable_turnover_ratio": 1.65,
            "reinvestment_rate": 18.2,
            "research_to_sale_ratio": 3.99,
            "price_fair": 745.86,
            "eps_avg_yearly": 23.24,
            "eps_latest_yearly": 20.84,
            "eps_growth_yearly": 22.09
        },
        "20211": {
            "year_quarter": 20211,
            "year": 2021,
            "quarter": 1,
            "eps": 4.87,
            "eps_growth_year": 0.41,
            "eps_4q": 25.38,
            "eps_4q_growth_year": -1.76,
            "roe": 7.58,
            "roe_4q": 45.58,
            "gross_profit": 849578,
            "gross_margin": 24.54,
            "gross_margin_4q_avg": 27.97,
            "net_income": 422901,
            "revenue": 3462582,
            "common_shares": 874194,
            "book_valuer_per_share": 66.64,
            "book_valuer_per_share_4q_avg": 58.12,
            "equity": 5825346,
            "current_ratio": 142.25,
            "debt_ratio": 54.63,
            "inventory_turnover_ratio": 1.78,
            "account_receivable_turnover_ratio": 1.51,
            "reinvestment_rate": 19,
            "research_to_sale_ratio": 4.04,
            "price_fair": 797.93,
            "eps_avg_yearly": 23.44,
            "eps_latest_yearly": 19.48,
            "eps_growth_yearly": 24.04
        },
        "20212": {
            "year_quarter": 20212,
            "year": 2021,
            "quarter": 2,
            "eps": 7.09,
            "eps_growth_year": -25.91,
            "eps_4q": 23.39,
            "eps_4q_growth_year": -12.86,
            "roe": 12.08,
            "roe_4q": 40.91,
            "gross_profit": 1082595,
            "gross_margin": 26.67,
            "gross_margin_4q_avg": 26.45,
            "net_income": 616505,
            "revenue": 4059037,
            "common_shares": 874194,
            "book_valuer_per_share": 50.12,
            "book_valuer_per_share_4q_avg": 58.23,
            "equity": 4381458,
            "current_ratio": 114.44,
            "debt_ratio": 68.47,
            "inventory_turnover_ratio": 1.64,
            "account_receivable_turnover_ratio": 1.64,
            "reinvestment_rate": 18.34,
            "research_to_sale_ratio": 3.8,
            "price_fair": 842.71,
            "eps_avg_yearly": 24.08,
            "eps_latest_yearly": 28.36,
            "eps_growth_yearly": 32.55
        },
        "20213": {
            "year_quarter": 20213,
            "year": 2021,
            "quarter": 3,
            "eps": 7.91,
            "eps_growth_year": 24.96,
            "eps_4q": 24.97,
            "eps_4q_growth_year": -3.44,
            "roe": 14.65,
            "roe_4q": 43.290000000000006,
            "gross_profit": 1167524,
            "gross_margin": 25.82,
            "gross_margin_4q_avg": 25.42,
            "net_income": 687992,
            "revenue": 4521434,
            "common_shares": 874194,
            "book_valuer_per_share": 57.31,
            "book_valuer_per_share_4q_avg": 58.78,
            "equity": 5010097,
            "current_ratio": 125.21,
            "debt_ratio": 60.42,
            "inventory_turnover_ratio": 1.66,
            "account_receivable_turnover_ratio": 1.59,
            "reinvestment_rate": 17.29,
            "research_to_sale_ratio": 2.95,
            "price_fair": 875.53,
            "eps_avg_yearly": 25.02,
            "eps_latest_yearly": 31.64,
            "eps_growth_yearly": 37.53
        },
        "20214": {
            "year_quarter": 20214,
            "year": 2021,
            "quarter": 4,
            "eps": 7.23,
            "eps_growth_year": 38.66,
            "eps_4q": 26.99,
            "eps_4q_growth_year": 7.4,
            "roe": 11.79,
            "roe_4q": 46.099999999999994,
            "gross_profit": 1211294,
            "gross_margin": 24.65,
            "gross_margin_4q_avg": 25.42,
            "net_income": 631964,
            "revenue": 4913629,
            "common_shares": 874194,
            "book_valuer_per_share": 65.29,
            "book_valuer_per_share_4q_avg": 59.84,
            "equity": 5707676,
            "current_ratio": 133.97,
            "debt_ratio": 57.35,
            "inventory_turnover_ratio": 1.94,
            "account_receivable_turnover_ratio": 1.7,
            "reinvestment_rate": 16.88,
            "research_to_sale_ratio": 3.54,
            "price_fair": 898.01,
            "eps_avg_yearly": 25.66,
            "eps_latest_yearly": 28.92,
            "eps_growth_yearly": 32.38
        },
        "20221": {
            "year_quarter": 20221,
            "year": 2022,
            "quarter": 1,
            "eps": 5.75,
            "eps_growth_year": 18.07,
            "eps_4q": 27.94,
            "eps_4q_growth_year": 10.06,
            "roe": 8.25,
            "roe_4q": 46.769999999999996,
            "gross_profit": 1072176,
            "gross_margin": 25.08,
            "gross_margin_4q_avg": 25.56,
            "net_income": 500371,
            "revenue": 4274310,
            "common_shares": 872262,
            "book_valuer_per_share": 73.67,
            "book_valuer_per_share_4q_avg": 61.6,
            "equity": 6425588,
            "current_ratio": 132.13,
            "debt_ratio": 59.48,
            "inventory_turnover_ratio": 1.55,
            "account_receivable_turnover_ratio": 1.54,
            "reinvestment_rate": 29.68,
            "research_to_sale_ratio": 3.82,
            "price_fair": 914.9,
            "eps_avg_yearly": 26.14,
            "eps_latest_yearly": 23,
            "eps_growth_yearly": 31.77
        },
        "20222": {
            "year_quarter": 20222,
            "year": 2022,
            "quarter": 2,
            "eps": 14.71,
            "eps_growth_year": 107.48,
            "eps_4q": 35.55,
            "eps_4q_growth_year": 51.99,
            "roe": 21.35,
            "roe_4q": 56.04,
            "gross_profit": 1839701,
            "gross_margin": 28.99,
            "gross_margin_4q_avg": 26.14,
            "net_income": 1280238,
            "revenue": 6346985,
            "common_shares": 872262,
            "book_valuer_per_share": 63.79,
            "book_valuer_per_share_4q_avg": 65.02,
            "equity": 5564576,
            "current_ratio": 115.18,
            "debt_ratio": 69.22,
            "inventory_turnover_ratio": 1.89,
            "account_receivable_turnover_ratio": 2.08,
            "reinvestment_rate": 26.89,
            "research_to_sale_ratio": 2.93,
            "price_fair": 989.36,
            "eps_avg_yearly": 28.27,
            "eps_latest_yearly": 58.84,
            "eps_growth_yearly": 55.15
        },
        "20223": {
            "year_quarter": 20223,
            "year": 2022,
            "quarter": 3,
            "eps": 17.29,
            "eps_growth_year": 118.58,
            "eps_4q": 44.65,
            "eps_4q_growth_year": 78.77,
            "roe": 23.65,
            "roe_4q": 65.03999999999999,
            "gross_profit": 2174716,
            "gross_margin": 33.95,
            "gross_margin_4q_avg": 28.17,
            "net_income": 1505687,
            "revenue": 6405252,
            "common_shares": 877626,
            "book_valuer_per_share": 81.7,
            "book_valuer_per_share_4q_avg": 71.11,
            "equity": 7170078,
            "current_ratio": 146.24,
            "debt_ratio": 52.88,
            "inventory_turnover_ratio": 1.75,
            "account_receivable_turnover_ratio": 1.82,
            "reinvestment_rate": 24.43,
            "research_to_sale_ratio": 3.44,
            "price_fair": 1077.21,
            "eps_avg_yearly": 30.78,
            "eps_latest_yearly": 69.16,
            "eps_growth_yearly": 55.3
        },
        "20224": {
            "year_quarter": 20224,
            "year": 2022,
            "quarter": 4,
            "eps": 13.06,
            "eps_growth_year": 80.72,
            "eps_4q": 50.51,
            "eps_4q_growth_year": 87.15,
            "roe": 14.78,
            "roe_4q": 68.03,
            "gross_profit": 2050077,
            "gross_margin": 35.98,
            "gross_margin_4q_avg": 31,
            "net_income": 1146594,
            "revenue": 5698049,
            "common_shares": 877626,
            "book_valuer_per_share": 95.07,
            "book_valuer_per_share_4q_avg": 78.56,
            "equity": 8343227,
            "current_ratio": 163.22,
            "debt_ratio": 47.99,
            "inventory_turnover_ratio": 1.64,
            "account_receivable_turnover_ratio": 1.68,
            "reinvestment_rate": 22.57,
            "research_to_sale_ratio": 5.89,
            "price_fair": 1139.95,
            "eps_avg_yearly": 32.57,
            "eps_latest_yearly": 52.24,
            "eps_growth_yearly": 53.87
        },
        "20231": {
            "year_quarter": 20231,
            "year": 2023,
            "quarter": 1,
            "eps": 8.55,
            "eps_growth_year": 48.7,
            "eps_4q": 53.31,
            "eps_4q_growth_year": 90.81,
            "roe": 8.49,
            "roe_4q": 68.27000000000001,
            "gross_profit": 1509268,
            "gross_margin": 32.14,
            "gross_margin_4q_avg": 32.77,
            "net_income": 745913,
            "revenue": 4695501,
            "common_shares": 877626,
            "book_valuer_per_share": 105.17,
            "book_valuer_per_share_4q_avg": 86.43,
            "equity": 9230368,
            "current_ratio": 183.01,
            "debt_ratio": 43.63,
            "inventory_turnover_ratio": 1.63,
            "account_receivable_turnover_ratio": 1.62,
            "reinvestment_rate": 19.53,
            "research_to_sale_ratio": 5.11,
            "price_fair": 1172.33,
            "eps_avg_yearly": 33.5,
            "eps_latest_yearly": 34.2,
            "eps_growth_yearly": 49.66
        }
    },
    "months": {
        "2013-01": {
            "month": "2013-01",
            "price": "102.65",
            "revenue": 481161
        },
        "2013-02": {
            "month": "2013-02",
            "price": "109.60",
            "revenue": 327402
        },
        "2013-03": {
            "month": "2013-03",
            "price": "115.00",
            "revenue": 511288
        },
        "2013-04": {
            "month": "2013-04",
            "price": "120.72",
            "revenue": 470182
        },
        "2013-05": {
            "month": "2013-05",
            "price": "125.47",
            "revenue": 453989
        },
        "2013-06": {
            "month": "2013-06",
            "price": "125.24",
            "revenue": 375142
        },
        "2013-07": {
            "month": "2013-07",
            "price": "121.03",
            "revenue": 506893
        },
        "2013-08": {
            "month": "2013-08",
            "price": "136.98",
            "revenue": 534033
        },
        "2013-09": {
            "month": "2013-09",
            "price": "132.03",
            "revenue": 443700
        },
        "2013-10": {
            "month": "2013-10",
            "price": "137.92",
            "revenue": 423661
        },
        "2013-11": {
            "month": "2013-11",
            "price": "138.49",
            "revenue": 453731
        },
        "2013-12": {
            "month": "2013-12",
            "price": "150.99",
            "revenue": 510691
        },
        "2014-01": {
            "month": "2014-01",
            "price": "164.33",
            "revenue": 499772
        },
        "2014-02": {
            "month": "2014-02",
            "price": "164.55",
            "revenue": 453010
        },
        "2014-03": {
            "month": "2014-03",
            "price": "184.50",
            "revenue": 543362
        },
        "2014-04": {
            "month": "2014-04",
            "price": "194.64",
            "revenue": 509532
        },
        "2014-05": {
            "month": "2014-05",
            "price": "219.90",
            "revenue": 593910
        },
        "2014-06": {
            "month": "2014-06",
            "price": "230.12",
            "revenue": 535634
        },
        "2014-07": {
            "month": "2014-07",
            "price": "220.30",
            "revenue": 618229
        },
        "2014-08": {
            "month": "2014-08",
            "price": "220.21",
            "revenue": 593713
        },
        "2014-09": {
            "month": "2014-09",
            "price": "251.45",
            "revenue": 624711
        },
        "2014-10": {
            "month": "2014-10",
            "price": "241.80",
            "revenue": 573656
        },
        "2014-11": {
            "month": "2014-11",
            "price": "269.40",
            "revenue": 587675
        },
        "2014-12": {
            "month": "2014-12",
            "price": "292.98",
            "revenue": 591898
        },
        "2015-01": {
            "month": "2015-01",
            "price": "277.60",
            "revenue": 668248
        },
        "2015-02": {
            "month": "2015-02",
            "price": "274.96",
            "revenue": 526759
        },
        "2015-03": {
            "month": "2015-03",
            "price": "300.80",
            "revenue": 726626
        },
        "2015-04": {
            "month": "2015-04",
            "price": "333.52",
            "revenue": 679858
        },
        "2015-05": {
            "month": "2015-05",
            "price": "379.70",
            "revenue": 701516
        },
        "2015-06": {
            "month": "2015-06",
            "price": "388.02",
            "revenue": 651148
        },
        "2015-07": {
            "month": "2015-07",
            "price": "377.39",
            "revenue": 723916
        },
        "2015-08": {
            "month": "2015-08",
            "price": "411.02",
            "revenue": 715913
        },
        "2015-09": {
            "month": "2015-09",
            "price": "427.30",
            "revenue": 700779
        },
        "2015-10": {
            "month": "2015-10",
            "price": "406.36",
            "revenue": 648087
        },
        "2015-11": {
            "month": "2015-11",
            "price": "457.00",
            "revenue": 648112
        },
        "2015-12": {
            "month": "2015-12",
            "price": "493.98",
            "revenue": 648494
        },
        "2016-01": {
            "month": "2016-01",
            "price": "491.74",
            "revenue": 719312
        },
        "2016-02": {
            "month": "2016-02",
            "price": "512.08",
            "revenue": 519140
        },
        "2016-03": {
            "month": "2016-03",
            "price": "500.09",
            "revenue": 779411
        },
        "2016-04": {
            "month": "2016-04",
            "price": "526.37",
            "revenue": 603735
        },
        "2016-05": {
            "month": "2016-05",
            "price": "457.86",
            "revenue": 767793
        },
        "2016-06": {
            "month": "2016-06",
            "price": "467.86",
            "revenue": 664330
        },
        "2016-07": {
            "month": "2016-07",
            "price": "487.50",
            "revenue": 660972
        },
        "2016-08": {
            "month": "2016-08",
            "price": "507.43",
            "revenue": 690781
        },
        "2016-09": {
            "month": "2016-09",
            "price": "486.84",
            "revenue": 715144
        },
        "2016-10": {
            "month": "2016-10",
            "price": "485.22",
            "revenue": 675364
        },
        "2016-11": {
            "month": "2016-11",
            "price": "427.00",
            "revenue": 644346
        },
        "2016-12": {
            "month": "2016-12",
            "price": "434.11",
            "revenue": 676588
        },
        "2017-01": {
            "month": "2017-01",
            "price": "444.50",
            "revenue": 706334
        },
        "2017-02": {
            "month": "2017-02",
            "price": "428.00",
            "revenue": 671379
        },
        "2017-03": {
            "month": "2017-03",
            "price": "424.00",
            "revenue": 815774
        },
        "2017-04": {
            "month": "2017-04",
            "price": "421.83",
            "revenue": 695681
        },
        "2017-05": {
            "month": "2017-05",
            "price": "454.48",
            "revenue": 929197
        },
        "2017-06": {
            "month": "2017-06",
            "price": "514.72",
            "revenue": 858881
        },
        "2017-07": {
            "month": "2017-07",
            "price": "517.45",
            "revenue": 805134
        },
        "2017-08": {
            "month": "2017-08",
            "price": "515.17",
            "revenue": 940948
        },
        "2017-09": {
            "month": "2017-09",
            "price": "546.55",
            "revenue": 814096
        },
        "2017-10": {
            "month": "2017-10",
            "price": "577.42",
            "revenue": 804657
        },
        "2017-11": {
            "month": "2017-11",
            "price": "528.86",
            "revenue": 948930
        },
        "2017-12": {
            "month": "2017-12",
            "price": "514.14",
            "revenue": 872223
        },
        "2018-01": {
            "month": "2018-01",
            "price": "531.86",
            "revenue": 933026
        },
        "2018-02": {
            "month": "2018-02",
            "price": "500.27",
            "revenue": 661943
        },
        "2018-03": {
            "month": "2018-03",
            "price": "532.61",
            "revenue": 921719
        },
        "2018-04": {
            "month": "2018-04",
            "price": "547.11",
            "revenue": 882493
        },
        "2018-05": {
            "month": "2018-05",
            "price": "502.23",
            "revenue": 1022454
        },
        "2018-06": {
            "month": "2018-06",
            "price": "493.95",
            "revenue": 952914
        },
        "2018-07": {
            "month": "2018-07",
            "price": "534.82",
            "revenue": 965973
        },
        "2018-08": {
            "month": "2018-08",
            "price": "525.57",
            "revenue": 1147490
        },
        "2018-09": {
            "month": "2018-09",
            "price": "537.74",
            "revenue": 947295
        },
        "2018-10": {
            "month": "2018-10",
            "price": "504.48",
            "revenue": 1045719
        },
        "2018-11": {
            "month": "2018-11",
            "price": "513.75",
            "revenue": 939353
        },
        "2018-12": {
            "month": "2018-12",
            "price": "526.71",
            "revenue": 987495
        },
        "2019-01": {
            "month": "2019-01",
            "price": "532.81",
            "revenue": 1087450
        },
        "2019-02": {
            "month": "2019-02",
            "price": "534.69",
            "revenue": 738921
        },
        "2019-03": {
            "month": "2019-03",
            "price": "605.95",
            "revenue": 1028165
        },
        "2019-04": {
            "month": "2019-04",
            "price": "612.25",
            "revenue": 1173731
        },
        "2019-05": {
            "month": "2019-05",
            "price": "602.00",
            "revenue": 1198170
        },
        "2019-06": {
            "month": "2019-06",
            "price": "608.21",
            "revenue": 1069509
        },
        "2019-07": {
            "month": "2019-07",
            "price": "663.70",
            "revenue": 1026959
        },
        "2019-08": {
            "month": "2019-08",
            "price": "691.05",
            "revenue": 1169561
        },
        "2019-09": {
            "month": "2019-09",
            "price": "657.16",
            "revenue": 1126706
        },
        "2019-10": {
            "month": "2019-10",
            "price": "650.33",
            "revenue": 1059376
        },
        "2019-11": {
            "month": "2019-11",
            "price": "695.29",
            "revenue": 1127908
        },
        "2019-12": {
            "month": "2019-12",
            "price": "712.00",
            "revenue": 1129926
        },
        "2020-01": {
            "month": "2020-01",
            "price": "752.20",
            "revenue": 918289
        },
        "2020-02": {
            "month": "2020-02",
            "price": "744.58",
            "revenue": 515910
        },
        "2020-03": {
            "month": "2020-03",
            "price": "646.09",
            "revenue": 1115772
        },
        "2020-04": {
            "month": "2020-04",
            "price": "656.80",
            "revenue": 1273330
        },
        "2020-05": {
            "month": "2020-05",
            "price": "756.60",
            "revenue": 1294329
        },
        "2020-06": {
            "month": "2020-06",
            "price": "834.20",
            "revenue": 1289081
        },
        "2020-07": {
            "month": "2020-07",
            "price": "879.91",
            "revenue": 1238084
        },
        "2020-08": {
            "month": "2020-08",
            "price": "990.29",
            "revenue": 1182320
        },
        "2020-09": {
            "month": "2020-09",
            "price": "955.86",
            "revenue": 1209408
        },
        "2020-10": {
            "month": "2020-10",
            "price": "978.00",
            "revenue": 1036994
        },
        "2020-11": {
            "month": "2020-11",
            "price": "939.71",
            "revenue": 1264703
        },
        "2020-12": {
            "month": "2020-12",
            "price": "955.43",
            "revenue": 1314344
        },
        "2021-01": {
            "month": "2021-01",
            "price": "1229.75",
            "revenue": 1314826
        },
        "2021-02": {
            "month": "2021-02",
            "price": "1288.46",
            "revenue": 769388
        },
        "2021-03": {
            "month": "2021-03",
            "price": "1082.05",
            "revenue": 1378368
        },
        "2021-04": {
            "month": "2021-04",
            "price": "1157.89",
            "revenue": 1376331
        },
        "2021-05": {
            "month": "2021-05",
            "price": "1177.38",
            "revenue": 1333536
        },
        "2021-06": {
            "month": "2021-06",
            "price": "1270.95",
            "revenue": 1349170
        },
        "2021-07": {
            "month": "2021-07",
            "price": "1310.45",
            "revenue": 1420667
        },
        "2021-08": {
            "month": "2021-08",
            "price": "1305.91",
            "revenue": 1605201
        },
        "2021-09": {
            "month": "2021-09",
            "price": "1388.50",
            "revenue": 1495566
        },
        "2021-10": {
            "month": "2021-10",
            "price": "1616.50",
            "revenue": 1582168
        },
        "2021-11": {
            "month": "2021-11",
            "price": "1678.41",
            "revenue": 1774569
        },
        "2021-12": {
            "month": "2021-12",
            "price": "1527.73",
            "revenue": 1556892
        },
        "2022-01": {
            "month": "2022-01",
            "price": "1491.67",
            "revenue": 1544376
        },
        "2022-02": {
            "month": "2022-02",
            "price": "1419.67",
            "revenue": 1057880
        },
        "2022-03": {
            "month": "2022-03",
            "price": "1436.30",
            "revenue": 1672054
        },
        "2022-04": {
            "month": "2022-04",
            "price": "1365.26",
            "revenue": 2079911
        },
        "2022-05": {
            "month": "2022-05",
            "price": "1383.57",
            "revenue": 2087020
        },
        "2022-06": {
            "month": "2022-06",
            "price": "1443.81",
            "revenue": 2180054
        },
        "2022-07": {
            "month": "2022-07",
            "price": "1456.67",
            "revenue": 1976858
        },
        "2022-08": {
            "month": "2022-08",
            "price": "1655.22",
            "revenue": 2357898
        },
        "2022-09": {
            "month": "2022-09",
            "price": "1562.14",
            "revenue": 2070496
        },
        "2022-10": {
            "month": "2022-10",
            "price": "1332.00",
            "revenue": 1935388
        },
        "2022-11": {
            "month": "2022-11",
            "price": "1529.55",
            "revenue": 1988998
        },
        "2022-12": {
            "month": "2022-12",
            "price": "1644.09",
            "revenue": 1773663
        },
        "2023-01": {
            "month": "2023-01",
            "price": "1568.46",
            "revenue": 1423490
        },
        "2023-02": {
            "month": "2023-02",
            "price": "1622.78",
            "revenue": 1279299
        },
        "2023-03": {
            "month": "2023-03",
            "price": "1688.91",
            "revenue": 1992712
        },
        "2023-04": {
            "month": "2023-04",
            "price": "1775.29",
            "revenue": 1810668
        }
    }
}
