{
    "summary": {
        "stock_name": "晶焱",
        "stock_id": "6411",
        "category": "半導體",
        "main_business": "IC設計及銷售",
        "website_url": "http://www.amazingic.com",
        "ceo": "姜信欽",
        "pe_ratio": 25,
        "report_year_from": 2011,
        "report_year_to": 2023,
        "age": 13,
        "eps_negative_percentage": 0,
        "eps_growth_avg": {
            "last_all": 11.14,
            "last_2y": -2.14,
            "last_4y": -4.65,
            "last_8y": 12.87,
            "last_12y": null,
            "last_16y": null,
            "last_20y": null,
            "at_2006_last_3y": null,
            "at_2007_last_3y": null,
            "at_2008_last_3y": null,
            "at_2009_last_3y": null,
            "at_2010_last_3y": null,
            "at_2011_last_3y": null,
            "at_2012_last_3y": null,
            "at_2013_last_3y": null,
            "at_2014_last_3y": null,
            "at_2015_last_3y": null,
            "at_2016_last_3y": null,
            "at_2017_last_3y": 28.66,
            "at_2018_last_3y": 34.77,
            "at_2019_last_3y": 24.89,
            "at_2020_last_3y": 8.43,
            "at_2021_last_3y": 16.21,
            "at_2022_last_3y": -1.7,
            "at_2023_last_3y": -1.76,
            "at_2024_last_3y": -1.76,
            "at_2006_last_all": null,
            "at_2007_last_all": null,
            "at_2008_last_all": null,
            "at_2009_last_all": null,
            "at_2010_last_all": null,
            "at_2011_last_all": null,
            "at_2012_last_all": null,
            "at_2013_last_all": null,
            "at_2014_last_all": null,
            "at_2015_last_all": 9.48,
            "at_2016_last_all": 28.05,
            "at_2017_last_all": 28.66,
            "at_2018_last_all": 26.94,
            "at_2019_last_all": 19.75,
            "at_2020_last_all": 16.84,
            "at_2021_last_all": 22.43,
            "at_2022_last_all": 14.21,
            "at_2023_last_all": 11.14,
            "at_2024_last_all": 11.14
        },
        "latest_eps": 4.09,
        "latest_price": 104,
        "latest_roe": 8.36,
        "latest_gross_margin": 40.09,
        "latest_equity": 4734281,
        "latest_revenue": 604456,
        "latest_gross_profit": 242321,
        "latest_net_income": 18603,
        "latest_debt_ratio": 23.72,
        "latest_current_ratio": 233.54,
        "latest_account_receivable_turnover_ratio": 1.11,
        "latest_inventory_turnover_ratio": 0.87,
        "latest_reinvestment_rate": 31.94,
        "latest_research_to_sale_ratio": 17.83
    },
    "eps_dividends": {
        "2001": {
            "cash": 0,
            "stock": 0,
            "eps": 0
        },
        "2002": {
            "cash": 0,
            "stock": 0,
            "eps": 0
        },
        "2003": {
            "cash": 0,
            "stock": 0,
            "eps": 0
        },
        "2004": {
            "cash": 0,
            "stock": 0,
            "eps": 0
        },
        "2005": {
            "cash": 0,
            "stock": 0,
            "eps": 0
        },
        "2006": {
            "cash": 0,
            "stock": 0,
            "eps": 0
        },
        "2007": {
            "cash": 0,
            "stock": 0,
            "eps": 0
        },
        "2008": {
            "cash": 0,
            "stock": 0,
            "eps": 0
        },
        "2009": {
            "cash": 0,
            "stock": 0,
            "eps": 0
        },
        "2010": {
            "cash": 0,
            "stock": 0,
            "eps": 0
        },
        "2011": {
            "cash": 0,
            "stock": 0,
            "eps": 0
        },
        "2012": {
            "cash": 2,
            "stock": 0,
            "eps": 0
        },
        "2013": {
            "cash": 1.5,
            "stock": 0,
            "eps": 2.51
        },
        "2014": {
            "cash": 1.5,
            "stock": 0,
            "eps": 2.4
        },
        "2015": {
            "cash": 1.5,
            "stock": 0,
            "eps": 2.96
        },
        "2016": {
            "cash": 1.8,
            "stock": 0,
            "eps": 4.89
        },
        "2017": {
            "cash": 1.8,
            "stock": 0.6,
            "eps": 6.38
        },
        "2018": {
            "cash": 3.2,
            "stock": 0.6,
            "eps": 7.66
        },
        "2019": {
            "cash": 4.2,
            "stock": 0.6,
            "eps": 6.42
        },
        "2020": {
            "cash": 4.8,
            "stock": 0,
            "eps": 6.38
        },
        "2021": {
            "cash": 5.1,
            "stock": 0,
            "eps": 10.31
        },
        "2022": {
            "cash": 7.22,
            "stock": 0,
            "eps": 4.99
        },
        "2023": {
            "cash": 3.28,
            "stock": 0,
            "eps": 4.17
        },
        "2024": {
            "cash": 2.47,
            "stock": 0,
            "eps": 0
        }
    },
    "dividends": {
        "2012-06-07": {
            "cash": 2,
            "stock": 0
        },
        "2013-06-24": {
            "cash": 1.5,
            "stock": 0
        },
        "2014-06-11": {
            "cash": 1.5,
            "stock": 0
        },
        "2015-08-17": {
            "cash": 1.5,
            "stock": 0
        },
        "2016-08-25": {
            "cash": 1.8,
            "stock": 0
        },
        "2017-08-25": {
            "cash": 1.8,
            "stock": 0.6
        },
        "2018-08-24": {
            "cash": 3.2,
            "stock": 0.6
        },
        "2019-08-23": {
            "cash": 4.2,
            "stock": 0.6
        },
        "2020-08-25": {
            "cash": 4.8,
            "stock": 0
        },
        "2021-09-02": {
            "cash": 5.1,
            "stock": 0
        },
        "2022-09-16": {
            "cash": 7.22,
            "stock": 0
        },
        "2023-08-25": {
            "cash": 3.28,
            "stock": 0
        },
        "2024-03-12": {
            "cash": 2.47,
            "stock": 0
        }
    },
    "prices": {
        "200101": "無",
        "200102": "無",
        "200103": "無",
        "200104": "無",
        "200105": "無",
        "200106": "無",
        "200107": "無",
        "200108": "無",
        "200109": "無",
        "200110": "無",
        "200111": "無",
        "200112": "無",
        "200201": "無",
        "200202": "無",
        "200203": "無",
        "200204": "無",
        "200205": "無",
        "200206": "無",
        "200207": "無",
        "200208": "無",
        "200209": "無",
        "200210": "無",
        "200211": "無",
        "200212": "無",
        "200301": "無",
        "200302": "無",
        "200303": "無",
        "200304": "無",
        "200305": "無",
        "200306": "無",
        "200307": "無",
        "200308": "無",
        "200309": "無",
        "200310": "無",
        "200311": "無",
        "200312": "無",
        "200401": "無",
        "200402": "無",
        "200403": "無",
        "200404": "無",
        "200405": "無",
        "200406": "無",
        "200407": "無",
        "200408": "無",
        "200409": "無",
        "200410": "無",
        "200411": "無",
        "200412": "無",
        "200501": "無",
        "200502": "無",
        "200503": "無",
        "200504": "無",
        "200505": "無",
        "200506": "無",
        "200507": "無",
        "200508": "無",
        "200509": "無",
        "200510": "無",
        "200511": "無",
        "200512": "無",
        "200601": "無",
        "200602": "無",
        "200603": "無",
        "200604": "無",
        "200605": "無",
        "200606": "無",
        "200607": "無",
        "200608": "無",
        "200609": "無",
        "200610": "無",
        "200611": "無",
        "200612": "無",
        "200701": "無",
        "200702": "無",
        "200703": "無",
        "200704": "無",
        "200705": "無",
        "200706": "無",
        "200707": "無",
        "200708": "無",
        "200709": "無",
        "200710": "無",
        "200711": "無",
        "200712": "無",
        "200801": "無",
        "200802": "無",
        "200803": "無",
        "200804": "無",
        "200805": "無",
        "200806": "無",
        "200807": "無",
        "200808": "無",
        "200809": "無",
        "200810": "無",
        "200811": "無",
        "200812": "無",
        "200901": "無",
        "200902": "無",
        "200903": "無",
        "200904": "無",
        "200905": "無",
        "200906": "無",
        "200907": "無",
        "200908": "無",
        "200909": "無",
        "200910": "無",
        "200911": "無",
        "200912": "無",
        "201001": "無",
        "201002": "無",
        "201003": "無",
        "201004": "無",
        "201005": "無",
        "201006": "無",
        "201007": "無",
        "201008": "無",
        "201009": "無",
        "201010": "無",
        "201011": "無",
        "201012": "無",
        "201101": "無",
        "201102": "無",
        "201103": "無",
        "201104": "無",
        "201105": "無",
        "201106": "無",
        "201107": "無",
        "201108": "無",
        "201109": "無",
        "201110": "無",
        "201111": "無",
        "201112": "無",
        "201201": "無",
        "201202": "無",
        "201203": "無",
        "201204": "無",
        "201205": "無",
        "201206": "無",
        "201207": "無",
        "201208": "無",
        "201209": "無",
        "201210": "無",
        "201211": "無",
        "201212": "57.67",
        "201301": "49.34",
        "201302": "49.54",
        "201303": "48.08",
        "201304": "46.69",
        "201305": "38.80",
        "201306": "37.51",
        "201307": "35.06",
        "201308": "37.50",
        "201309": "41.31",
        "201310": "40.83",
        "201311": "39.25",
        "201312": "47.13",
        "201401": "49.30",
        "201402": "50.30",
        "201403": "51.36",
        "201404": "48.61",
        "201405": "44.67",
        "201406": "45.76",
        "201407": "44.35",
        "201408": "42.93",
        "201409": "48.72",
        "201410": "46.94",
        "201411": "46.48",
        "201412": "58.06",
        "201501": "54.21",
        "201502": "53.79",
        "201503": "57.90",
        "201504": "54.78",
        "201505": "49.99",
        "201506": "46.30",
        "201507": "38.62",
        "201508": "25.13",
        "201509": "25.90",
        "201510": "29.89",
        "201511": "31.54",
        "201512": "33.93",
        "201601": "30.85",
        "201602": "32.89",
        "201603": "37.21",
        "201604": "37.98",
        "201605": "35.20",
        "201606": "37.28",
        "201607": "41.51",
        "201608": "48.84",
        "201609": "52.48",
        "201610": "52.26",
        "201611": "48.93",
        "201612": "52.38",
        "201701": "59.62",
        "201702": "68.53",
        "201703": "72.30",
        "201704": "65.57",
        "201705": "65.22",
        "201706": "70.99",
        "201707": "92.24",
        "201708": "92.88",
        "201709": "92.28",
        "201710": "89.54",
        "201711": "87.05",
        "201712": "84.24",
        "201801": "88.35",
        "201802": "85.88",
        "201803": "93.46",
        "201804": "95.06",
        "201805": "94.46",
        "201806": "103.00",
        "201807": "107.86",
        "201808": "104.33",
        "201809": "93.65",
        "201810": "75.62",
        "201811": "69.16",
        "201812": "70.65",
        "201901": "69.94",
        "201902": "72.48",
        "201903": "76.08",
        "201904": "81.27",
        "201905": "81.04",
        "201906": "78.68",
        "201907": "84.53",
        "201908": "103.72",
        "201909": "104.54",
        "201910": "93.31",
        "201911": "88.72",
        "201912": "96.90",
        "202001": "97.94",
        "202002": "93.44",
        "202003": "82.54",
        "202004": "82.94",
        "202005": "85.08",
        "202006": "86.36",
        "202007": "91.66",
        "202008": "86.79",
        "202009": "81.24",
        "202010": "82.62",
        "202011": "88.23",
        "202012": "101.01",
        "202101": "105.15",
        "202102": "104.55",
        "202103": "121.93",
        "202104": "147.89",
        "202105": "124.67",
        "202106": "142.26",
        "202107": "155.73",
        "202108": "154.48",
        "202109": "185.30",
        "202110": "205.35",
        "202111": "249.27",
        "202112": "253.64",
        "202201": "211.78",
        "202202": "197.97",
        "202203": "181.52",
        "202204": "148.34",
        "202205": "144.10",
        "202206": "128.43",
        "202207": "113.07",
        "202208": "109.67",
        "202209": "97.83",
        "202210": "84.90",
        "202211": "92.60",
        "202212": "91.27",
        "202301": "87.01",
        "202302": "117.60",
        "202303": "124.50",
        "202304": "115.68",
        "202305": "106.93",
        "202306": "112.08",
        "202307": "115.48",
        "202308": "108.18",
        "202309": "114.32",
        "202310": "111.65",
        "202311": "120.34",
        "202312": "123.02"
    },
    "quarters": {
        "20011": {
            "year_quarter": 20011,
            "year": 2001,
            "quarter": 1,
            "eps": null,
            "eps_growth_year": null,
            "eps_4q": null,
            "eps_4q_growth_year": null,
            "roe": null,
            "roe_4q": 0,
            "gross_profit": null,
            "gross_margin": null,
            "gross_margin_4q_avg": 0,
            "net_income": null,
            "net_income_4q": null,
            "revenue": null,
            "revenue_4q": null,
            "common_shares": null,
            "book_valuer_per_share": null,
            "book_valuer_per_share_4q_avg": 0,
            "equity": null,
            "current_ratio": null,
            "debt_ratio": null,
            "inventory_turnover_ratio": null,
            "account_receivable_turnover_ratio": null,
            "reinvestment_rate": null,
            "research_to_sale_ratio": null,
            "price_fair": 0,
            "eps_avg_yearly": 0,
            "eps_latest_yearly": 0,
            "eps_growth_yearly": 0
        },
        "20012": {
            "year_quarter": 20012,
            "year": 2001,
            "quarter": 2,
            "eps": null,
            "eps_growth_year": null,
            "eps_4q": null,
            "eps_4q_growth_year": null,
            "roe": null,
            "roe_4q": 0,
            "gross_profit": null,
            "gross_margin": null,
            "gross_margin_4q_avg": 0,
            "net_income": null,
            "net_income_4q": null,
            "revenue": null,
            "revenue_4q": null,
            "common_shares": null,
            "book_valuer_per_share": null,
            "book_valuer_per_share_4q_avg": 0,
            "equity": null,
            "current_ratio": null,
            "debt_ratio": null,
            "inventory_turnover_ratio": null,
            "account_receivable_turnover_ratio": null,
            "reinvestment_rate": null,
            "research_to_sale_ratio": null,
            "price_fair": 0,
            "eps_avg_yearly": 0,
            "eps_latest_yearly": 0,
            "eps_growth_yearly": 0
        },
        "20013": {
            "year_quarter": 20013,
            "year": 2001,
            "quarter": 3,
            "eps": null,
            "eps_growth_year": null,
            "eps_4q": null,
            "eps_4q_growth_year": null,
            "roe": null,
            "roe_4q": 0,
            "gross_profit": null,
            "gross_margin": null,
            "gross_margin_4q_avg": 0,
            "net_income": null,
            "net_income_4q": null,
            "revenue": null,
            "revenue_4q": null,
            "common_shares": null,
            "book_valuer_per_share": null,
            "book_valuer_per_share_4q_avg": 0,
            "equity": null,
            "current_ratio": null,
            "debt_ratio": null,
            "inventory_turnover_ratio": null,
            "account_receivable_turnover_ratio": null,
            "reinvestment_rate": null,
            "research_to_sale_ratio": null,
            "price_fair": 0,
            "eps_avg_yearly": 0,
            "eps_latest_yearly": 0,
            "eps_growth_yearly": 0
        },
        "20014": {
            "year_quarter": 20014,
            "year": 2001,
            "quarter": 4,
            "eps": null,
            "eps_growth_year": null,
            "eps_4q": null,
            "eps_4q_growth_year": null,
            "roe": null,
            "roe_4q": 0,
            "gross_profit": null,
            "gross_margin": null,
            "gross_margin_4q_avg": 0,
            "net_income": null,
            "net_income_4q": null,
            "revenue": null,
            "revenue_4q": null,
            "common_shares": null,
            "book_valuer_per_share": null,
            "book_valuer_per_share_4q_avg": 0,
            "equity": null,
            "current_ratio": null,
            "debt_ratio": null,
            "inventory_turnover_ratio": null,
            "account_receivable_turnover_ratio": null,
            "reinvestment_rate": null,
            "research_to_sale_ratio": null,
            "price_fair": 0,
            "eps_avg_yearly": 0,
            "eps_latest_yearly": 0,
            "eps_growth_yearly": 0
        },
        "20021": {
            "year_quarter": 20021,
            "year": 2002,
            "quarter": 1,
            "eps": null,
            "eps_growth_year": null,
            "eps_4q": null,
            "eps_4q_growth_year": null,
            "roe": null,
            "roe_4q": 0,
            "gross_profit": null,
            "gross_margin": null,
            "gross_margin_4q_avg": 0,
            "net_income": null,
            "net_income_4q": null,
            "revenue": null,
            "revenue_4q": null,
            "common_shares": null,
            "book_valuer_per_share": null,
            "book_valuer_per_share_4q_avg": 0,
            "equity": null,
            "current_ratio": null,
            "debt_ratio": null,
            "inventory_turnover_ratio": null,
            "account_receivable_turnover_ratio": null,
            "reinvestment_rate": null,
            "research_to_sale_ratio": null,
            "price_fair": 0,
            "eps_avg_yearly": 0,
            "eps_latest_yearly": 0,
            "eps_growth_yearly": 0
        },
        "20022": {
            "year_quarter": 20022,
            "year": 2002,
            "quarter": 2,
            "eps": null,
            "eps_growth_year": null,
            "eps_4q": null,
            "eps_4q_growth_year": null,
            "roe": null,
            "roe_4q": 0,
            "gross_profit": null,
            "gross_margin": null,
            "gross_margin_4q_avg": 0,
            "net_income": null,
            "net_income_4q": null,
            "revenue": null,
            "revenue_4q": null,
            "common_shares": null,
            "book_valuer_per_share": null,
            "book_valuer_per_share_4q_avg": 0,
            "equity": null,
            "current_ratio": null,
            "debt_ratio": null,
            "inventory_turnover_ratio": null,
            "account_receivable_turnover_ratio": null,
            "reinvestment_rate": null,
            "research_to_sale_ratio": null,
            "price_fair": 0,
            "eps_avg_yearly": 0,
            "eps_latest_yearly": 0,
            "eps_growth_yearly": 0
        },
        "20023": {
            "year_quarter": 20023,
            "year": 2002,
            "quarter": 3,
            "eps": null,
            "eps_growth_year": null,
            "eps_4q": null,
            "eps_4q_growth_year": null,
            "roe": null,
            "roe_4q": 0,
            "gross_profit": null,
            "gross_margin": null,
            "gross_margin_4q_avg": 0,
            "net_income": null,
            "net_income_4q": null,
            "revenue": null,
            "revenue_4q": null,
            "common_shares": null,
            "book_valuer_per_share": null,
            "book_valuer_per_share_4q_avg": 0,
            "equity": null,
            "current_ratio": null,
            "debt_ratio": null,
            "inventory_turnover_ratio": null,
            "account_receivable_turnover_ratio": null,
            "reinvestment_rate": null,
            "research_to_sale_ratio": null,
            "price_fair": 0,
            "eps_avg_yearly": 0,
            "eps_latest_yearly": 0,
            "eps_growth_yearly": 0
        },
        "20024": {
            "year_quarter": 20024,
            "year": 2002,
            "quarter": 4,
            "eps": null,
            "eps_growth_year": null,
            "eps_4q": null,
            "eps_4q_growth_year": null,
            "roe": null,
            "roe_4q": 0,
            "gross_profit": null,
            "gross_margin": null,
            "gross_margin_4q_avg": 0,
            "net_income": null,
            "net_income_4q": null,
            "revenue": null,
            "revenue_4q": null,
            "common_shares": null,
            "book_valuer_per_share": null,
            "book_valuer_per_share_4q_avg": 0,
            "equity": null,
            "current_ratio": null,
            "debt_ratio": null,
            "inventory_turnover_ratio": null,
            "account_receivable_turnover_ratio": null,
            "reinvestment_rate": null,
            "research_to_sale_ratio": null,
            "price_fair": 0,
            "eps_avg_yearly": 0,
            "eps_latest_yearly": 0,
            "eps_growth_yearly": 0
        },
        "20031": {
            "year_quarter": 20031,
            "year": 2003,
            "quarter": 1,
            "eps": null,
            "eps_growth_year": null,
            "eps_4q": null,
            "eps_4q_growth_year": null,
            "roe": null,
            "roe_4q": 0,
            "gross_profit": null,
            "gross_margin": null,
            "gross_margin_4q_avg": 0,
            "net_income": null,
            "net_income_4q": null,
            "revenue": null,
            "revenue_4q": null,
            "common_shares": null,
            "book_valuer_per_share": null,
            "book_valuer_per_share_4q_avg": 0,
            "equity": null,
            "current_ratio": null,
            "debt_ratio": null,
            "inventory_turnover_ratio": null,
            "account_receivable_turnover_ratio": null,
            "reinvestment_rate": null,
            "research_to_sale_ratio": null,
            "price_fair": 0,
            "eps_avg_yearly": 0,
            "eps_latest_yearly": 0,
            "eps_growth_yearly": 0
        },
        "20032": {
            "year_quarter": 20032,
            "year": 2003,
            "quarter": 2,
            "eps": null,
            "eps_growth_year": null,
            "eps_4q": null,
            "eps_4q_growth_year": null,
            "roe": null,
            "roe_4q": 0,
            "gross_profit": null,
            "gross_margin": null,
            "gross_margin_4q_avg": 0,
            "net_income": null,
            "net_income_4q": null,
            "revenue": null,
            "revenue_4q": null,
            "common_shares": null,
            "book_valuer_per_share": null,
            "book_valuer_per_share_4q_avg": 0,
            "equity": null,
            "current_ratio": null,
            "debt_ratio": null,
            "inventory_turnover_ratio": null,
            "account_receivable_turnover_ratio": null,
            "reinvestment_rate": null,
            "research_to_sale_ratio": null,
            "price_fair": 0,
            "eps_avg_yearly": 0,
            "eps_latest_yearly": 0,
            "eps_growth_yearly": 0
        },
        "20033": {
            "year_quarter": 20033,
            "year": 2003,
            "quarter": 3,
            "eps": null,
            "eps_growth_year": null,
            "eps_4q": null,
            "eps_4q_growth_year": null,
            "roe": null,
            "roe_4q": 0,
            "gross_profit": null,
            "gross_margin": null,
            "gross_margin_4q_avg": 0,
            "net_income": null,
            "net_income_4q": null,
            "revenue": null,
            "revenue_4q": null,
            "common_shares": null,
            "book_valuer_per_share": null,
            "book_valuer_per_share_4q_avg": 0,
            "equity": null,
            "current_ratio": null,
            "debt_ratio": null,
            "inventory_turnover_ratio": null,
            "account_receivable_turnover_ratio": null,
            "reinvestment_rate": null,
            "research_to_sale_ratio": null,
            "price_fair": 0,
            "eps_avg_yearly": 0,
            "eps_latest_yearly": 0,
            "eps_growth_yearly": 0
        },
        "20034": {
            "year_quarter": 20034,
            "year": 2003,
            "quarter": 4,
            "eps": null,
            "eps_growth_year": null,
            "eps_4q": null,
            "eps_4q_growth_year": null,
            "roe": null,
            "roe_4q": 0,
            "gross_profit": null,
            "gross_margin": null,
            "gross_margin_4q_avg": 0,
            "net_income": null,
            "net_income_4q": null,
            "revenue": null,
            "revenue_4q": null,
            "common_shares": null,
            "book_valuer_per_share": null,
            "book_valuer_per_share_4q_avg": 0,
            "equity": null,
            "current_ratio": null,
            "debt_ratio": null,
            "inventory_turnover_ratio": null,
            "account_receivable_turnover_ratio": null,
            "reinvestment_rate": null,
            "research_to_sale_ratio": null,
            "price_fair": 0,
            "eps_avg_yearly": 0,
            "eps_latest_yearly": 0,
            "eps_growth_yearly": 0
        },
        "20041": {
            "year_quarter": 20041,
            "year": 2004,
            "quarter": 1,
            "eps": null,
            "eps_growth_year": null,
            "eps_4q": null,
            "eps_4q_growth_year": null,
            "roe": null,
            "roe_4q": 0,
            "gross_profit": null,
            "gross_margin": null,
            "gross_margin_4q_avg": 0,
            "net_income": null,
            "net_income_4q": null,
            "revenue": null,
            "revenue_4q": null,
            "common_shares": null,
            "book_valuer_per_share": null,
            "book_valuer_per_share_4q_avg": 0,
            "equity": null,
            "current_ratio": null,
            "debt_ratio": null,
            "inventory_turnover_ratio": null,
            "account_receivable_turnover_ratio": null,
            "reinvestment_rate": null,
            "research_to_sale_ratio": null,
            "price_fair": 0,
            "eps_avg_yearly": 0,
            "eps_latest_yearly": 0,
            "eps_growth_yearly": 0
        },
        "20042": {
            "year_quarter": 20042,
            "year": 2004,
            "quarter": 2,
            "eps": null,
            "eps_growth_year": null,
            "eps_4q": null,
            "eps_4q_growth_year": null,
            "roe": null,
            "roe_4q": 0,
            "gross_profit": null,
            "gross_margin": null,
            "gross_margin_4q_avg": 0,
            "net_income": null,
            "net_income_4q": null,
            "revenue": null,
            "revenue_4q": null,
            "common_shares": null,
            "book_valuer_per_share": null,
            "book_valuer_per_share_4q_avg": 0,
            "equity": null,
            "current_ratio": null,
            "debt_ratio": null,
            "inventory_turnover_ratio": null,
            "account_receivable_turnover_ratio": null,
            "reinvestment_rate": null,
            "research_to_sale_ratio": null,
            "price_fair": 0,
            "eps_avg_yearly": 0,
            "eps_latest_yearly": 0,
            "eps_growth_yearly": 0
        },
        "20043": {
            "year_quarter": 20043,
            "year": 2004,
            "quarter": 3,
            "eps": null,
            "eps_growth_year": null,
            "eps_4q": null,
            "eps_4q_growth_year": null,
            "roe": null,
            "roe_4q": 0,
            "gross_profit": null,
            "gross_margin": null,
            "gross_margin_4q_avg": 0,
            "net_income": null,
            "net_income_4q": null,
            "revenue": null,
            "revenue_4q": null,
            "common_shares": null,
            "book_valuer_per_share": null,
            "book_valuer_per_share_4q_avg": 0,
            "equity": null,
            "current_ratio": null,
            "debt_ratio": null,
            "inventory_turnover_ratio": null,
            "account_receivable_turnover_ratio": null,
            "reinvestment_rate": null,
            "research_to_sale_ratio": null,
            "price_fair": 0,
            "eps_avg_yearly": 0,
            "eps_latest_yearly": 0,
            "eps_growth_yearly": 0
        },
        "20044": {
            "year_quarter": 20044,
            "year": 2004,
            "quarter": 4,
            "eps": null,
            "eps_growth_year": null,
            "eps_4q": null,
            "eps_4q_growth_year": null,
            "roe": null,
            "roe_4q": 0,
            "gross_profit": null,
            "gross_margin": null,
            "gross_margin_4q_avg": 0,
            "net_income": null,
            "net_income_4q": null,
            "revenue": null,
            "revenue_4q": null,
            "common_shares": null,
            "book_valuer_per_share": null,
            "book_valuer_per_share_4q_avg": 0,
            "equity": null,
            "current_ratio": null,
            "debt_ratio": null,
            "inventory_turnover_ratio": null,
            "account_receivable_turnover_ratio": null,
            "reinvestment_rate": null,
            "research_to_sale_ratio": null,
            "price_fair": 0,
            "eps_avg_yearly": 0,
            "eps_latest_yearly": 0,
            "eps_growth_yearly": 0
        },
        "20051": {
            "year_quarter": 20051,
            "year": 2005,
            "quarter": 1,
            "eps": null,
            "eps_growth_year": null,
            "eps_4q": null,
            "eps_4q_growth_year": null,
            "roe": null,
            "roe_4q": 0,
            "gross_profit": null,
            "gross_margin": null,
            "gross_margin_4q_avg": 0,
            "net_income": null,
            "net_income_4q": null,
            "revenue": null,
            "revenue_4q": null,
            "common_shares": null,
            "book_valuer_per_share": null,
            "book_valuer_per_share_4q_avg": 0,
            "equity": null,
            "current_ratio": null,
            "debt_ratio": null,
            "inventory_turnover_ratio": null,
            "account_receivable_turnover_ratio": null,
            "reinvestment_rate": null,
            "research_to_sale_ratio": null,
            "price_fair": 0,
            "eps_avg_yearly": 0,
            "eps_latest_yearly": 0,
            "eps_growth_yearly": 0
        },
        "20052": {
            "year_quarter": 20052,
            "year": 2005,
            "quarter": 2,
            "eps": null,
            "eps_growth_year": null,
            "eps_4q": null,
            "eps_4q_growth_year": null,
            "roe": null,
            "roe_4q": 0,
            "gross_profit": null,
            "gross_margin": null,
            "gross_margin_4q_avg": 0,
            "net_income": null,
            "net_income_4q": null,
            "revenue": null,
            "revenue_4q": null,
            "common_shares": null,
            "book_valuer_per_share": null,
            "book_valuer_per_share_4q_avg": 0,
            "equity": null,
            "current_ratio": null,
            "debt_ratio": null,
            "inventory_turnover_ratio": null,
            "account_receivable_turnover_ratio": null,
            "reinvestment_rate": null,
            "research_to_sale_ratio": null,
            "price_fair": 0,
            "eps_avg_yearly": 0,
            "eps_latest_yearly": 0,
            "eps_growth_yearly": 0
        },
        "20053": {
            "year_quarter": 20053,
            "year": 2005,
            "quarter": 3,
            "eps": null,
            "eps_growth_year": null,
            "eps_4q": null,
            "eps_4q_growth_year": null,
            "roe": null,
            "roe_4q": 0,
            "gross_profit": null,
            "gross_margin": null,
            "gross_margin_4q_avg": 0,
            "net_income": null,
            "net_income_4q": null,
            "revenue": null,
            "revenue_4q": null,
            "common_shares": null,
            "book_valuer_per_share": null,
            "book_valuer_per_share_4q_avg": 0,
            "equity": null,
            "current_ratio": null,
            "debt_ratio": null,
            "inventory_turnover_ratio": null,
            "account_receivable_turnover_ratio": null,
            "reinvestment_rate": null,
            "research_to_sale_ratio": null,
            "price_fair": 0,
            "eps_avg_yearly": 0,
            "eps_latest_yearly": 0,
            "eps_growth_yearly": 0
        },
        "20054": {
            "year_quarter": 20054,
            "year": 2005,
            "quarter": 4,
            "eps": null,
            "eps_growth_year": null,
            "eps_4q": null,
            "eps_4q_growth_year": null,
            "roe": null,
            "roe_4q": 0,
            "gross_profit": null,
            "gross_margin": null,
            "gross_margin_4q_avg": 0,
            "net_income": null,
            "net_income_4q": null,
            "revenue": null,
            "revenue_4q": null,
            "common_shares": null,
            "book_valuer_per_share": null,
            "book_valuer_per_share_4q_avg": 0,
            "equity": null,
            "current_ratio": null,
            "debt_ratio": null,
            "inventory_turnover_ratio": null,
            "account_receivable_turnover_ratio": null,
            "reinvestment_rate": null,
            "research_to_sale_ratio": null,
            "price_fair": 0,
            "eps_avg_yearly": 0,
            "eps_latest_yearly": 0,
            "eps_growth_yearly": 0
        },
        "20061": {
            "year_quarter": 20061,
            "year": 2006,
            "quarter": 1,
            "eps": null,
            "eps_growth_year": null,
            "eps_4q": null,
            "eps_4q_growth_year": null,
            "roe": null,
            "roe_4q": 0,
            "gross_profit": null,
            "gross_margin": null,
            "gross_margin_4q_avg": 0,
            "net_income": null,
            "net_income_4q": null,
            "revenue": null,
            "revenue_4q": null,
            "common_shares": null,
            "book_valuer_per_share": null,
            "book_valuer_per_share_4q_avg": 0,
            "equity": null,
            "current_ratio": null,
            "debt_ratio": null,
            "inventory_turnover_ratio": null,
            "account_receivable_turnover_ratio": null,
            "reinvestment_rate": null,
            "research_to_sale_ratio": null,
            "price_fair": 0,
            "eps_avg_yearly": 0,
            "eps_latest_yearly": 0,
            "eps_growth_yearly": 0
        },
        "20062": {
            "year_quarter": 20062,
            "year": 2006,
            "quarter": 2,
            "eps": null,
            "eps_growth_year": null,
            "eps_4q": null,
            "eps_4q_growth_year": null,
            "roe": null,
            "roe_4q": 0,
            "gross_profit": null,
            "gross_margin": null,
            "gross_margin_4q_avg": 0,
            "net_income": null,
            "net_income_4q": null,
            "revenue": null,
            "revenue_4q": null,
            "common_shares": null,
            "book_valuer_per_share": null,
            "book_valuer_per_share_4q_avg": 0,
            "equity": null,
            "current_ratio": null,
            "debt_ratio": null,
            "inventory_turnover_ratio": null,
            "account_receivable_turnover_ratio": null,
            "reinvestment_rate": null,
            "research_to_sale_ratio": null,
            "price_fair": 0,
            "eps_avg_yearly": 0,
            "eps_latest_yearly": 0,
            "eps_growth_yearly": 0
        },
        "20063": {
            "year_quarter": 20063,
            "year": 2006,
            "quarter": 3,
            "eps": null,
            "eps_growth_year": null,
            "eps_4q": null,
            "eps_4q_growth_year": null,
            "roe": null,
            "roe_4q": 0,
            "gross_profit": null,
            "gross_margin": null,
            "gross_margin_4q_avg": 0,
            "net_income": null,
            "net_income_4q": null,
            "revenue": null,
            "revenue_4q": null,
            "common_shares": null,
            "book_valuer_per_share": null,
            "book_valuer_per_share_4q_avg": 0,
            "equity": null,
            "current_ratio": null,
            "debt_ratio": null,
            "inventory_turnover_ratio": null,
            "account_receivable_turnover_ratio": null,
            "reinvestment_rate": null,
            "research_to_sale_ratio": null,
            "price_fair": 0,
            "eps_avg_yearly": 0,
            "eps_latest_yearly": 0,
            "eps_growth_yearly": 0
        },
        "20064": {
            "year_quarter": 20064,
            "year": 2006,
            "quarter": 4,
            "eps": null,
            "eps_growth_year": null,
            "eps_4q": null,
            "eps_4q_growth_year": null,
            "roe": null,
            "roe_4q": 0,
            "gross_profit": null,
            "gross_margin": null,
            "gross_margin_4q_avg": 0,
            "net_income": null,
            "net_income_4q": null,
            "revenue": null,
            "revenue_4q": null,
            "common_shares": null,
            "book_valuer_per_share": null,
            "book_valuer_per_share_4q_avg": 0,
            "equity": null,
            "current_ratio": null,
            "debt_ratio": null,
            "inventory_turnover_ratio": null,
            "account_receivable_turnover_ratio": null,
            "reinvestment_rate": null,
            "research_to_sale_ratio": null,
            "price_fair": 0,
            "eps_avg_yearly": 0,
            "eps_latest_yearly": 0,
            "eps_growth_yearly": 0
        },
        "20071": {
            "year_quarter": 20071,
            "year": 2007,
            "quarter": 1,
            "eps": null,
            "eps_growth_year": null,
            "eps_4q": null,
            "eps_4q_growth_year": null,
            "roe": null,
            "roe_4q": 0,
            "gross_profit": null,
            "gross_margin": null,
            "gross_margin_4q_avg": 0,
            "net_income": null,
            "net_income_4q": null,
            "revenue": null,
            "revenue_4q": null,
            "common_shares": null,
            "book_valuer_per_share": null,
            "book_valuer_per_share_4q_avg": 0,
            "equity": null,
            "current_ratio": null,
            "debt_ratio": null,
            "inventory_turnover_ratio": null,
            "account_receivable_turnover_ratio": null,
            "reinvestment_rate": null,
            "research_to_sale_ratio": null,
            "price_fair": 0,
            "eps_avg_yearly": 0,
            "eps_latest_yearly": 0,
            "eps_growth_yearly": 0
        },
        "20072": {
            "year_quarter": 20072,
            "year": 2007,
            "quarter": 2,
            "eps": null,
            "eps_growth_year": null,
            "eps_4q": null,
            "eps_4q_growth_year": null,
            "roe": null,
            "roe_4q": 0,
            "gross_profit": null,
            "gross_margin": null,
            "gross_margin_4q_avg": 0,
            "net_income": null,
            "net_income_4q": null,
            "revenue": null,
            "revenue_4q": null,
            "common_shares": null,
            "book_valuer_per_share": null,
            "book_valuer_per_share_4q_avg": 0,
            "equity": null,
            "current_ratio": null,
            "debt_ratio": null,
            "inventory_turnover_ratio": null,
            "account_receivable_turnover_ratio": null,
            "reinvestment_rate": null,
            "research_to_sale_ratio": null,
            "price_fair": 0,
            "eps_avg_yearly": 0,
            "eps_latest_yearly": 0,
            "eps_growth_yearly": 0
        },
        "20073": {
            "year_quarter": 20073,
            "year": 2007,
            "quarter": 3,
            "eps": null,
            "eps_growth_year": null,
            "eps_4q": null,
            "eps_4q_growth_year": null,
            "roe": null,
            "roe_4q": 0,
            "gross_profit": null,
            "gross_margin": null,
            "gross_margin_4q_avg": 0,
            "net_income": null,
            "net_income_4q": null,
            "revenue": null,
            "revenue_4q": null,
            "common_shares": null,
            "book_valuer_per_share": null,
            "book_valuer_per_share_4q_avg": 0,
            "equity": null,
            "current_ratio": null,
            "debt_ratio": null,
            "inventory_turnover_ratio": null,
            "account_receivable_turnover_ratio": null,
            "reinvestment_rate": null,
            "research_to_sale_ratio": null,
            "price_fair": 0,
            "eps_avg_yearly": 0,
            "eps_latest_yearly": 0,
            "eps_growth_yearly": 0
        },
        "20074": {
            "year_quarter": 20074,
            "year": 2007,
            "quarter": 4,
            "eps": null,
            "eps_growth_year": null,
            "eps_4q": null,
            "eps_4q_growth_year": null,
            "roe": null,
            "roe_4q": 0,
            "gross_profit": null,
            "gross_margin": null,
            "gross_margin_4q_avg": 0,
            "net_income": null,
            "net_income_4q": null,
            "revenue": null,
            "revenue_4q": null,
            "common_shares": 218000,
            "book_valuer_per_share": 9.57,
            "book_valuer_per_share_4q_avg": 2.39,
            "equity": 208711,
            "current_ratio": 714.43,
            "debt_ratio": 12.67,
            "inventory_turnover_ratio": null,
            "account_receivable_turnover_ratio": null,
            "reinvestment_rate": null,
            "research_to_sale_ratio": null,
            "price_fair": 0,
            "eps_avg_yearly": 0,
            "eps_latest_yearly": 0,
            "eps_growth_yearly": 0
        },
        "20081": {
            "year_quarter": 20081,
            "year": 2008,
            "quarter": 1,
            "eps": null,
            "eps_growth_year": null,
            "eps_4q": null,
            "eps_4q_growth_year": null,
            "roe": null,
            "roe_4q": 0,
            "gross_profit": null,
            "gross_margin": null,
            "gross_margin_4q_avg": 0,
            "net_income": null,
            "net_income_4q": null,
            "revenue": null,
            "revenue_4q": null,
            "common_shares": null,
            "book_valuer_per_share": null,
            "book_valuer_per_share_4q_avg": 2.39,
            "equity": null,
            "current_ratio": null,
            "debt_ratio": null,
            "inventory_turnover_ratio": null,
            "account_receivable_turnover_ratio": null,
            "reinvestment_rate": null,
            "research_to_sale_ratio": null,
            "price_fair": 0,
            "eps_avg_yearly": 0,
            "eps_latest_yearly": 0,
            "eps_growth_yearly": 0
        },
        "20082": {
            "year_quarter": 20082,
            "year": 2008,
            "quarter": 2,
            "eps": null,
            "eps_growth_year": null,
            "eps_4q": null,
            "eps_4q_growth_year": null,
            "roe": null,
            "roe_4q": 0,
            "gross_profit": null,
            "gross_margin": null,
            "gross_margin_4q_avg": 0,
            "net_income": null,
            "net_income_4q": null,
            "revenue": null,
            "revenue_4q": null,
            "common_shares": null,
            "book_valuer_per_share": null,
            "book_valuer_per_share_4q_avg": 2.39,
            "equity": null,
            "current_ratio": null,
            "debt_ratio": null,
            "inventory_turnover_ratio": null,
            "account_receivable_turnover_ratio": null,
            "reinvestment_rate": null,
            "research_to_sale_ratio": null,
            "price_fair": 0,
            "eps_avg_yearly": 0,
            "eps_latest_yearly": 0,
            "eps_growth_yearly": 0
        },
        "20083": {
            "year_quarter": 20083,
            "year": 2008,
            "quarter": 3,
            "eps": null,
            "eps_growth_year": null,
            "eps_4q": null,
            "eps_4q_growth_year": null,
            "roe": null,
            "roe_4q": 0,
            "gross_profit": null,
            "gross_margin": null,
            "gross_margin_4q_avg": 0,
            "net_income": null,
            "net_income_4q": null,
            "revenue": null,
            "revenue_4q": null,
            "common_shares": null,
            "book_valuer_per_share": null,
            "book_valuer_per_share_4q_avg": 2.39,
            "equity": null,
            "current_ratio": null,
            "debt_ratio": null,
            "inventory_turnover_ratio": null,
            "account_receivable_turnover_ratio": null,
            "reinvestment_rate": null,
            "research_to_sale_ratio": null,
            "price_fair": 0,
            "eps_avg_yearly": 0,
            "eps_latest_yearly": 0,
            "eps_growth_yearly": 0
        },
        "20084": {
            "year_quarter": 20084,
            "year": 2008,
            "quarter": 4,
            "eps": null,
            "eps_growth_year": null,
            "eps_4q": null,
            "eps_4q_growth_year": null,
            "roe": null,
            "roe_4q": 0,
            "gross_profit": null,
            "gross_margin": null,
            "gross_margin_4q_avg": 0,
            "net_income": null,
            "net_income_4q": null,
            "revenue": null,
            "revenue_4q": null,
            "common_shares": 290000,
            "book_valuer_per_share": 12.87,
            "book_valuer_per_share_4q_avg": 3.22,
            "equity": 373248,
            "current_ratio": 1152.5,
            "debt_ratio": 7.84,
            "inventory_turnover_ratio": null,
            "account_receivable_turnover_ratio": null,
            "reinvestment_rate": null,
            "research_to_sale_ratio": null,
            "price_fair": 0,
            "eps_avg_yearly": 0,
            "eps_latest_yearly": 0,
            "eps_growth_yearly": 0
        },
        "20091": {
            "year_quarter": 20091,
            "year": 2009,
            "quarter": 1,
            "eps": null,
            "eps_growth_year": null,
            "eps_4q": null,
            "eps_4q_growth_year": null,
            "roe": null,
            "roe_4q": 0,
            "gross_profit": null,
            "gross_margin": null,
            "gross_margin_4q_avg": 0,
            "net_income": null,
            "net_income_4q": null,
            "revenue": null,
            "revenue_4q": null,
            "common_shares": null,
            "book_valuer_per_share": null,
            "book_valuer_per_share_4q_avg": 3.22,
            "equity": null,
            "current_ratio": null,
            "debt_ratio": null,
            "inventory_turnover_ratio": null,
            "account_receivable_turnover_ratio": null,
            "reinvestment_rate": null,
            "research_to_sale_ratio": null,
            "price_fair": 0,
            "eps_avg_yearly": 0,
            "eps_latest_yearly": 0,
            "eps_growth_yearly": 0
        },
        "20092": {
            "year_quarter": 20092,
            "year": 2009,
            "quarter": 2,
            "eps": null,
            "eps_growth_year": null,
            "eps_4q": null,
            "eps_4q_growth_year": null,
            "roe": null,
            "roe_4q": 0,
            "gross_profit": null,
            "gross_margin": null,
            "gross_margin_4q_avg": 0,
            "net_income": null,
            "net_income_4q": null,
            "revenue": null,
            "revenue_4q": null,
            "common_shares": null,
            "book_valuer_per_share": null,
            "book_valuer_per_share_4q_avg": 3.22,
            "equity": null,
            "current_ratio": null,
            "debt_ratio": null,
            "inventory_turnover_ratio": null,
            "account_receivable_turnover_ratio": null,
            "reinvestment_rate": null,
            "research_to_sale_ratio": null,
            "price_fair": 0,
            "eps_avg_yearly": 0,
            "eps_latest_yearly": 0,
            "eps_growth_yearly": 0
        },
        "20093": {
            "year_quarter": 20093,
            "year": 2009,
            "quarter": 3,
            "eps": null,
            "eps_growth_year": null,
            "eps_4q": null,
            "eps_4q_growth_year": null,
            "roe": null,
            "roe_4q": 0,
            "gross_profit": null,
            "gross_margin": null,
            "gross_margin_4q_avg": 0,
            "net_income": null,
            "net_income_4q": null,
            "revenue": null,
            "revenue_4q": null,
            "common_shares": null,
            "book_valuer_per_share": null,
            "book_valuer_per_share_4q_avg": 3.22,
            "equity": null,
            "current_ratio": null,
            "debt_ratio": null,
            "inventory_turnover_ratio": null,
            "account_receivable_turnover_ratio": null,
            "reinvestment_rate": null,
            "research_to_sale_ratio": null,
            "price_fair": 0,
            "eps_avg_yearly": 0,
            "eps_latest_yearly": 0,
            "eps_growth_yearly": 0
        },
        "20094": {
            "year_quarter": 20094,
            "year": 2009,
            "quarter": 4,
            "eps": null,
            "eps_growth_year": null,
            "eps_4q": null,
            "eps_4q_growth_year": null,
            "roe": null,
            "roe_4q": 0,
            "gross_profit": null,
            "gross_margin": null,
            "gross_margin_4q_avg": 0,
            "net_income": null,
            "net_income_4q": null,
            "revenue": null,
            "revenue_4q": null,
            "common_shares": 290000,
            "book_valuer_per_share": 11.4,
            "book_valuer_per_share_4q_avg": 2.85,
            "equity": 330583,
            "current_ratio": 628.85,
            "debt_ratio": 14.01,
            "inventory_turnover_ratio": null,
            "account_receivable_turnover_ratio": null,
            "reinvestment_rate": null,
            "research_to_sale_ratio": null,
            "price_fair": 0,
            "eps_avg_yearly": 0,
            "eps_latest_yearly": 0,
            "eps_growth_yearly": 0
        },
        "20101": {
            "year_quarter": 20101,
            "year": 2010,
            "quarter": 1,
            "eps": null,
            "eps_growth_year": null,
            "eps_4q": null,
            "eps_4q_growth_year": null,
            "roe": null,
            "roe_4q": 0,
            "gross_profit": null,
            "gross_margin": null,
            "gross_margin_4q_avg": 0,
            "net_income": null,
            "net_income_4q": null,
            "revenue": null,
            "revenue_4q": null,
            "common_shares": null,
            "book_valuer_per_share": null,
            "book_valuer_per_share_4q_avg": 2.85,
            "equity": null,
            "current_ratio": null,
            "debt_ratio": null,
            "inventory_turnover_ratio": null,
            "account_receivable_turnover_ratio": null,
            "reinvestment_rate": null,
            "research_to_sale_ratio": null,
            "price_fair": 0,
            "eps_avg_yearly": 0,
            "eps_latest_yearly": 0,
            "eps_growth_yearly": 0
        },
        "20102": {
            "year_quarter": 20102,
            "year": 2010,
            "quarter": 2,
            "eps": null,
            "eps_growth_year": null,
            "eps_4q": null,
            "eps_4q_growth_year": null,
            "roe": null,
            "roe_4q": 0,
            "gross_profit": null,
            "gross_margin": null,
            "gross_margin_4q_avg": 0,
            "net_income": null,
            "net_income_4q": null,
            "revenue": null,
            "revenue_4q": null,
            "common_shares": null,
            "book_valuer_per_share": null,
            "book_valuer_per_share_4q_avg": 2.85,
            "equity": null,
            "current_ratio": null,
            "debt_ratio": null,
            "inventory_turnover_ratio": null,
            "account_receivable_turnover_ratio": null,
            "reinvestment_rate": null,
            "research_to_sale_ratio": null,
            "price_fair": 0,
            "eps_avg_yearly": 0,
            "eps_latest_yearly": 0,
            "eps_growth_yearly": 0
        },
        "20103": {
            "year_quarter": 20103,
            "year": 2010,
            "quarter": 3,
            "eps": null,
            "eps_growth_year": null,
            "eps_4q": null,
            "eps_4q_growth_year": null,
            "roe": null,
            "roe_4q": 0,
            "gross_profit": null,
            "gross_margin": null,
            "gross_margin_4q_avg": 0,
            "net_income": null,
            "net_income_4q": null,
            "revenue": null,
            "revenue_4q": null,
            "common_shares": null,
            "book_valuer_per_share": null,
            "book_valuer_per_share_4q_avg": 2.85,
            "equity": null,
            "current_ratio": null,
            "debt_ratio": null,
            "inventory_turnover_ratio": null,
            "account_receivable_turnover_ratio": null,
            "reinvestment_rate": null,
            "research_to_sale_ratio": null,
            "price_fair": 0,
            "eps_avg_yearly": 0,
            "eps_latest_yearly": 0,
            "eps_growth_yearly": 0
        },
        "20104": {
            "year_quarter": 20104,
            "year": 2010,
            "quarter": 4,
            "eps": null,
            "eps_growth_year": null,
            "eps_4q": null,
            "eps_4q_growth_year": null,
            "roe": null,
            "roe_4q": 0,
            "gross_profit": null,
            "gross_margin": null,
            "gross_margin_4q_avg": 0,
            "net_income": null,
            "net_income_4q": null,
            "revenue": null,
            "revenue_4q": null,
            "common_shares": 290000,
            "book_valuer_per_share": 13.59,
            "book_valuer_per_share_4q_avg": 3.4,
            "equity": 394099,
            "current_ratio": 375.5,
            "debt_ratio": 23.37,
            "inventory_turnover_ratio": null,
            "account_receivable_turnover_ratio": null,
            "reinvestment_rate": null,
            "research_to_sale_ratio": null,
            "price_fair": 0,
            "eps_avg_yearly": 0,
            "eps_latest_yearly": 0,
            "eps_growth_yearly": 0
        },
        "20111": {
            "year_quarter": 20111,
            "year": 2011,
            "quarter": 1,
            "eps": null,
            "eps_growth_year": null,
            "eps_4q": null,
            "eps_4q_growth_year": null,
            "roe": null,
            "roe_4q": 0,
            "gross_profit": null,
            "gross_margin": null,
            "gross_margin_4q_avg": 0,
            "net_income": null,
            "net_income_4q": null,
            "revenue": null,
            "revenue_4q": null,
            "common_shares": null,
            "book_valuer_per_share": null,
            "book_valuer_per_share_4q_avg": 3.4,
            "equity": null,
            "current_ratio": null,
            "debt_ratio": null,
            "inventory_turnover_ratio": null,
            "account_receivable_turnover_ratio": null,
            "reinvestment_rate": null,
            "research_to_sale_ratio": null,
            "price_fair": 0,
            "eps_avg_yearly": 0,
            "eps_latest_yearly": 0,
            "eps_growth_yearly": 0
        },
        "20112": {
            "year_quarter": 20112,
            "year": 2011,
            "quarter": 2,
            "eps": null,
            "eps_growth_year": null,
            "eps_4q": null,
            "eps_4q_growth_year": null,
            "roe": null,
            "roe_4q": 0,
            "gross_profit": null,
            "gross_margin": null,
            "gross_margin_4q_avg": 0,
            "net_income": null,
            "net_income_4q": null,
            "revenue": null,
            "revenue_4q": null,
            "common_shares": 290000,
            "book_valuer_per_share": null,
            "book_valuer_per_share_4q_avg": 3.4,
            "equity": 463081,
            "current_ratio": null,
            "debt_ratio": null,
            "inventory_turnover_ratio": null,
            "account_receivable_turnover_ratio": null,
            "reinvestment_rate": null,
            "research_to_sale_ratio": null,
            "price_fair": 0,
            "eps_avg_yearly": 0,
            "eps_latest_yearly": 0,
            "eps_growth_yearly": 0
        },
        "20113": {
            "year_quarter": 20113,
            "year": 2011,
            "quarter": 3,
            "eps": null,
            "eps_growth_year": null,
            "eps_4q": null,
            "eps_4q_growth_year": null,
            "roe": null,
            "roe_4q": 0,
            "gross_profit": null,
            "gross_margin": null,
            "gross_margin_4q_avg": 0,
            "net_income": null,
            "net_income_4q": null,
            "revenue": null,
            "revenue_4q": null,
            "common_shares": null,
            "book_valuer_per_share": null,
            "book_valuer_per_share_4q_avg": 3.4,
            "equity": null,
            "current_ratio": null,
            "debt_ratio": null,
            "inventory_turnover_ratio": null,
            "account_receivable_turnover_ratio": null,
            "reinvestment_rate": null,
            "research_to_sale_ratio": null,
            "price_fair": 0,
            "eps_avg_yearly": 0,
            "eps_latest_yearly": 0,
            "eps_growth_yearly": 0
        },
        "20114": {
            "year_quarter": 20114,
            "year": 2011,
            "quarter": 4,
            "eps": null,
            "eps_growth_year": null,
            "eps_4q": null,
            "eps_4q_growth_year": null,
            "roe": null,
            "roe_4q": 0,
            "gross_profit": null,
            "gross_margin": null,
            "gross_margin_4q_avg": 0,
            "net_income": null,
            "net_income_4q": null,
            "revenue": null,
            "revenue_4q": null,
            "common_shares": 362500,
            "book_valuer_per_share": 15.96,
            "book_valuer_per_share_4q_avg": 3.99,
            "equity": 578558,
            "current_ratio": 457.7,
            "debt_ratio": 19.27,
            "inventory_turnover_ratio": null,
            "account_receivable_turnover_ratio": null,
            "reinvestment_rate": null,
            "research_to_sale_ratio": null,
            "price_fair": 0,
            "eps_avg_yearly": 0,
            "eps_latest_yearly": 0,
            "eps_growth_yearly": 0
        },
        "20121": {
            "year_quarter": 20121,
            "year": 2012,
            "quarter": 1,
            "eps": null,
            "eps_growth_year": null,
            "eps_4q": null,
            "eps_4q_growth_year": null,
            "roe": null,
            "roe_4q": 0,
            "gross_profit": null,
            "gross_margin": null,
            "gross_margin_4q_avg": 0,
            "net_income": null,
            "net_income_4q": null,
            "revenue": null,
            "revenue_4q": null,
            "common_shares": null,
            "book_valuer_per_share": null,
            "book_valuer_per_share_4q_avg": 3.99,
            "equity": null,
            "current_ratio": null,
            "debt_ratio": null,
            "inventory_turnover_ratio": null,
            "account_receivable_turnover_ratio": null,
            "reinvestment_rate": null,
            "research_to_sale_ratio": null,
            "price_fair": 0,
            "eps_avg_yearly": 0,
            "eps_latest_yearly": 0,
            "eps_growth_yearly": 0
        },
        "20122": {
            "year_quarter": 20122,
            "year": 2012,
            "quarter": 2,
            "eps": null,
            "eps_growth_year": null,
            "eps_4q": null,
            "eps_4q_growth_year": null,
            "roe": null,
            "roe_4q": 0,
            "gross_profit": null,
            "gross_margin": null,
            "gross_margin_4q_avg": 0,
            "net_income": null,
            "net_income_4q": null,
            "revenue": null,
            "revenue_4q": null,
            "common_shares": 555000,
            "book_valuer_per_share": 14.21,
            "book_valuer_per_share_4q_avg": 7.54,
            "equity": 788829,
            "current_ratio": 247.29,
            "debt_ratio": 34.46,
            "inventory_turnover_ratio": null,
            "account_receivable_turnover_ratio": null,
            "reinvestment_rate": null,
            "research_to_sale_ratio": null,
            "price_fair": 0,
            "eps_avg_yearly": 0,
            "eps_latest_yearly": 0,
            "eps_growth_yearly": 0
        },
        "20123": {
            "year_quarter": 20123,
            "year": 2012,
            "quarter": 3,
            "eps": null,
            "eps_growth_year": null,
            "eps_4q": null,
            "eps_4q_growth_year": null,
            "roe": null,
            "roe_4q": 0,
            "gross_profit": 98187,
            "gross_margin": null,
            "gross_margin_4q_avg": 0,
            "net_income": 33587,
            "net_income_4q": null,
            "revenue": 331161,
            "revenue_4q": null,
            "common_shares": 555000,
            "book_valuer_per_share": null,
            "book_valuer_per_share_4q_avg": 7.54,
            "equity": 819739,
            "current_ratio": null,
            "debt_ratio": null,
            "inventory_turnover_ratio": null,
            "account_receivable_turnover_ratio": null,
            "reinvestment_rate": null,
            "research_to_sale_ratio": null,
            "price_fair": 0,
            "eps_avg_yearly": 0,
            "eps_latest_yearly": 0,
            "eps_growth_yearly": 0
        },
        "20124": {
            "year_quarter": 20124,
            "year": 2012,
            "quarter": 4,
            "eps": null,
            "eps_growth_year": null,
            "eps_4q": null,
            "eps_4q_growth_year": null,
            "roe": null,
            "roe_4q": 0,
            "gross_profit": 24566,
            "gross_margin": null,
            "gross_margin_4q_avg": 0,
            "net_income": 17767,
            "net_income_4q": null,
            "revenue": 283188,
            "revenue_4q": null,
            "common_shares": 555000,
            "book_valuer_per_share": 15.13,
            "book_valuer_per_share_4q_avg": 7.34,
            "equity": 839785,
            "current_ratio": 285.28,
            "debt_ratio": 26.49,
            "inventory_turnover_ratio": null,
            "account_receivable_turnover_ratio": null,
            "reinvestment_rate": null,
            "research_to_sale_ratio": null,
            "price_fair": 0,
            "eps_avg_yearly": 0,
            "eps_latest_yearly": 0,
            "eps_growth_yearly": 0
        },
        "20131": {
            "year_quarter": 20131,
            "year": 2013,
            "quarter": 1,
            "eps": null,
            "eps_growth_year": null,
            "eps_4q": null,
            "eps_4q_growth_year": null,
            "roe": null,
            "roe_4q": 0,
            "gross_profit": 75331,
            "gross_margin": null,
            "gross_margin_4q_avg": 0,
            "net_income": 13724,
            "net_income_4q": null,
            "revenue": 270962,
            "revenue_4q": null,
            "common_shares": 555000,
            "book_valuer_per_share": 15.35,
            "book_valuer_per_share_4q_avg": 11.17,
            "equity": 851783,
            "current_ratio": 281.09,
            "debt_ratio": 25.61,
            "inventory_turnover_ratio": null,
            "account_receivable_turnover_ratio": null,
            "reinvestment_rate": null,
            "research_to_sale_ratio": null,
            "price_fair": 0,
            "eps_avg_yearly": 0,
            "eps_latest_yearly": 0,
            "eps_growth_yearly": 0
        },
        "20132": {
            "year_quarter": 20132,
            "year": 2013,
            "quarter": 2,
            "eps": 0.81,
            "eps_growth_year": null,
            "eps_4q": 0.81,
            "eps_4q_growth_year": null,
            "roe": 5.39,
            "roe_4q": 5.39,
            "gross_profit": 118718,
            "gross_margin": 35.6,
            "gross_margin_4q_avg": 8.9,
            "net_income": 44874,
            "net_income_4q": null,
            "revenue": 333442,
            "revenue_4q": null,
            "common_shares": 555000,
            "book_valuer_per_share": 14.66,
            "book_valuer_per_share_4q_avg": 11.29,
            "equity": 813397,
            "current_ratio": 226.53,
            "debt_ratio": 31.74,
            "inventory_turnover_ratio": 0.75,
            "account_receivable_turnover_ratio": 2.28,
            "reinvestment_rate": null,
            "research_to_sale_ratio": null,
            "price_fair": 0,
            "eps_avg_yearly": 0,
            "eps_latest_yearly": 0,
            "eps_growth_yearly": 0
        },
        "20133": {
            "year_quarter": 20133,
            "year": 2013,
            "quarter": 3,
            "eps": 0.88,
            "eps_growth_year": null,
            "eps_4q": 1.69,
            "eps_4q_growth_year": null,
            "roe": 5.82,
            "roe_4q": 11.21,
            "gross_profit": 133750,
            "gross_margin": 34.7,
            "gross_margin_4q_avg": 17.58,
            "net_income": 48753,
            "net_income_4q": null,
            "revenue": 385397,
            "revenue_4q": null,
            "common_shares": 555000,
            "book_valuer_per_share": 15.53,
            "book_valuer_per_share_4q_avg": 15.17,
            "equity": 862106,
            "current_ratio": 234.54,
            "debt_ratio": 31.2,
            "inventory_turnover_ratio": 1.08,
            "account_receivable_turnover_ratio": 1.22,
            "reinvestment_rate": null,
            "research_to_sale_ratio": 8.65,
            "price_fair": 123.2,
            "eps_avg_yearly": 3.52,
            "eps_latest_yearly": 3.52,
            "eps_growth_yearly": 34.57
        },
        "20134": {
            "year_quarter": 20134,
            "year": 2013,
            "quarter": 4,
            "eps": 0.82,
            "eps_growth_year": null,
            "eps_4q": 2.51,
            "eps_4q_growth_year": null,
            "roe": 5.03,
            "roe_4q": 16.240000000000002,
            "gross_profit": 124603,
            "gross_margin": 33.49,
            "gross_margin_4q_avg": 25.95,
            "net_income": 45672,
            "net_income_4q": null,
            "revenue": 372113,
            "revenue_4q": null,
            "common_shares": 555000,
            "book_valuer_per_share": 17.21,
            "book_valuer_per_share_4q_avg": 15.69,
            "equity": 955135,
            "current_ratio": 269.65,
            "debt_ratio": 27.22,
            "inventory_turnover_ratio": 1.61,
            "account_receivable_turnover_ratio": 1.16,
            "reinvestment_rate": null,
            "research_to_sale_ratio": 9.77,
            "price_fair": 46.4,
            "eps_avg_yearly": 3.4,
            "eps_latest_yearly": 3.28,
            "eps_growth_yearly": 3.65
        },
        "20141": {
            "year_quarter": 20141,
            "year": 2014,
            "quarter": 1,
            "eps": 0.08,
            "eps_growth_year": null,
            "eps_4q": 2.29,
            "eps_4q_growth_year": null,
            "roe": 0.43,
            "roe_4q": 16.67,
            "gross_profit": 91275,
            "gross_margin": 32.91,
            "gross_margin_4q_avg": 34.18,
            "net_income": 4691,
            "net_income_4q": null,
            "revenue": 277385,
            "revenue_4q": null,
            "common_shares": 629000,
            "book_valuer_per_share": 19.65,
            "book_valuer_per_share_4q_avg": 16.76,
            "equity": 1235710,
            "current_ratio": 349.3,
            "debt_ratio": 21.57,
            "inventory_turnover_ratio": 1.07,
            "account_receivable_turnover_ratio": 0.98,
            "reinvestment_rate": null,
            "research_to_sale_ratio": 17.88,
            "price_fair": 7.12,
            "eps_avg_yearly": 2.37,
            "eps_latest_yearly": 0.32,
            "eps_growth_yearly": -117.89
        },
        "20142": {
            "year_quarter": 20142,
            "year": 2014,
            "quarter": 2,
            "eps": 0.58,
            "eps_growth_year": -28.27,
            "eps_4q": 2.15,
            "eps_4q_growth_year": 166.39,
            "roe": 3.02,
            "roe_4q": 14.3,
            "gross_profit": 136530,
            "gross_margin": 32.41,
            "gross_margin_4q_avg": 33.38,
            "net_income": 36362,
            "net_income_4q": null,
            "revenue": 421271,
            "revenue_4q": null,
            "common_shares": 629000,
            "book_valuer_per_share": 18.58,
            "book_valuer_per_share_4q_avg": 17.74,
            "equity": 1168650,
            "current_ratio": 258.85,
            "debt_ratio": 29.6,
            "inventory_turnover_ratio": 1.32,
            "account_receivable_turnover_ratio": 1.34,
            "reinvestment_rate": null,
            "research_to_sale_ratio": 9.72,
            "price_fair": 82.6,
            "eps_avg_yearly": 2.36,
            "eps_latest_yearly": 2.32,
            "eps_growth_yearly": 536.58
        },
        "20143": {
            "year_quarter": 20143,
            "year": 2014,
            "quarter": 3,
            "eps": 1.1,
            "eps_growth_year": 25,
            "eps_4q": 2.48,
            "eps_4q_growth_year": 47.09,
            "roe": 5.79,
            "roe_4q": 14.27,
            "gross_profit": 188031,
            "gross_margin": 37.38,
            "gross_margin_4q_avg": 34.05,
            "net_income": 69349,
            "net_income_4q": null,
            "revenue": 503065,
            "revenue_4q": null,
            "common_shares": 629000,
            "book_valuer_per_share": 19.52,
            "book_valuer_per_share_4q_avg": 18.74,
            "equity": 1228041,
            "current_ratio": 268.82,
            "debt_ratio": 28.8,
            "inventory_turnover_ratio": 1.28,
            "account_receivable_turnover_ratio": 1.33,
            "reinvestment_rate": null,
            "research_to_sale_ratio": 12.34,
            "price_fair": 96.88,
            "eps_avg_yearly": 2.77,
            "eps_latest_yearly": 4.4,
            "eps_growth_yearly": 500.99
        },
        "20144": {
            "year_quarter": 20144,
            "year": 2014,
            "quarter": 4,
            "eps": 0.64,
            "eps_growth_year": -21.77,
            "eps_4q": 2.4,
            "eps_4q_growth_year": -4.42,
            "roe": 3.26,
            "roe_4q": 12.5,
            "gross_profit": 120636,
            "gross_margin": 28.22,
            "gross_margin_4q_avg": 32.73,
            "net_income": 40491,
            "net_income_4q": null,
            "revenue": 427470,
            "revenue_4q": null,
            "common_shares": 629000,
            "book_valuer_per_share": 19.91,
            "book_valuer_per_share_4q_avg": 19.42,
            "equity": 1252626,
            "current_ratio": 269.38,
            "debt_ratio": 33.08,
            "inventory_turnover_ratio": 0.96,
            "account_receivable_turnover_ratio": 1.22,
            "reinvestment_rate": null,
            "research_to_sale_ratio": 9.4,
            "price_fair": 95.67,
            "eps_avg_yearly": 2.73,
            "eps_latest_yearly": 2.56,
            "eps_growth_yearly": 389.61
        },
        "20151": {
            "year_quarter": 20151,
            "year": 2015,
            "quarter": 1,
            "eps": 0.32,
            "eps_growth_year": 300,
            "eps_4q": 2.64,
            "eps_4q_growth_year": 15.36,
            "roe": 1.58,
            "roe_4q": 13.649999999999999,
            "gross_profit": 131809,
            "gross_margin": 30.68,
            "gross_margin_4q_avg": 32.17,
            "net_income": 19904,
            "net_income_4q": null,
            "revenue": 429618,
            "revenue_4q": null,
            "common_shares": 629000,
            "book_valuer_per_share": 20.13,
            "book_valuer_per_share_4q_avg": 19.54,
            "equity": 1266134,
            "current_ratio": 258.65,
            "debt_ratio": 34.48,
            "inventory_turnover_ratio": 0.72,
            "account_receivable_turnover_ratio": 1.47,
            "reinvestment_rate": null,
            "research_to_sale_ratio": 11.85,
            "price_fair": 88.4,
            "eps_avg_yearly": 2.53,
            "eps_latest_yearly": 1.28,
            "eps_growth_yearly": 305.38
        },
        "20152": {
            "year_quarter": 20152,
            "year": 2015,
            "quarter": 2,
            "eps": 0.24,
            "eps_growth_year": -58.62,
            "eps_4q": 2.3,
            "eps_4q_growth_year": 6.93,
            "roe": 1.23,
            "roe_4q": 11.86,
            "gross_profit": 131732,
            "gross_margin": 26.95,
            "gross_margin_4q_avg": 30.81,
            "net_income": 15124,
            "net_income_4q": null,
            "revenue": 488832,
            "revenue_4q": null,
            "common_shares": 629000,
            "book_valuer_per_share": 18.84,
            "book_valuer_per_share_4q_avg": 19.6,
            "equity": 1184841,
            "current_ratio": 214.27,
            "debt_ratio": 40.52,
            "inventory_turnover_ratio": 0.69,
            "account_receivable_turnover_ratio": 1.71,
            "reinvestment_rate": null,
            "research_to_sale_ratio": 10.52,
            "price_fair": 81.55,
            "eps_avg_yearly": 2.33,
            "eps_latest_yearly": 0.96,
            "eps_growth_yearly": 254.71
        },
        "20153": {
            "year_quarter": 20153,
            "year": 2015,
            "quarter": 3,
            "eps": 1.11,
            "eps_growth_year": 0.91,
            "eps_4q": 2.31,
            "eps_4q_growth_year": -6.94,
            "roe": 5.71,
            "roe_4q": 11.78,
            "gross_profit": 150614,
            "gross_margin": 28.72,
            "gross_margin_4q_avg": 28.64,
            "net_income": 69716,
            "net_income_4q": null,
            "revenue": 524438,
            "revenue_4q": null,
            "common_shares": 629000,
            "book_valuer_per_share": 19.96,
            "book_valuer_per_share_4q_avg": 19.71,
            "equity": 1255602,
            "current_ratio": 278.85,
            "debt_ratio": 32.19,
            "inventory_turnover_ratio": 0.68,
            "account_receivable_turnover_ratio": 1.66,
            "reinvestment_rate": null,
            "research_to_sale_ratio": 11.12,
            "price_fair": 89.76,
            "eps_avg_yearly": 2.56,
            "eps_latest_yearly": 4.44,
            "eps_growth_yearly": 387.52
        },
        "20154": {
            "year_quarter": 20154,
            "year": 2015,
            "quarter": 4,
            "eps": 1.29,
            "eps_growth_year": 100.75,
            "eps_4q": 2.88,
            "eps_4q_growth_year": 19.98,
            "roe": 6.55,
            "roe_4q": 15.07,
            "gross_profit": 212491,
            "gross_margin": 32.49,
            "gross_margin_4q_avg": 29.71,
            "net_income": 85350,
            "net_income_4q": null,
            "revenue": 654020,
            "revenue_4q": null,
            "common_shares": 660450,
            "book_valuer_per_share": 20.46,
            "book_valuer_per_share_4q_avg": 19.85,
            "equity": 1351401,
            "current_ratio": 240.61,
            "debt_ratio": 36.63,
            "inventory_turnover_ratio": 1.03,
            "account_receivable_turnover_ratio": 1.46,
            "reinvestment_rate": null,
            "research_to_sale_ratio": 7.92,
            "price_fair": 98.84,
            "eps_avg_yearly": 2.82,
            "eps_latest_yearly": 5.16,
            "eps_growth_yearly": 355.25
        },
        "20161": {
            "year_quarter": 20161,
            "year": 2016,
            "quarter": 1,
            "eps": 0.63,
            "eps_growth_year": 96.88,
            "eps_4q": 3.21,
            "eps_4q_growth_year": 21.62,
            "roe": 3.03,
            "roe_4q": 16.52,
            "gross_profit": 174976,
            "gross_margin": 33.27,
            "gross_margin_4q_avg": 30.36,
            "net_income": 41680,
            "net_income_4q": null,
            "revenue": 525946,
            "revenue_4q": null,
            "common_shares": 659700,
            "book_valuer_per_share": 21.26,
            "book_valuer_per_share_4q_avg": 20.13,
            "equity": 1402769,
            "current_ratio": 269.91,
            "debt_ratio": 33.22,
            "inventory_turnover_ratio": 1.05,
            "account_receivable_turnover_ratio": 1,
            "reinvestment_rate": null,
            "research_to_sale_ratio": 10.81,
            "price_fair": 97.87,
            "eps_avg_yearly": 2.8,
            "eps_latest_yearly": 2.52,
            "eps_growth_yearly": 304.35
        },
        "20162": {
            "year_quarter": 20162,
            "year": 2016,
            "quarter": 2,
            "eps": 0.94,
            "eps_growth_year": 291.67,
            "eps_4q": 3.93,
            "eps_4q_growth_year": 70.47,
            "roe": 4.49,
            "roe_4q": 19.78,
            "gross_profit": 189811,
            "gross_margin": 33.66,
            "gross_margin_4q_avg": 32.04,
            "net_income": 62099,
            "net_income_4q": null,
            "revenue": 563987,
            "revenue_4q": null,
            "common_shares": 659280,
            "book_valuer_per_share": 20.64,
            "book_valuer_per_share_4q_avg": 20.58,
            "equity": 1360989,
            "current_ratio": 220.82,
            "debt_ratio": 39.5,
            "inventory_turnover_ratio": 1.08,
            "account_receivable_turnover_ratio": 1.34,
            "reinvestment_rate": 38.26,
            "research_to_sale_ratio": 10.64,
            "price_fair": 100.68,
            "eps_avg_yearly": 2.88,
            "eps_latest_yearly": 3.76,
            "eps_growth_yearly": 295.39
        },
        "20163": {
            "year_quarter": 20163,
            "year": 2016,
            "quarter": 3,
            "eps": 0.87,
            "eps_growth_year": -21.62,
            "eps_4q": 3.74,
            "eps_4q_growth_year": 62.11,
            "roe": 4.13,
            "roe_4q": 18.2,
            "gross_profit": 223470,
            "gross_margin": 34.14,
            "gross_margin_4q_avg": 33.39,
            "net_income": 57643,
            "net_income_4q": null,
            "revenue": 654655,
            "revenue_4q": null,
            "common_shares": 659280,
            "book_valuer_per_share": 21.65,
            "book_valuer_per_share_4q_avg": 21,
            "equity": 1427463,
            "current_ratio": 225.73,
            "debt_ratio": 39.05,
            "inventory_turnover_ratio": 1.31,
            "account_receivable_turnover_ratio": 1.65,
            "reinvestment_rate": 43.7,
            "research_to_sale_ratio": 8.91,
            "price_fair": 102.31,
            "eps_avg_yearly": 2.92,
            "eps_latest_yearly": 3.48,
            "eps_growth_yearly": 270.38
        },
        "20164": {
            "year_quarter": 20164,
            "year": 2016,
            "quarter": 4,
            "eps": 2.45,
            "eps_growth_year": 89.4,
            "eps_4q": 4.9,
            "eps_4q_growth_year": 70.11,
            "roe": 10.71,
            "roe_4q": 22.36,
            "gross_profit": 298791,
            "gross_margin": 43.02,
            "gross_margin_4q_avg": 36.02,
            "net_income": 161366,
            "net_income_4q": null,
            "revenue": 694495,
            "revenue_4q": null,
            "common_shares": 659280,
            "book_valuer_per_share": 24.06,
            "book_valuer_per_share_4q_avg": 21.9,
            "equity": 1586061,
            "current_ratio": 263.87,
            "debt_ratio": 34.02,
            "inventory_turnover_ratio": 1.09,
            "account_receivable_turnover_ratio": 1.55,
            "reinvestment_rate": 17.89,
            "research_to_sale_ratio": 9.15,
            "price_fair": 119.5,
            "eps_avg_yearly": 3.41,
            "eps_latest_yearly": 9.8,
            "eps_growth_yearly": 302.95
        },
        "20171": {
            "year_quarter": 20171,
            "year": 2017,
            "quarter": 1,
            "eps": 0.8,
            "eps_growth_year": 26.98,
            "eps_4q": 5.06,
            "eps_4q_growth_year": 57.57,
            "roe": 3.25,
            "roe_4q": 22.58,
            "gross_profit": 237072,
            "gross_margin": 37.98,
            "gross_margin_4q_avg": 37.2,
            "net_income": 52524,
            "net_income_4q": null,
            "revenue": 624200,
            "revenue_4q": null,
            "common_shares": 659280,
            "book_valuer_per_share": 24.9,
            "book_valuer_per_share_4q_avg": 22.81,
            "equity": 1641574,
            "current_ratio": 283.63,
            "debt_ratio": 32.01,
            "inventory_turnover_ratio": 0.94,
            "account_receivable_turnover_ratio": 1.38,
            "reinvestment_rate": 19.24,
            "research_to_sale_ratio": 9.9,
            "price_fair": 119,
            "eps_avg_yearly": 3.4,
            "eps_latest_yearly": 3.2,
            "eps_growth_yearly": 264.8
        },
        "20172": {
            "year_quarter": 20172,
            "year": 2017,
            "quarter": 2,
            "eps": 1.66,
            "eps_growth_year": 76.6,
            "eps_4q": 5.55,
            "eps_4q_growth_year": 41.3,
            "roe": 6.9,
            "roe_4q": 24.99,
            "gross_profit": 265303,
            "gross_margin": 41.48,
            "gross_margin_4q_avg": 39.16,
            "net_income": 115307,
            "net_income_4q": null,
            "revenue": 639523,
            "revenue_4q": null,
            "common_shares": 659049,
            "book_valuer_per_share": 24.86,
            "book_valuer_per_share_4q_avg": 23.87,
            "equity": 1699157,
            "current_ratio": 248.77,
            "debt_ratio": 34.96,
            "inventory_turnover_ratio": 0.93,
            "account_receivable_turnover_ratio": 1.43,
            "reinvestment_rate": 13.86,
            "research_to_sale_ratio": 9.65,
            "price_fair": 126.09,
            "eps_avg_yearly": 3.6,
            "eps_latest_yearly": 6.64,
            "eps_growth_yearly": 275.12
        },
        "20173": {
            "year_quarter": 20173,
            "year": 2017,
            "quarter": 3,
            "eps": 1.69,
            "eps_growth_year": 94.25,
            "eps_4q": 6.42,
            "eps_4q_growth_year": 71.43,
            "roe": 6.48,
            "roe_4q": 27.340000000000003,
            "gross_profit": 274207,
            "gross_margin": 39.52,
            "gross_margin_4q_avg": 40.5,
            "net_income": 114340,
            "net_income_4q": null,
            "revenue": 693883,
            "revenue_4q": null,
            "common_shares": 698606,
            "book_valuer_per_share": 25.35,
            "book_valuer_per_share_4q_avg": 24.79,
            "equity": 1827609,
            "current_ratio": 267.84,
            "debt_ratio": 31.35,
            "inventory_turnover_ratio": 1.02,
            "account_receivable_turnover_ratio": 1.47,
            "reinvestment_rate": 13.6,
            "research_to_sale_ratio": 8.84,
            "price_fair": 133.18,
            "eps_avg_yearly": 3.81,
            "eps_latest_yearly": 6.76,
            "eps_growth_yearly": 273.41
        },
        "20174": {
            "year_quarter": 20174,
            "year": 2017,
            "quarter": 4,
            "eps": 2.23,
            "eps_growth_year": -8.99,
            "eps_4q": 6.34,
            "eps_4q_growth_year": 29.45,
            "roe": 7.75,
            "roe_4q": 24.380000000000003,
            "gross_profit": 303528,
            "gross_margin": 38.96,
            "gross_margin_4q_avg": 39.49,
            "net_income": 148807,
            "net_income_4q": null,
            "revenue": 779049,
            "revenue_4q": null,
            "common_shares": 698030,
            "book_valuer_per_share": 27.59,
            "book_valuer_per_share_4q_avg": 25.68,
            "equity": 2014741,
            "current_ratio": 256.49,
            "debt_ratio": 30.68,
            "inventory_turnover_ratio": 1.07,
            "account_receivable_turnover_ratio": 1.45,
            "reinvestment_rate": 21.21,
            "research_to_sale_ratio": 7.96,
            "price_fair": 145.51,
            "eps_avg_yearly": 4.16,
            "eps_latest_yearly": 8.92,
            "eps_growth_yearly": 283.11
        },
        "20181": {
            "year_quarter": 20181,
            "year": 2018,
            "quarter": 1,
            "eps": 1.28,
            "eps_growth_year": 60,
            "eps_4q": 6.87,
            "eps_4q_growth_year": 35.7,
            "roe": 4.18,
            "roe_4q": 25.310000000000002,
            "gross_profit": 268919,
            "gross_margin": 38.03,
            "gross_margin_4q_avg": 39.5,
            "net_income": 86024,
            "net_income_4q": null,
            "revenue": 707056,
            "revenue_4q": null,
            "common_shares": 697958,
            "book_valuer_per_share": 28.92,
            "book_valuer_per_share_4q_avg": 26.68,
            "equity": 2103998,
            "current_ratio": 262.95,
            "debt_ratio": 29.64,
            "inventory_turnover_ratio": 0.92,
            "account_receivable_turnover_ratio": 1.3,
            "reinvestment_rate": 17.11,
            "research_to_sale_ratio": 8.71,
            "price_fair": 156.01,
            "eps_avg_yearly": 4.46,
            "eps_latest_yearly": 5.12,
            "eps_growth_yearly": 295.02
        },
        "20182": {
            "year_quarter": 20182,
            "year": 2018,
            "quarter": 2,
            "eps": 2.67,
            "eps_growth_year": 60.84,
            "eps_4q": 7.58,
            "eps_4q_growth_year": 36.56,
            "roe": 9.22,
            "roe_4q": 27.63,
            "gross_profit": 345140,
            "gross_margin": 46.12,
            "gross_margin_4q_avg": 40.66,
            "net_income": 192712,
            "net_income_4q": null,
            "revenue": 748308,
            "revenue_4q": null,
            "common_shares": 697958,
            "book_valuer_per_share": 28.56,
            "book_valuer_per_share_4q_avg": 27.61,
            "equity": 2074276,
            "current_ratio": 228.93,
            "debt_ratio": 33.9,
            "inventory_turnover_ratio": 0.77,
            "account_receivable_turnover_ratio": 1.51,
            "reinvestment_rate": 15.73,
            "research_to_sale_ratio": 9.98,
            "price_fair": 174.3,
            "eps_avg_yearly": 4.98,
            "eps_latest_yearly": 10.68,
            "eps_growth_yearly": 165.92
        },
        "20183": {
            "year_quarter": 20183,
            "year": 2018,
            "quarter": 3,
            "eps": 1.69,
            "eps_growth_year": 0,
            "eps_4q": 7.67,
            "eps_4q_growth_year": 19.5,
            "roe": 5.64,
            "roe_4q": 26.79,
            "gross_profit": 296313,
            "gross_margin": 37.96,
            "gross_margin_4q_avg": 40.27,
            "net_income": 120412,
            "net_income_4q": null,
            "revenue": 780563,
            "revenue_4q": null,
            "common_shares": 739547,
            "book_valuer_per_share": 28.69,
            "book_valuer_per_share_4q_avg": 28.44,
            "equity": 2197749,
            "current_ratio": 257.92,
            "debt_ratio": 30.23,
            "inventory_turnover_ratio": 0.85,
            "account_receivable_turnover_ratio": 1.24,
            "reinvestment_rate": 16.14,
            "research_to_sale_ratio": 8.12,
            "price_fair": 179.46,
            "eps_avg_yearly": 5.13,
            "eps_latest_yearly": 6.76,
            "eps_growth_yearly": 134.33
        },
        "20184": {
            "year_quarter": 20184,
            "year": 2018,
            "quarter": 4,
            "eps": 2.02,
            "eps_growth_year": -9.32,
            "eps_4q": 7.53,
            "eps_4q_growth_year": 18.8,
            "roe": 6.37,
            "roe_4q": 25.41,
            "gross_profit": 255458,
            "gross_margin": 38.16,
            "gross_margin_4q_avg": 40.07,
            "net_income": 145149,
            "net_income_4q": null,
            "revenue": 669452,
            "revenue_4q": null,
            "common_shares": 747047,
            "book_valuer_per_share": 30.6,
            "book_valuer_per_share_4q_avg": 29.19,
            "equity": 2356742,
            "current_ratio": 296.36,
            "debt_ratio": 26.32,
            "inventory_turnover_ratio": 0.82,
            "account_receivable_turnover_ratio": 0.98,
            "reinvestment_rate": 6.47,
            "research_to_sale_ratio": 11.47,
            "price_fair": 191.54,
            "eps_avg_yearly": 5.47,
            "eps_latest_yearly": 8.08,
            "eps_growth_yearly": 149.66
        },
        "20191": {
            "year_quarter": 20191,
            "year": 2019,
            "quarter": 1,
            "eps": 1.21,
            "eps_growth_year": -5.47,
            "eps_4q": 7.57,
            "eps_4q_growth_year": 10.18,
            "roe": 3.54,
            "roe_4q": 24.770000000000003,
            "gross_profit": 212480,
            "gross_margin": 40.36,
            "gross_margin_4q_avg": 40.65,
            "net_income": 84955,
            "net_income_4q": null,
            "revenue": 526520,
            "revenue_4q": null,
            "common_shares": 742767,
            "book_valuer_per_share": 32,
            "book_valuer_per_share_4q_avg": 29.96,
            "equity": 2442683,
            "current_ratio": 363.01,
            "debt_ratio": 22.02,
            "inventory_turnover_ratio": 0.78,
            "account_receivable_turnover_ratio": 1.06,
            "reinvestment_rate": 6.33,
            "research_to_sale_ratio": 11.61,
            "price_fair": 199.33,
            "eps_avg_yearly": 5.7,
            "eps_latest_yearly": 4.84,
            "eps_growth_yearly": 152.14
        },
        "20192": {
            "year_quarter": 20192,
            "year": 2019,
            "quarter": 2,
            "eps": 2.36,
            "eps_growth_year": -11.61,
            "eps_4q": 6.86,
            "eps_4q_growth_year": -9.44,
            "roe": 7.58,
            "roe_4q": 23.130000000000003,
            "gross_profit": 365967,
            "gross_margin": 46.88,
            "gross_margin_4q_avg": 40.84,
            "net_income": 181891,
            "net_income_4q": null,
            "revenue": 780566,
            "revenue_4q": null,
            "common_shares": 746327,
            "book_valuer_per_share": 30.63,
            "book_valuer_per_share_4q_avg": 30.48,
            "equity": 2353761,
            "current_ratio": 252.81,
            "debt_ratio": 31.84,
            "inventory_turnover_ratio": 1.21,
            "account_receivable_turnover_ratio": 1.52,
            "reinvestment_rate": 5.93,
            "research_to_sale_ratio": 9.6,
            "price_fair": 217.88,
            "eps_avg_yearly": 6.23,
            "eps_latest_yearly": 9.44,
            "eps_growth_yearly": 182.15
        },
        "20193": {
            "year_quarter": 20193,
            "year": 2019,
            "quarter": 3,
            "eps": 1.32,
            "eps_growth_year": -21.89,
            "eps_4q": 6.7,
            "eps_4q_growth_year": -12.59,
            "roe": 4.09,
            "roe_4q": 21.580000000000002,
            "gross_profit": 255921,
            "gross_margin": 38.5,
            "gross_margin_4q_avg": 40.98,
            "net_income": 98417,
            "net_income_4q": null,
            "revenue": 664716,
            "revenue_4q": null,
            "common_shares": 793383,
            "book_valuer_per_share": 30.29,
            "book_valuer_per_share_4q_avg": 30.88,
            "equity": 2457625,
            "current_ratio": 298.71,
            "debt_ratio": 26.91,
            "inventory_turnover_ratio": 1.31,
            "account_receivable_turnover_ratio": 1.05,
            "reinvestment_rate": 5.63,
            "research_to_sale_ratio": 10.41,
            "price_fair": 219.71,
            "eps_avg_yearly": 6.28,
            "eps_latest_yearly": 5.28,
            "eps_growth_yearly": 80.51
        },
        "20194": {
            "year_quarter": 20194,
            "year": 2019,
            "quarter": 4,
            "eps": 1.53,
            "eps_growth_year": -24.42,
            "eps_4q": 6.32,
            "eps_4q_growth_year": -16.07,
            "roe": 4.51,
            "roe_4q": 19.72,
            "gross_profit": 333283,
            "gross_margin": 42.19,
            "gross_margin_4q_avg": 41.98,
            "net_income": 115020,
            "net_income_4q": null,
            "revenue": 789980,
            "revenue_4q": null,
            "common_shares": 793583,
            "book_valuer_per_share": 31.89,
            "book_valuer_per_share_4q_avg": 31.2,
            "equity": 2645261,
            "current_ratio": 330.45,
            "debt_ratio": 24.53,
            "inventory_turnover_ratio": 1.48,
            "account_receivable_turnover_ratio": 1.21,
            "reinvestment_rate": 5.67,
            "research_to_sale_ratio": 9.08,
            "price_fair": 221.81,
            "eps_avg_yearly": 6.34,
            "eps_latest_yearly": 6.12,
            "eps_growth_yearly": 80.43
        },
        "20201": {
            "year_quarter": 20201,
            "year": 2020,
            "quarter": 1,
            "eps": 1.38,
            "eps_growth_year": 14.05,
            "eps_4q": 6.52,
            "eps_4q_growth_year": -13.86,
            "roe": 3.85,
            "roe_4q": 20.03,
            "gross_profit": 239240,
            "gross_margin": 36.26,
            "gross_margin_4q_avg": 40.96,
            "net_income": 104173,
            "net_income_4q": null,
            "revenue": 659736,
            "revenue_4q": null,
            "common_shares": 801333,
            "book_valuer_per_share": 33.07,
            "book_valuer_per_share_4q_avg": 31.47,
            "equity": 2765163,
            "current_ratio": 315.39,
            "debt_ratio": 26.08,
            "inventory_turnover_ratio": 1.16,
            "account_receivable_turnover_ratio": 1.05,
            "reinvestment_rate": 5.62,
            "research_to_sale_ratio": 9.86,
            "price_fair": 228.38,
            "eps_avg_yearly": 6.53,
            "eps_latest_yearly": 5.52,
            "eps_growth_yearly": 90.77
        },
        "20202": {
            "year_quarter": 20202,
            "year": 2020,
            "quarter": 2,
            "eps": 1.31,
            "eps_growth_year": -44.49,
            "eps_4q": 5.51,
            "eps_4q_growth_year": -19.75,
            "roe": 3.69,
            "roe_4q": 16.14,
            "gross_profit": 261910,
            "gross_margin": 35.83,
            "gross_margin_4q_avg": 38.2,
            "net_income": 98569,
            "net_income_4q": null,
            "revenue": 730947,
            "revenue_4q": null,
            "common_shares": 801583,
            "book_valuer_per_share": 29.77,
            "book_valuer_per_share_4q_avg": 31.26,
            "equity": 2576640,
            "current_ratio": 242.06,
            "debt_ratio": 33.95,
            "inventory_turnover_ratio": 1.01,
            "account_receivable_turnover_ratio": 1.16,
            "reinvestment_rate": 4.88,
            "research_to_sale_ratio": 9.02,
            "price_fair": 231.61,
            "eps_avg_yearly": 6.62,
            "eps_latest_yearly": 5.24,
            "eps_growth_yearly": 77.2
        },
        "20203": {
            "year_quarter": 20203,
            "year": 2020,
            "quarter": 3,
            "eps": 1.77,
            "eps_growth_year": 34.09,
            "eps_4q": 4.08,
            "eps_4q_growth_year": -39.17,
            "roe": 4.73,
            "roe_4q": 16.78,
            "gross_profit": 320346,
            "gross_margin": 36.81,
            "gross_margin_4q_avg": 37.77,
            "net_income": 134162,
            "net_income_4q": null,
            "revenue": 870173,
            "revenue_4q": null,
            "common_shares": 801583,
            "book_valuer_per_share": 34.15,
            "book_valuer_per_share_4q_avg": 32.22,
            "equity": 3095985,
            "current_ratio": 365.16,
            "debt_ratio": 21.99,
            "inventory_turnover_ratio": 1.05,
            "account_receivable_turnover_ratio": 1.3,
            "reinvestment_rate": 4.59,
            "research_to_sale_ratio": 8.13,
            "price_fair": 239.49,
            "eps_avg_yearly": 6.84,
            "eps_latest_yearly": 7.08,
            "eps_growth_yearly": 87.84
        },
        "20204": {
            "year_quarter": 20204,
            "year": 2020,
            "quarter": 4,
            "eps": 1.92,
            "eps_growth_year": 26.02,
            "eps_4q": 5.87,
            "eps_4q_growth_year": -7.11,
            "roe": 5.08,
            "roe_4q": 17.35,
            "gross_profit": 369817,
            "gross_margin": 39.88,
            "gross_margin_4q_avg": 37.2,
            "net_income": 171094,
            "net_income_4q": null,
            "revenue": 927317,
            "revenue_4q": null,
            "common_shares": 902123,
            "book_valuer_per_share": 38.45,
            "book_valuer_per_share_4q_avg": 33.86,
            "equity": 3644664,
            "current_ratio": 367.59,
            "debt_ratio": 19.6,
            "inventory_turnover_ratio": 1.1,
            "account_receivable_turnover_ratio": 1.35,
            "reinvestment_rate": 31.71,
            "research_to_sale_ratio": 9.32,
            "price_fair": 234.85,
            "eps_avg_yearly": 6.71,
            "eps_latest_yearly": 7.68,
            "eps_growth_yearly": 44.56
        },
        "20211": {
            "year_quarter": 20211,
            "year": 2021,
            "quarter": 1,
            "eps": 2.25,
            "eps_growth_year": 63.04,
            "eps_4q": 6.89,
            "eps_4q_growth_year": 5.7,
            "roe": 5.26,
            "roe_4q": 18.76,
            "gross_profit": 417762,
            "gross_margin": 41.66,
            "gross_margin_4q_avg": 38.55,
            "net_income": 197445,
            "net_income_4q": null,
            "revenue": 1002883,
            "revenue_4q": null,
            "common_shares": 903843,
            "book_valuer_per_share": 40.83,
            "book_valuer_per_share_4q_avg": 35.8,
            "equity": 3861988,
            "current_ratio": 364.61,
            "debt_ratio": 18.89,
            "inventory_turnover_ratio": 1.42,
            "account_receivable_turnover_ratio": 1.33,
            "reinvestment_rate": 42.79,
            "research_to_sale_ratio": 8.82,
            "price_fair": 247.54,
            "eps_avg_yearly": 7.07,
            "eps_latest_yearly": 9,
            "eps_growth_yearly": 65.69
        },
        "20212": {
            "year_quarter": 20212,
            "year": 2021,
            "quarter": 2,
            "eps": 1.69,
            "eps_growth_year": 29.01,
            "eps_4q": 7.17,
            "eps_4q_growth_year": 30.25,
            "roe": 3.65,
            "roe_4q": 18.72,
            "gross_profit": 374042,
            "gross_margin": 41.47,
            "gross_margin_4q_avg": 39.96,
            "net_income": 144874,
            "net_income_4q": null,
            "revenue": 901941,
            "revenue_4q": null,
            "common_shares": 911193,
            "book_valuer_per_share": 42.72,
            "book_valuer_per_share_4q_avg": 39.04,
            "equity": 4066718,
            "current_ratio": 232.62,
            "debt_ratio": 29.2,
            "inventory_turnover_ratio": 1.53,
            "account_receivable_turnover_ratio": 0.81,
            "reinvestment_rate": 56.43,
            "research_to_sale_ratio": 10.22,
            "price_fair": 247.8,
            "eps_avg_yearly": 7.08,
            "eps_latest_yearly": 6.76,
            "eps_growth_yearly": 32.59
        },
        "20213": {
            "year_quarter": 20213,
            "year": 2021,
            "quarter": 3,
            "eps": 2.74,
            "eps_growth_year": 54.8,
            "eps_4q": 8.54,
            "eps_4q_growth_year": 109.42,
            "roe": 6.23,
            "roe_4q": 20.22,
            "gross_profit": 510279,
            "gross_margin": 48.48,
            "gross_margin_4q_avg": 42.87,
            "net_income": 247692,
            "net_income_4q": null,
            "revenue": 1052656,
            "revenue_4q": null,
            "common_shares": 915203,
            "book_valuer_per_share": 40.72,
            "book_valuer_per_share_4q_avg": 40.68,
            "equity": 3883519,
            "current_ratio": 198.43,
            "debt_ratio": 30.38,
            "inventory_turnover_ratio": 1.48,
            "account_receivable_turnover_ratio": 0.79,
            "reinvestment_rate": 52.73,
            "research_to_sale_ratio": 10.54,
            "price_fair": 256.99,
            "eps_avg_yearly": 7.34,
            "eps_latest_yearly": 10.96,
            "eps_growth_yearly": 47.67
        },
        "20214": {
            "year_quarter": 20214,
            "year": 2021,
            "quarter": 4,
            "eps": 3.63,
            "eps_growth_year": 88.53,
            "eps_4q": 10.28,
            "eps_4q_growth_year": 75.05,
            "roe": 8.16,
            "roe_4q": 23.299999999999997,
            "gross_profit": 656055,
            "gross_margin": 55.39,
            "gross_margin_4q_avg": 46.75,
            "net_income": 331727,
            "net_income_4q": null,
            "revenue": 1184504,
            "revenue_4q": null,
            "common_shares": 915383,
            "book_valuer_per_share": 44.66,
            "book_valuer_per_share_4q_avg": 42.23,
            "equity": 4243729,
            "current_ratio": 187.04,
            "debt_ratio": 33.06,
            "inventory_turnover_ratio": 1.19,
            "account_receivable_turnover_ratio": 1.02,
            "reinvestment_rate": 43.28,
            "research_to_sale_ratio": 9.98,
            "price_fair": 269.24,
            "eps_avg_yearly": 7.69,
            "eps_latest_yearly": 14.52,
            "eps_growth_yearly": 47.81
        },
        "20221": {
            "year_quarter": 20221,
            "year": 2022,
            "quarter": 1,
            "eps": 2.23,
            "eps_growth_year": -0.89,
            "eps_4q": 10.26,
            "eps_4q_growth_year": 48.93,
            "roe": 4.61,
            "roe_4q": 22.65,
            "gross_profit": 404416,
            "gross_margin": 45.55,
            "gross_margin_4q_avg": 47.72,
            "net_income": 201170,
            "net_income_4q": null,
            "revenue": 887814,
            "revenue_4q": null,
            "common_shares": 917613,
            "book_valuer_per_share": 47.12,
            "book_valuer_per_share_4q_avg": 43.81,
            "equity": 4478434,
            "current_ratio": 166.36,
            "debt_ratio": 36.56,
            "inventory_turnover_ratio": 0.86,
            "account_receivable_turnover_ratio": 0.89,
            "reinvestment_rate": 40.44,
            "research_to_sale_ratio": 12.22,
            "price_fair": 277.55,
            "eps_avg_yearly": 7.93,
            "eps_latest_yearly": 8.92,
            "eps_growth_yearly": 48.81
        },
        "20222": {
            "year_quarter": 20222,
            "year": 2022,
            "quarter": 2,
            "eps": 2.36,
            "eps_growth_year": 39.64,
            "eps_4q": 10.39,
            "eps_4q_growth_year": 44.93,
            "roe": 4.88,
            "roe_4q": 23.88,
            "gross_profit": 466793,
            "gross_margin": 46.69,
            "gross_margin_4q_avg": 49.03,
            "net_income": 209725,
            "net_income_4q": null,
            "revenue": 999686,
            "revenue_4q": null,
            "common_shares": 922793,
            "book_valuer_per_share": 42.87,
            "book_valuer_per_share_4q_avg": 43.84,
            "equity": 4124235,
            "current_ratio": 148.69,
            "debt_ratio": 39.7,
            "inventory_turnover_ratio": 0.85,
            "account_receivable_turnover_ratio": 1.19,
            "reinvestment_rate": 40.11,
            "research_to_sale_ratio": 13.5,
            "price_fair": 260.1,
            "eps_avg_yearly": 7.85,
            "eps_latest_yearly": 9.44,
            "eps_growth_yearly": 23.12
        },
        "20223": {
            "year_quarter": 20223,
            "year": 2022,
            "quarter": 3,
            "eps": 1.1,
            "eps_growth_year": -59.85,
            "eps_4q": 8.98,
            "eps_4q_growth_year": 5.17,
            "roe": 2.33,
            "roe_4q": 19.98,
            "gross_profit": 201183,
            "gross_margin": 37.45,
            "gross_margin_4q_avg": 46.27,
            "net_income": 97580,
            "net_income_4q": null,
            "revenue": 537182,
            "revenue_4q": null,
            "common_shares": 925416,
            "book_valuer_per_share": 44.07,
            "book_valuer_per_share_4q_avg": 44.68,
            "equity": 4242437,
            "current_ratio": 179.87,
            "debt_ratio": 29.18,
            "inventory_turnover_ratio": 0.57,
            "account_receivable_turnover_ratio": 0.86,
            "reinvestment_rate": 40.09,
            "research_to_sale_ratio": 18.73,
            "price_fair": 223.07,
            "eps_avg_yearly": 7.71,
            "eps_latest_yearly": 4.4,
            "eps_growth_yearly": 18.95
        },
        "20224": {
            "year_quarter": 20224,
            "year": 2022,
            "quarter": 4,
            "eps": -0.7,
            "eps_growth_year": -119.18,
            "eps_4q": 4.94,
            "eps_4q_growth_year": -51.92,
            "roe": -1.81,
            "roe_4q": 10.010000000000002,
            "gross_profit": 47213,
            "gross_margin": 12.21,
            "gross_margin_4q_avg": 35.48,
            "net_income": -76576,
            "net_income_4q": null,
            "revenue": 386578,
            "revenue_4q": null,
            "common_shares": 929546,
            "book_valuer_per_share": 43.71,
            "book_valuer_per_share_4q_avg": 44.44,
            "equity": 4197545,
            "current_ratio": 198.61,
            "debt_ratio": 26.37,
            "inventory_turnover_ratio": 0.66,
            "account_receivable_turnover_ratio": 1.03,
            "reinvestment_rate": 43.52,
            "research_to_sale_ratio": 18.58,
            "price_fair": 192.06,
            "eps_avg_yearly": 7.68,
            "eps_latest_yearly": 4.4,
            "eps_growth_yearly": 15.01
        },
        "20231": {
            "year_quarter": 20231,
            "year": 2023,
            "quarter": 1,
            "eps": 1,
            "eps_growth_year": -55.16,
            "eps_4q": 3.57,
            "eps_4q_growth_year": -65.16,
            "roe": 1.97,
            "roe_4q": 7.37,
            "gross_profit": 303543,
            "gross_margin": 50.23,
            "gross_margin_4q_avg": 36.65,
            "net_income": 84092,
            "net_income_4q": null,
            "revenue": 604265,
            "revenue_4q": null,
            "common_shares": 979826,
            "book_valuer_per_share": 42.85,
            "book_valuer_per_share_4q_avg": 43.38,
            "equity": 4321202,
            "current_ratio": 212.62,
            "debt_ratio": 25.04,
            "inventory_turnover_ratio": 0.66,
            "account_receivable_turnover_ratio": 1.55,
            "reinvestment_rate": 43.34,
            "research_to_sale_ratio": 17.97,
            "price_fair": 275.9,
            "eps_avg_yearly": 7.88,
            "eps_latest_yearly": 4.4,
            "eps_growth_yearly": 27.54
        },
        "20232": {
            "year_quarter": 20232,
            "year": 2023,
            "quarter": 2,
            "eps": 1.66,
            "eps_growth_year": -29.66,
            "eps_4q": 3.01,
            "eps_4q_growth_year": -71.06,
            "roe": 3.37,
            "roe_4q": 5.859999999999999,
            "gross_profit": 360453,
            "gross_margin": 47.72,
            "gross_margin_4q_avg": 36.9,
            "net_income": 149107,
            "net_income_4q": null,
            "revenue": 755412,
            "revenue_4q": null,
            "common_shares": 983076,
            "book_valuer_per_share": 44.36,
            "book_valuer_per_share_4q_avg": 43.75,
            "equity": 4532222,
            "current_ratio": 205.83,
            "debt_ratio": 27.54,
            "inventory_turnover_ratio": 0.88,
            "account_receivable_turnover_ratio": 1.23,
            "reinvestment_rate": 42.63,
            "research_to_sale_ratio": 15.51,
            "price_fair": 224.64,
            "eps_avg_yearly": 7.68,
            "eps_latest_yearly": 6.64,
            "eps_growth_yearly": 19.24
        },
        "20233": {
            "year_quarter": 20233,
            "year": 2023,
            "quarter": 3,
            "eps": 1.19,
            "eps_growth_year": 8.18,
            "eps_4q": 3.13,
            "eps_4q_growth_year": -65.1,
            "roe": 2.63,
            "roe_4q": 6.16,
            "gross_profit": 290452,
            "gross_margin": 43.12,
            "gross_margin_4q_avg": 38.32,
            "net_income": 121394,
            "net_income_4q": null,
            "revenue": 673575,
            "revenue_4q": null,
            "common_shares": 982666,
            "book_valuer_per_share": 45.82,
            "book_valuer_per_share_4q_avg": 44.19,
            "equity": 4684846,
            "current_ratio": 277.4,
            "debt_ratio": 22.44,
            "inventory_turnover_ratio": 0.85,
            "account_receivable_turnover_ratio": 1.07,
            "reinvestment_rate": 42.32,
            "research_to_sale_ratio": 17.36,
            "price_fair": 257.97,
            "eps_avg_yearly": 7.65,
            "eps_latest_yearly": 4.76,
            "eps_growth_yearly": 23.74
        },
        "20234": {
            "year_quarter": 20234,
            "year": 2023,
            "quarter": 4,
            "eps": 0.32,
            "eps_growth_year": null,
            "eps_4q": 4.09,
            "eps_4q_growth_year": -17.31,
            "roe": 0.4,
            "roe_4q": 8.370000000000001,
            "gross_profit": 242321,
            "gross_margin": 40.09,
            "gross_margin_4q_avg": 45.29,
            "net_income": 18603,
            "net_income_4q": null,
            "revenue": 604456,
            "revenue_4q": null,
            "common_shares": 983141,
            "book_valuer_per_share": 46.45,
            "book_valuer_per_share_4q_avg": 44.87,
            "equity": 4734281,
            "current_ratio": 233.54,
            "debt_ratio": 23.72,
            "inventory_turnover_ratio": 0.87,
            "account_receivable_turnover_ratio": 1.11,
            "reinvestment_rate": 31.94,
            "research_to_sale_ratio": 17.83,
            "price_fair": 21.9,
            "eps_avg_yearly": 7.3,
            "eps_latest_yearly": 1.28,
            "eps_growth_yearly": -1.69
        }
    },
    "months": {
        "2012-12": {
            "month": "2012-12",
            "price": "57.67",
            "revenue": 90103
        },
        "2013-01": {
            "month": "2013-01",
            "price": "49.34",
            "revenue": 84338
        },
        "2013-02": {
            "month": "2013-02",
            "price": "49.54",
            "revenue": 94874
        },
        "2013-03": {
            "month": "2013-03",
            "price": "48.08",
            "revenue": 91750
        },
        "2013-04": {
            "month": "2013-04",
            "price": "46.69",
            "revenue": 97969
        },
        "2013-05": {
            "month": "2013-05",
            "price": "38.80",
            "revenue": 118082
        },
        "2013-06": {
            "month": "2013-06",
            "price": "37.51",
            "revenue": 117391
        },
        "2013-07": {
            "month": "2013-07",
            "price": "35.06",
            "revenue": 126451
        },
        "2013-08": {
            "month": "2013-08",
            "price": "37.50",
            "revenue": 128326
        },
        "2013-09": {
            "month": "2013-09",
            "price": "41.31",
            "revenue": 130619
        },
        "2013-10": {
            "month": "2013-10",
            "price": "40.83",
            "revenue": 130538
        },
        "2013-11": {
            "month": "2013-11",
            "price": "39.25",
            "revenue": 133229
        },
        "2013-12": {
            "month": "2013-12",
            "price": "47.13",
            "revenue": 108346
        },
        "2014-01": {
            "month": "2014-01",
            "price": "49.30",
            "revenue": 84579
        },
        "2014-02": {
            "month": "2014-02",
            "price": "50.30",
            "revenue": 96383
        },
        "2014-03": {
            "month": "2014-03",
            "price": "51.36",
            "revenue": 96423
        },
        "2014-04": {
            "month": "2014-04",
            "price": "48.61",
            "revenue": 120789
        },
        "2014-05": {
            "month": "2014-05",
            "price": "44.67",
            "revenue": 134830
        },
        "2014-06": {
            "month": "2014-06",
            "price": "45.76",
            "revenue": 165652
        },
        "2014-07": {
            "month": "2014-07",
            "price": "44.35",
            "revenue": 165769
        },
        "2014-08": {
            "month": "2014-08",
            "price": "42.93",
            "revenue": 168473
        },
        "2014-09": {
            "month": "2014-09",
            "price": "48.72",
            "revenue": 168822
        },
        "2014-10": {
            "month": "2014-10",
            "price": "46.94",
            "revenue": 157916
        },
        "2014-11": {
            "month": "2014-11",
            "price": "46.48",
            "revenue": 138033
        },
        "2014-12": {
            "month": "2014-12",
            "price": "58.06",
            "revenue": 131521
        },
        "2015-01": {
            "month": "2015-01",
            "price": "54.21",
            "revenue": 174808
        },
        "2015-02": {
            "month": "2015-02",
            "price": "53.79",
            "revenue": 127069
        },
        "2015-03": {
            "month": "2015-03",
            "price": "57.90",
            "revenue": 127740
        },
        "2015-04": {
            "month": "2015-04",
            "price": "54.78",
            "revenue": 160553
        },
        "2015-05": {
            "month": "2015-05",
            "price": "49.99",
            "revenue": 161736
        },
        "2015-06": {
            "month": "2015-06",
            "price": "46.30",
            "revenue": 166543
        },
        "2015-07": {
            "month": "2015-07",
            "price": "38.62",
            "revenue": 169741
        },
        "2015-08": {
            "month": "2015-08",
            "price": "25.13",
            "revenue": 173032
        },
        "2015-09": {
            "month": "2015-09",
            "price": "25.90",
            "revenue": 181665
        },
        "2015-10": {
            "month": "2015-10",
            "price": "29.89",
            "revenue": 185125
        },
        "2015-11": {
            "month": "2015-11",
            "price": "31.54",
            "revenue": 187550
        },
        "2015-12": {
            "month": "2015-12",
            "price": "33.93",
            "revenue": 281346
        },
        "2016-01": {
            "month": "2016-01",
            "price": "30.85",
            "revenue": 216476
        },
        "2016-02": {
            "month": "2016-02",
            "price": "32.89",
            "revenue": 145721
        },
        "2016-03": {
            "month": "2016-03",
            "price": "37.21",
            "revenue": 163749
        },
        "2016-04": {
            "month": "2016-04",
            "price": "37.98",
            "revenue": 187849
        },
        "2016-05": {
            "month": "2016-05",
            "price": "35.20",
            "revenue": 187944
        },
        "2016-06": {
            "month": "2016-06",
            "price": "37.28",
            "revenue": 188194
        },
        "2016-07": {
            "month": "2016-07",
            "price": "41.51",
            "revenue": 214224
        },
        "2016-08": {
            "month": "2016-08",
            "price": "48.84",
            "revenue": 218424
        },
        "2016-09": {
            "month": "2016-09",
            "price": "52.48",
            "revenue": 222006
        },
        "2016-10": {
            "month": "2016-10",
            "price": "52.26",
            "revenue": 236207
        },
        "2016-11": {
            "month": "2016-11",
            "price": "48.93",
            "revenue": 230637
        },
        "2016-12": {
            "month": "2016-12",
            "price": "52.38",
            "revenue": 227652
        },
        "2017-01": {
            "month": "2017-01",
            "price": "59.62",
            "revenue": 225800
        },
        "2017-02": {
            "month": "2017-02",
            "price": "68.53",
            "revenue": 191823
        },
        "2017-03": {
            "month": "2017-03",
            "price": "72.30",
            "revenue": 206577
        },
        "2017-04": {
            "month": "2017-04",
            "price": "65.57",
            "revenue": 208504
        },
        "2017-05": {
            "month": "2017-05",
            "price": "65.22",
            "revenue": 215379
        },
        "2017-06": {
            "month": "2017-06",
            "price": "70.99",
            "revenue": 215640
        },
        "2017-07": {
            "month": "2017-07",
            "price": "92.24",
            "revenue": 216201
        },
        "2017-08": {
            "month": "2017-08",
            "price": "92.88",
            "revenue": 232044
        },
        "2017-09": {
            "month": "2017-09",
            "price": "92.28",
            "revenue": 245637
        },
        "2017-10": {
            "month": "2017-10",
            "price": "89.54",
            "revenue": 251031
        },
        "2017-11": {
            "month": "2017-11",
            "price": "87.05",
            "revenue": 263790
        },
        "2017-12": {
            "month": "2017-12",
            "price": "84.24",
            "revenue": 264228
        },
        "2018-01": {
            "month": "2018-01",
            "price": "88.35",
            "revenue": 296067
        },
        "2018-02": {
            "month": "2018-02",
            "price": "85.88",
            "revenue": 198176
        },
        "2018-03": {
            "month": "2018-03",
            "price": "93.46",
            "revenue": 212814
        },
        "2018-04": {
            "month": "2018-04",
            "price": "95.06",
            "revenue": 247196
        },
        "2018-05": {
            "month": "2018-05",
            "price": "94.46",
            "revenue": 248342
        },
        "2018-06": {
            "month": "2018-06",
            "price": "103.00",
            "revenue": 252770
        },
        "2018-07": {
            "month": "2018-07",
            "price": "107.86",
            "revenue": 252895
        },
        "2018-08": {
            "month": "2018-08",
            "price": "104.33",
            "revenue": 261557
        },
        "2018-09": {
            "month": "2018-09",
            "price": "93.65",
            "revenue": 266112
        },
        "2018-10": {
            "month": "2018-10",
            "price": "75.62",
            "revenue": 203995
        },
        "2018-11": {
            "month": "2018-11",
            "price": "69.16",
            "revenue": 227614
        },
        "2018-12": {
            "month": "2018-12",
            "price": "70.65",
            "revenue": 237843
        },
        "2019-01": {
            "month": "2019-01",
            "price": "69.94",
            "revenue": 194314
        },
        "2019-02": {
            "month": "2019-02",
            "price": "72.48",
            "revenue": 132534
        },
        "2019-03": {
            "month": "2019-03",
            "price": "76.08",
            "revenue": 199671
        },
        "2019-04": {
            "month": "2019-04",
            "price": "81.27",
            "revenue": 250430
        },
        "2019-05": {
            "month": "2019-05",
            "price": "81.04",
            "revenue": 268914
        },
        "2019-06": {
            "month": "2019-06",
            "price": "78.68",
            "revenue": 261222
        },
        "2019-07": {
            "month": "2019-07",
            "price": "84.53",
            "revenue": 270001
        },
        "2019-08": {
            "month": "2019-08",
            "price": "103.72",
            "revenue": 193233
        },
        "2019-09": {
            "month": "2019-09",
            "price": "104.54",
            "revenue": 201482
        },
        "2019-10": {
            "month": "2019-10",
            "price": "93.31",
            "revenue": 220892
        },
        "2019-11": {
            "month": "2019-11",
            "price": "88.72",
            "revenue": 280635
        },
        "2019-12": {
            "month": "2019-12",
            "price": "96.90",
            "revenue": 288453
        },
        "2020-01": {
            "month": "2020-01",
            "price": "97.94",
            "revenue": 209520
        },
        "2020-02": {
            "month": "2020-02",
            "price": "93.44",
            "revenue": 212053
        },
        "2020-03": {
            "month": "2020-03",
            "price": "82.54",
            "revenue": 238164
        },
        "2020-04": {
            "month": "2020-04",
            "price": "82.94",
            "revenue": 219107
        },
        "2020-05": {
            "month": "2020-05",
            "price": "85.08",
            "revenue": 215411
        },
        "2020-06": {
            "month": "2020-06",
            "price": "86.36",
            "revenue": 294869
        },
        "2020-07": {
            "month": "2020-07",
            "price": "91.66",
            "revenue": 292212
        },
        "2020-08": {
            "month": "2020-08",
            "price": "86.79",
            "revenue": 282219
        },
        "2020-09": {
            "month": "2020-09",
            "price": "81.24",
            "revenue": 295743
        },
        "2020-10": {
            "month": "2020-10",
            "price": "82.62",
            "revenue": 304240
        },
        "2020-11": {
            "month": "2020-11",
            "price": "88.23",
            "revenue": 316121
        },
        "2020-12": {
            "month": "2020-12",
            "price": "101.01",
            "revenue": 306631
        },
        "2021-01": {
            "month": "2021-01",
            "price": "105.15",
            "revenue": 356525
        },
        "2021-02": {
            "month": "2021-02",
            "price": "104.55",
            "revenue": 303409
        },
        "2021-03": {
            "month": "2021-03",
            "price": "121.93",
            "revenue": 342949
        },
        "2021-04": {
            "month": "2021-04",
            "price": "147.89",
            "revenue": 304253
        },
        "2021-05": {
            "month": "2021-05",
            "price": "124.67",
            "revenue": 291163
        },
        "2021-06": {
            "month": "2021-06",
            "price": "142.26",
            "revenue": 306525
        },
        "2021-07": {
            "month": "2021-07",
            "price": "155.73",
            "revenue": 349252
        },
        "2021-08": {
            "month": "2021-08",
            "price": "154.48",
            "revenue": 355390
        },
        "2021-09": {
            "month": "2021-09",
            "price": "185.30",
            "revenue": 348015
        },
        "2021-10": {
            "month": "2021-10",
            "price": "205.35",
            "revenue": 432161
        },
        "2021-11": {
            "month": "2021-11",
            "price": "249.27",
            "revenue": 369505
        },
        "2021-12": {
            "month": "2021-12",
            "price": "253.64",
            "revenue": 382837
        },
        "2022-01": {
            "month": "2022-01",
            "price": "211.78",
            "revenue": 306168
        },
        "2022-02": {
            "month": "2022-02",
            "price": "197.97",
            "revenue": 282491
        },
        "2022-03": {
            "month": "2022-03",
            "price": "181.52",
            "revenue": 299155
        },
        "2022-04": {
            "month": "2022-04",
            "price": "148.34",
            "revenue": 381584
        },
        "2022-05": {
            "month": "2022-05",
            "price": "144.10",
            "revenue": 312296
        },
        "2022-06": {
            "month": "2022-06",
            "price": "128.43",
            "revenue": 305806
        },
        "2022-07": {
            "month": "2022-07",
            "price": "113.07",
            "revenue": 210067
        },
        "2022-08": {
            "month": "2022-08",
            "price": "109.67",
            "revenue": 185733
        },
        "2022-09": {
            "month": "2022-09",
            "price": "97.83",
            "revenue": 141382
        },
        "2022-10": {
            "month": "2022-10",
            "price": "84.90",
            "revenue": 134163
        },
        "2022-11": {
            "month": "2022-11",
            "price": "92.60",
            "revenue": 112051
        },
        "2022-12": {
            "month": "2022-12",
            "price": "91.27",
            "revenue": 140364
        },
        "2023-01": {
            "month": "2023-01",
            "price": "87.01",
            "revenue": 186489
        },
        "2023-02": {
            "month": "2023-02",
            "price": "117.60",
            "revenue": 203620
        },
        "2023-03": {
            "month": "2023-03",
            "price": "124.50",
            "revenue": 214156
        },
        "2023-04": {
            "month": "2023-04",
            "price": "115.68",
            "revenue": 228711
        },
        "2023-05": {
            "month": "2023-05",
            "price": "106.93",
            "revenue": 263990
        },
        "2023-06": {
            "month": "2023-06",
            "price": "112.08",
            "revenue": 262711
        },
        "2023-07": {
            "month": "2023-07",
            "price": "115.48",
            "revenue": 257854
        },
        "2023-08": {
            "month": "2023-08",
            "price": "108.18",
            "revenue": 205554
        },
        "2023-09": {
            "month": "2023-09",
            "price": "114.32",
            "revenue": 210167
        },
        "2023-10": {
            "month": "2023-10",
            "price": "111.65",
            "revenue": 202573
        },
        "2023-11": {
            "month": "2023-11",
            "price": "120.34",
            "revenue": 201615
        },
        "2023-12": {
            "month": "2023-12",
            "price": "123.02",
            "revenue": 200268
        }
    }
}
