{
    "summary": {
        "stock_name": "群電",
        "stock_id": "6412",
        "category": "電子零組件",
        "main_business": "交換式電源供應器之研發、製造及買賣<br>其他各種電子零組件及器材之研發、製造及買賣<br>照明燈具之研發、製造及買賣及智慧建築系統業務",
        "website_url": "http://www.chiconypower.com.tw/",
        "ceo": "曾國華",
        "pe_ratio": 10,
        "report_year_from": 2010,
        "report_year_to": 2023,
        "age": 13,
        "eps_negative_percentage": 0,
        "eps_growth_avg": {
            "last_all": 17.59,
            "last_2y": 22.35,
            "last_4y": 19.42,
            "last_8y": 17.59,
            "last_12y": null,
            "last_16y": null,
            "last_20y": null,
            "at_2006_last_3y": null,
            "at_2007_last_3y": null,
            "at_2008_last_3y": null,
            "at_2009_last_3y": null,
            "at_2010_last_3y": null,
            "at_2011_last_3y": null,
            "at_2012_last_3y": null,
            "at_2013_last_3y": null,
            "at_2014_last_3y": null,
            "at_2015_last_3y": null,
            "at_2016_last_3y": null,
            "at_2017_last_3y": 15.3,
            "at_2018_last_3y": -1.13,
            "at_2019_last_3y": 14.77,
            "at_2020_last_3y": 16.56,
            "at_2021_last_3y": 20.81,
            "at_2022_last_3y": 33.06,
            "at_2023_last_3y": 33.06,
            "at_2006_last_all": null,
            "at_2007_last_all": null,
            "at_2008_last_all": null,
            "at_2009_last_all": null,
            "at_2010_last_all": null,
            "at_2011_last_all": null,
            "at_2012_last_all": null,
            "at_2013_last_all": null,
            "at_2014_last_all": null,
            "at_2015_last_all": 16.08,
            "at_2016_last_all": 15.81,
            "at_2017_last_all": 15.3,
            "at_2018_last_all": 5.21,
            "at_2019_last_all": 15.21,
            "at_2020_last_all": 16.24,
            "at_2021_last_all": 18.06,
            "at_2022_last_all": 17.59,
            "at_2023_last_all": 17.59
        },
        "latest_eps": 7.7,
        "latest_price": 79.5,
        "latest_roe": 28.79,
        "latest_gross_margin": 18.67,
        "latest_equity": 11252223,
        "latest_revenue": 8291400,
        "latest_gross_profit": 1548410,
        "latest_net_income": 581189,
        "latest_debt_ratio": 59.04,
        "latest_current_ratio": 124.11,
        "latest_account_receivable_turnover_ratio": 0.81,
        "latest_inventory_turnover_ratio": 1.07,
        "latest_reinvestment_rate": 34.44,
        "latest_research_to_sale_ratio": 5.02
    },
    "eps_dividends": {
        "2001": {
            "cash": 0,
            "stock": 0,
            "eps": 0
        },
        "2002": {
            "cash": 0,
            "stock": 0,
            "eps": 0
        },
        "2003": {
            "cash": 0,
            "stock": 0,
            "eps": 0
        },
        "2004": {
            "cash": 0,
            "stock": 0,
            "eps": 0
        },
        "2005": {
            "cash": 0,
            "stock": 0,
            "eps": 0
        },
        "2006": {
            "cash": 0,
            "stock": 0,
            "eps": 0
        },
        "2007": {
            "cash": 0,
            "stock": 0,
            "eps": 0
        },
        "2008": {
            "cash": 0,
            "stock": 0,
            "eps": 0
        },
        "2009": {
            "cash": 0,
            "stock": 0,
            "eps": 0
        },
        "2010": {
            "cash": 0,
            "stock": 0,
            "eps": 0
        },
        "2011": {
            "cash": 0,
            "stock": 0,
            "eps": 0
        },
        "2012": {
            "cash": 0,
            "stock": 0,
            "eps": 0
        },
        "2013": {
            "cash": 2,
            "stock": 0,
            "eps": 2.42
        },
        "2014": {
            "cash": 2,
            "stock": 0,
            "eps": 3.16
        },
        "2015": {
            "cash": 2,
            "stock": 0,
            "eps": 3.21
        },
        "2016": {
            "cash": 2,
            "stock": 0,
            "eps": 3.7
        },
        "2017": {
            "cash": 3,
            "stock": 0,
            "eps": 4.21
        },
        "2018": {
            "cash": 3,
            "stock": 0,
            "eps": 2.73
        },
        "2019": {
            "cash": 2,
            "stock": 0,
            "eps": 4.51
        },
        "2020": {
            "cash": 3,
            "stock": 0,
            "eps": 5.52
        },
        "2021": {
            "cash": 4,
            "stock": 0,
            "eps": 7.22
        },
        "2022": {
            "cash": 5,
            "stock": 0,
            "eps": 8.22
        },
        "2023": {
            "cash": 6,
            "stock": 0,
            "eps": 1.47
        }
    },
    "dividends": {
        "2013-05-06": {
            "cash": 1.95,
            "stock": 0.05
        },
        "2014-06-09": {
            "cash": 1.95,
            "stock": 0.05
        },
        "2015-08-17": {
            "cash": 2.3,
            "stock": 0.05
        },
        "2016-07-27": {
            "cash": 2.35,
            "stock": 0.05
        },
        "2017-07-17": {
            "cash": 2.75,
            "stock": 0.05
        },
        "2018-07-25": {
            "cash": 3.1,
            "stock": 0.05
        },
        "2019-07-22": {
            "cash": 2,
            "stock": 0
        },
        "2020-05-14": {
            "cash": 3.2,
            "stock": 0
        },
        "2021-05-14": {
            "cash": 4,
            "stock": 0
        },
        "2022-05-11": {
            "cash": 5.2,
            "stock": 0
        },
        "2023-05-03": {
            "cash": 5.9,
            "stock": 0
        }
    },
    "prices": {
        "200101": "無",
        "200102": "無",
        "200103": "無",
        "200104": "無",
        "200105": "無",
        "200106": "無",
        "200107": "無",
        "200108": "無",
        "200109": "無",
        "200110": "無",
        "200111": "無",
        "200112": "無",
        "200201": "無",
        "200202": "無",
        "200203": "無",
        "200204": "無",
        "200205": "無",
        "200206": "無",
        "200207": "無",
        "200208": "無",
        "200209": "無",
        "200210": "無",
        "200211": "無",
        "200212": "無",
        "200301": "無",
        "200302": "無",
        "200303": "無",
        "200304": "無",
        "200305": "無",
        "200306": "無",
        "200307": "無",
        "200308": "無",
        "200309": "無",
        "200310": "無",
        "200311": "無",
        "200312": "無",
        "200401": "無",
        "200402": "無",
        "200403": "無",
        "200404": "無",
        "200405": "無",
        "200406": "無",
        "200407": "無",
        "200408": "無",
        "200409": "無",
        "200410": "無",
        "200411": "無",
        "200412": "無",
        "200501": "無",
        "200502": "無",
        "200503": "無",
        "200504": "無",
        "200505": "無",
        "200506": "無",
        "200507": "無",
        "200508": "無",
        "200509": "無",
        "200510": "無",
        "200511": "無",
        "200512": "無",
        "200601": "無",
        "200602": "無",
        "200603": "無",
        "200604": "無",
        "200605": "無",
        "200606": "無",
        "200607": "無",
        "200608": "無",
        "200609": "無",
        "200610": "無",
        "200611": "無",
        "200612": "無",
        "200701": "無",
        "200702": "無",
        "200703": "無",
        "200704": "無",
        "200705": "無",
        "200706": "無",
        "200707": "無",
        "200708": "無",
        "200709": "無",
        "200710": "無",
        "200711": "無",
        "200712": "無",
        "200801": "無",
        "200802": "無",
        "200803": "無",
        "200804": "無",
        "200805": "無",
        "200806": "無",
        "200807": "無",
        "200808": "無",
        "200809": "無",
        "200810": "無",
        "200811": "無",
        "200812": "無",
        "200901": "無",
        "200902": "無",
        "200903": "無",
        "200904": "無",
        "200905": "無",
        "200906": "無",
        "200907": "無",
        "200908": "無",
        "200909": "無",
        "200910": "無",
        "200911": "無",
        "200912": "無",
        "201001": "無",
        "201002": "無",
        "201003": "無",
        "201004": "無",
        "201005": "無",
        "201006": "無",
        "201007": "無",
        "201008": "無",
        "201009": "無",
        "201010": "無",
        "201011": "無",
        "201012": "無",
        "201101": "無",
        "201102": "無",
        "201103": "無",
        "201104": "無",
        "201105": "無",
        "201106": "無",
        "201107": "無",
        "201108": "無",
        "201109": "無",
        "201110": "無",
        "201111": "無",
        "201112": "無",
        "201201": "無",
        "201202": "無",
        "201203": "無",
        "201204": "無",
        "201205": "無",
        "201206": "無",
        "201207": "無",
        "201208": "無",
        "201209": "無",
        "201210": "無",
        "201211": "無",
        "201212": "無",
        "201301": "37.13",
        "201302": "37.29",
        "201303": "38.71",
        "201304": "40.92",
        "201305": "41.87",
        "201306": "41.61",
        "201307": "41.19",
        "201308": "44.15",
        "201309": "44.95",
        "201310": "52.01",
        "201311": "45.17",
        "201312": "46.39",
        "201401": "45.04",
        "201402": "44.00",
        "201403": "43.72",
        "201404": "44.28",
        "201405": "44.53",
        "201406": "46.19",
        "201407": "46.64",
        "201408": "46.29",
        "201409": "45.52",
        "201410": "44.26",
        "201411": "43.94",
        "201412": "43.81",
        "201501": "43.89",
        "201502": "43.65",
        "201503": "43.46",
        "201504": "43.70",
        "201505": "42.29",
        "201506": "41.69",
        "201507": "42.62",
        "201508": "35.07",
        "201509": "36.24",
        "201510": "38.58",
        "201511": "33.94",
        "201512": "35.28",
        "201601": "37.37",
        "201602": "37.43",
        "201603": "38.09",
        "201604": "37.04",
        "201605": "34.86",
        "201606": "35.73",
        "201607": "35.59",
        "201608": "37.22",
        "201609": "40.97",
        "201610": "48.14",
        "201611": "49.89",
        "201612": "49.19",
        "201701": "47.75",
        "201702": "47.11",
        "201703": "49.24",
        "201704": "49.65",
        "201705": "61.86",
        "201706": "63.78",
        "201707": "62.36",
        "201708": "59.94",
        "201709": "58.35",
        "201710": "61.42",
        "201711": "64.34",
        "201712": "60.65",
        "201801": "58.85",
        "201802": "58.12",
        "201803": "60.84",
        "201804": "58.68",
        "201805": "51.31",
        "201806": "51.48",
        "201807": "46.18",
        "201808": "44.10",
        "201809": "42.73",
        "201810": "41.90",
        "201811": "43.68",
        "201812": "42.76",
        "201901": "44.49",
        "201902": "47.62",
        "201903": "55.96",
        "201904": "55.12",
        "201905": "49.98",
        "201906": "49.03",
        "201907": "53.75",
        "201908": "57.19",
        "201909": "57.95",
        "201910": "56.53",
        "201911": "64.47",
        "201912": "63.04",
        "202001": "60.73",
        "202002": "59.71",
        "202003": "51.35",
        "202004": "55.94",
        "202005": "63.39",
        "202006": "66.00",
        "202007": "69.14",
        "202008": "71.71",
        "202009": "67.96",
        "202010": "66.77",
        "202011": "67.13",
        "202012": "72.29",
        "202101": "70.62",
        "202102": "77.09",
        "202103": "80.11",
        "202104": "77.35",
        "202105": "68.71",
        "202106": "70.74",
        "202107": "70.67",
        "202108": "68.79",
        "202109": "68.36",
        "202110": "67.10",
        "202111": "75.98",
        "202112": "77.63",
        "202201": "78.84",
        "202202": "81.38",
        "202203": "84.05",
        "202204": "72.96",
        "202205": "69.45",
        "202206": "71.36",
        "202207": "70.61",
        "202208": "71.68",
        "202209": "68.48",
        "202210": "68.46",
        "202211": "71.50",
        "202212": "73.40",
        "202301": "75.48",
        "202302": "77.96",
        "202303": "82.17",
        "202304": "80.82",
        "202305": "79.55"
    },
    "quarters": {
        "20011": {
            "year_quarter": 20011,
            "year": 2001,
            "quarter": 1,
            "eps": null,
            "eps_growth_year": null,
            "eps_4q": null,
            "eps_4q_growth_year": null,
            "roe": null,
            "gross_profit": null,
            "gross_margin": null,
            "net_income": null,
            "revenue": null,
            "common_shares": null,
            "equity": null,
            "current_ratio": null,
            "debt_ratio": null,
            "inventory_turnover_ratio": null,
            "account_receivable_turnover_ratio": null,
            "reinvestment_rate": null,
            "research_to_sale_ratio": null,
            "price_fair": 0,
            "eps_avg_yearly": 0,
            "eps_latest_yearly": 0,
            "eps_growth_yearly": 0
        },
        "20012": {
            "year_quarter": 20012,
            "year": 2001,
            "quarter": 2,
            "eps": null,
            "eps_growth_year": null,
            "eps_4q": null,
            "eps_4q_growth_year": null,
            "roe": null,
            "gross_profit": null,
            "gross_margin": null,
            "net_income": null,
            "revenue": null,
            "common_shares": null,
            "equity": null,
            "current_ratio": null,
            "debt_ratio": null,
            "inventory_turnover_ratio": null,
            "account_receivable_turnover_ratio": null,
            "reinvestment_rate": null,
            "research_to_sale_ratio": null,
            "price_fair": 0,
            "eps_avg_yearly": 0,
            "eps_latest_yearly": 0,
            "eps_growth_yearly": 0
        },
        "20013": {
            "year_quarter": 20013,
            "year": 2001,
            "quarter": 3,
            "eps": null,
            "eps_growth_year": null,
            "eps_4q": null,
            "eps_4q_growth_year": null,
            "roe": null,
            "gross_profit": null,
            "gross_margin": null,
            "net_income": null,
            "revenue": null,
            "common_shares": null,
            "equity": null,
            "current_ratio": null,
            "debt_ratio": null,
            "inventory_turnover_ratio": null,
            "account_receivable_turnover_ratio": null,
            "reinvestment_rate": null,
            "research_to_sale_ratio": null,
            "price_fair": 0,
            "eps_avg_yearly": 0,
            "eps_latest_yearly": 0,
            "eps_growth_yearly": 0
        },
        "20014": {
            "year_quarter": 20014,
            "year": 2001,
            "quarter": 4,
            "eps": null,
            "eps_growth_year": null,
            "eps_4q": null,
            "eps_4q_growth_year": null,
            "roe": null,
            "gross_profit": null,
            "gross_margin": null,
            "net_income": null,
            "revenue": null,
            "common_shares": null,
            "equity": null,
            "current_ratio": null,
            "debt_ratio": null,
            "inventory_turnover_ratio": null,
            "account_receivable_turnover_ratio": null,
            "reinvestment_rate": null,
            "research_to_sale_ratio": null,
            "price_fair": 0,
            "eps_avg_yearly": 0,
            "eps_latest_yearly": 0,
            "eps_growth_yearly": 0
        },
        "20021": {
            "year_quarter": 20021,
            "year": 2002,
            "quarter": 1,
            "eps": null,
            "eps_growth_year": null,
            "eps_4q": null,
            "eps_4q_growth_year": null,
            "roe": null,
            "gross_profit": null,
            "gross_margin": null,
            "net_income": null,
            "revenue": null,
            "common_shares": null,
            "equity": null,
            "current_ratio": null,
            "debt_ratio": null,
            "inventory_turnover_ratio": null,
            "account_receivable_turnover_ratio": null,
            "reinvestment_rate": null,
            "research_to_sale_ratio": null,
            "price_fair": 0,
            "eps_avg_yearly": 0,
            "eps_latest_yearly": 0,
            "eps_growth_yearly": 0
        },
        "20022": {
            "year_quarter": 20022,
            "year": 2002,
            "quarter": 2,
            "eps": null,
            "eps_growth_year": null,
            "eps_4q": null,
            "eps_4q_growth_year": null,
            "roe": null,
            "gross_profit": null,
            "gross_margin": null,
            "net_income": null,
            "revenue": null,
            "common_shares": null,
            "equity": null,
            "current_ratio": null,
            "debt_ratio": null,
            "inventory_turnover_ratio": null,
            "account_receivable_turnover_ratio": null,
            "reinvestment_rate": null,
            "research_to_sale_ratio": null,
            "price_fair": 0,
            "eps_avg_yearly": 0,
            "eps_latest_yearly": 0,
            "eps_growth_yearly": 0
        },
        "20023": {
            "year_quarter": 20023,
            "year": 2002,
            "quarter": 3,
            "eps": null,
            "eps_growth_year": null,
            "eps_4q": null,
            "eps_4q_growth_year": null,
            "roe": null,
            "gross_profit": null,
            "gross_margin": null,
            "net_income": null,
            "revenue": null,
            "common_shares": null,
            "equity": null,
            "current_ratio": null,
            "debt_ratio": null,
            "inventory_turnover_ratio": null,
            "account_receivable_turnover_ratio": null,
            "reinvestment_rate": null,
            "research_to_sale_ratio": null,
            "price_fair": 0,
            "eps_avg_yearly": 0,
            "eps_latest_yearly": 0,
            "eps_growth_yearly": 0
        },
        "20024": {
            "year_quarter": 20024,
            "year": 2002,
            "quarter": 4,
            "eps": null,
            "eps_growth_year": null,
            "eps_4q": null,
            "eps_4q_growth_year": null,
            "roe": null,
            "gross_profit": null,
            "gross_margin": null,
            "net_income": null,
            "revenue": null,
            "common_shares": null,
            "equity": null,
            "current_ratio": null,
            "debt_ratio": null,
            "inventory_turnover_ratio": null,
            "account_receivable_turnover_ratio": null,
            "reinvestment_rate": null,
            "research_to_sale_ratio": null,
            "price_fair": 0,
            "eps_avg_yearly": 0,
            "eps_latest_yearly": 0,
            "eps_growth_yearly": 0
        },
        "20031": {
            "year_quarter": 20031,
            "year": 2003,
            "quarter": 1,
            "eps": null,
            "eps_growth_year": null,
            "eps_4q": null,
            "eps_4q_growth_year": null,
            "roe": null,
            "gross_profit": null,
            "gross_margin": null,
            "net_income": null,
            "revenue": null,
            "common_shares": null,
            "equity": null,
            "current_ratio": null,
            "debt_ratio": null,
            "inventory_turnover_ratio": null,
            "account_receivable_turnover_ratio": null,
            "reinvestment_rate": null,
            "research_to_sale_ratio": null,
            "price_fair": 0,
            "eps_avg_yearly": 0,
            "eps_latest_yearly": 0,
            "eps_growth_yearly": 0
        },
        "20032": {
            "year_quarter": 20032,
            "year": 2003,
            "quarter": 2,
            "eps": null,
            "eps_growth_year": null,
            "eps_4q": null,
            "eps_4q_growth_year": null,
            "roe": null,
            "gross_profit": null,
            "gross_margin": null,
            "net_income": null,
            "revenue": null,
            "common_shares": null,
            "equity": null,
            "current_ratio": null,
            "debt_ratio": null,
            "inventory_turnover_ratio": null,
            "account_receivable_turnover_ratio": null,
            "reinvestment_rate": null,
            "research_to_sale_ratio": null,
            "price_fair": 0,
            "eps_avg_yearly": 0,
            "eps_latest_yearly": 0,
            "eps_growth_yearly": 0
        },
        "20033": {
            "year_quarter": 20033,
            "year": 2003,
            "quarter": 3,
            "eps": null,
            "eps_growth_year": null,
            "eps_4q": null,
            "eps_4q_growth_year": null,
            "roe": null,
            "gross_profit": null,
            "gross_margin": null,
            "net_income": null,
            "revenue": null,
            "common_shares": null,
            "equity": null,
            "current_ratio": null,
            "debt_ratio": null,
            "inventory_turnover_ratio": null,
            "account_receivable_turnover_ratio": null,
            "reinvestment_rate": null,
            "research_to_sale_ratio": null,
            "price_fair": 0,
            "eps_avg_yearly": 0,
            "eps_latest_yearly": 0,
            "eps_growth_yearly": 0
        },
        "20034": {
            "year_quarter": 20034,
            "year": 2003,
            "quarter": 4,
            "eps": null,
            "eps_growth_year": null,
            "eps_4q": null,
            "eps_4q_growth_year": null,
            "roe": null,
            "gross_profit": null,
            "gross_margin": null,
            "net_income": null,
            "revenue": null,
            "common_shares": null,
            "equity": null,
            "current_ratio": null,
            "debt_ratio": null,
            "inventory_turnover_ratio": null,
            "account_receivable_turnover_ratio": null,
            "reinvestment_rate": null,
            "research_to_sale_ratio": null,
            "price_fair": 0,
            "eps_avg_yearly": 0,
            "eps_latest_yearly": 0,
            "eps_growth_yearly": 0
        },
        "20041": {
            "year_quarter": 20041,
            "year": 2004,
            "quarter": 1,
            "eps": null,
            "eps_growth_year": null,
            "eps_4q": null,
            "eps_4q_growth_year": null,
            "roe": null,
            "gross_profit": null,
            "gross_margin": null,
            "net_income": null,
            "revenue": null,
            "common_shares": null,
            "equity": null,
            "current_ratio": null,
            "debt_ratio": null,
            "inventory_turnover_ratio": null,
            "account_receivable_turnover_ratio": null,
            "reinvestment_rate": null,
            "research_to_sale_ratio": null,
            "price_fair": 0,
            "eps_avg_yearly": 0,
            "eps_latest_yearly": 0,
            "eps_growth_yearly": 0
        },
        "20042": {
            "year_quarter": 20042,
            "year": 2004,
            "quarter": 2,
            "eps": null,
            "eps_growth_year": null,
            "eps_4q": null,
            "eps_4q_growth_year": null,
            "roe": null,
            "gross_profit": null,
            "gross_margin": null,
            "net_income": null,
            "revenue": null,
            "common_shares": null,
            "equity": null,
            "current_ratio": null,
            "debt_ratio": null,
            "inventory_turnover_ratio": null,
            "account_receivable_turnover_ratio": null,
            "reinvestment_rate": null,
            "research_to_sale_ratio": null,
            "price_fair": 0,
            "eps_avg_yearly": 0,
            "eps_latest_yearly": 0,
            "eps_growth_yearly": 0
        },
        "20043": {
            "year_quarter": 20043,
            "year": 2004,
            "quarter": 3,
            "eps": null,
            "eps_growth_year": null,
            "eps_4q": null,
            "eps_4q_growth_year": null,
            "roe": null,
            "gross_profit": null,
            "gross_margin": null,
            "net_income": null,
            "revenue": null,
            "common_shares": null,
            "equity": null,
            "current_ratio": null,
            "debt_ratio": null,
            "inventory_turnover_ratio": null,
            "account_receivable_turnover_ratio": null,
            "reinvestment_rate": null,
            "research_to_sale_ratio": null,
            "price_fair": 0,
            "eps_avg_yearly": 0,
            "eps_latest_yearly": 0,
            "eps_growth_yearly": 0
        },
        "20044": {
            "year_quarter": 20044,
            "year": 2004,
            "quarter": 4,
            "eps": null,
            "eps_growth_year": null,
            "eps_4q": null,
            "eps_4q_growth_year": null,
            "roe": null,
            "gross_profit": null,
            "gross_margin": null,
            "net_income": null,
            "revenue": null,
            "common_shares": null,
            "equity": null,
            "current_ratio": null,
            "debt_ratio": null,
            "inventory_turnover_ratio": null,
            "account_receivable_turnover_ratio": null,
            "reinvestment_rate": null,
            "research_to_sale_ratio": null,
            "price_fair": 0,
            "eps_avg_yearly": 0,
            "eps_latest_yearly": 0,
            "eps_growth_yearly": 0
        },
        "20051": {
            "year_quarter": 20051,
            "year": 2005,
            "quarter": 1,
            "eps": null,
            "eps_growth_year": null,
            "eps_4q": null,
            "eps_4q_growth_year": null,
            "roe": null,
            "gross_profit": null,
            "gross_margin": null,
            "net_income": null,
            "revenue": null,
            "common_shares": null,
            "equity": null,
            "current_ratio": null,
            "debt_ratio": null,
            "inventory_turnover_ratio": null,
            "account_receivable_turnover_ratio": null,
            "reinvestment_rate": null,
            "research_to_sale_ratio": null,
            "price_fair": 0,
            "eps_avg_yearly": 0,
            "eps_latest_yearly": 0,
            "eps_growth_yearly": 0
        },
        "20052": {
            "year_quarter": 20052,
            "year": 2005,
            "quarter": 2,
            "eps": null,
            "eps_growth_year": null,
            "eps_4q": null,
            "eps_4q_growth_year": null,
            "roe": null,
            "gross_profit": null,
            "gross_margin": null,
            "net_income": null,
            "revenue": null,
            "common_shares": null,
            "equity": null,
            "current_ratio": null,
            "debt_ratio": null,
            "inventory_turnover_ratio": null,
            "account_receivable_turnover_ratio": null,
            "reinvestment_rate": null,
            "research_to_sale_ratio": null,
            "price_fair": 0,
            "eps_avg_yearly": 0,
            "eps_latest_yearly": 0,
            "eps_growth_yearly": 0
        },
        "20053": {
            "year_quarter": 20053,
            "year": 2005,
            "quarter": 3,
            "eps": null,
            "eps_growth_year": null,
            "eps_4q": null,
            "eps_4q_growth_year": null,
            "roe": null,
            "gross_profit": null,
            "gross_margin": null,
            "net_income": null,
            "revenue": null,
            "common_shares": null,
            "equity": null,
            "current_ratio": null,
            "debt_ratio": null,
            "inventory_turnover_ratio": null,
            "account_receivable_turnover_ratio": null,
            "reinvestment_rate": null,
            "research_to_sale_ratio": null,
            "price_fair": 0,
            "eps_avg_yearly": 0,
            "eps_latest_yearly": 0,
            "eps_growth_yearly": 0
        },
        "20054": {
            "year_quarter": 20054,
            "year": 2005,
            "quarter": 4,
            "eps": null,
            "eps_growth_year": null,
            "eps_4q": null,
            "eps_4q_growth_year": null,
            "roe": null,
            "gross_profit": null,
            "gross_margin": null,
            "net_income": null,
            "revenue": null,
            "common_shares": null,
            "equity": null,
            "current_ratio": null,
            "debt_ratio": null,
            "inventory_turnover_ratio": null,
            "account_receivable_turnover_ratio": null,
            "reinvestment_rate": null,
            "research_to_sale_ratio": null,
            "price_fair": 0,
            "eps_avg_yearly": 0,
            "eps_latest_yearly": 0,
            "eps_growth_yearly": 0
        },
        "20061": {
            "year_quarter": 20061,
            "year": 2006,
            "quarter": 1,
            "eps": null,
            "eps_growth_year": null,
            "eps_4q": null,
            "eps_4q_growth_year": null,
            "roe": null,
            "gross_profit": null,
            "gross_margin": null,
            "net_income": null,
            "revenue": null,
            "common_shares": null,
            "equity": null,
            "current_ratio": null,
            "debt_ratio": null,
            "inventory_turnover_ratio": null,
            "account_receivable_turnover_ratio": null,
            "reinvestment_rate": null,
            "research_to_sale_ratio": null,
            "price_fair": 0,
            "eps_avg_yearly": 0,
            "eps_latest_yearly": 0,
            "eps_growth_yearly": 0
        },
        "20062": {
            "year_quarter": 20062,
            "year": 2006,
            "quarter": 2,
            "eps": null,
            "eps_growth_year": null,
            "eps_4q": null,
            "eps_4q_growth_year": null,
            "roe": null,
            "gross_profit": null,
            "gross_margin": null,
            "net_income": null,
            "revenue": null,
            "common_shares": null,
            "equity": null,
            "current_ratio": null,
            "debt_ratio": null,
            "inventory_turnover_ratio": null,
            "account_receivable_turnover_ratio": null,
            "reinvestment_rate": null,
            "research_to_sale_ratio": null,
            "price_fair": 0,
            "eps_avg_yearly": 0,
            "eps_latest_yearly": 0,
            "eps_growth_yearly": 0
        },
        "20063": {
            "year_quarter": 20063,
            "year": 2006,
            "quarter": 3,
            "eps": null,
            "eps_growth_year": null,
            "eps_4q": null,
            "eps_4q_growth_year": null,
            "roe": null,
            "gross_profit": null,
            "gross_margin": null,
            "net_income": null,
            "revenue": null,
            "common_shares": null,
            "equity": null,
            "current_ratio": null,
            "debt_ratio": null,
            "inventory_turnover_ratio": null,
            "account_receivable_turnover_ratio": null,
            "reinvestment_rate": null,
            "research_to_sale_ratio": null,
            "price_fair": 0,
            "eps_avg_yearly": 0,
            "eps_latest_yearly": 0,
            "eps_growth_yearly": 0
        },
        "20064": {
            "year_quarter": 20064,
            "year": 2006,
            "quarter": 4,
            "eps": null,
            "eps_growth_year": null,
            "eps_4q": null,
            "eps_4q_growth_year": null,
            "roe": null,
            "gross_profit": null,
            "gross_margin": null,
            "net_income": null,
            "revenue": null,
            "common_shares": null,
            "equity": null,
            "current_ratio": null,
            "debt_ratio": null,
            "inventory_turnover_ratio": null,
            "account_receivable_turnover_ratio": null,
            "reinvestment_rate": null,
            "research_to_sale_ratio": null,
            "price_fair": 0,
            "eps_avg_yearly": 0,
            "eps_latest_yearly": 0,
            "eps_growth_yearly": 0
        },
        "20071": {
            "year_quarter": 20071,
            "year": 2007,
            "quarter": 1,
            "eps": null,
            "eps_growth_year": null,
            "eps_4q": null,
            "eps_4q_growth_year": null,
            "roe": null,
            "gross_profit": null,
            "gross_margin": null,
            "net_income": null,
            "revenue": null,
            "common_shares": null,
            "equity": null,
            "current_ratio": null,
            "debt_ratio": null,
            "inventory_turnover_ratio": null,
            "account_receivable_turnover_ratio": null,
            "reinvestment_rate": null,
            "research_to_sale_ratio": null,
            "price_fair": 0,
            "eps_avg_yearly": 0,
            "eps_latest_yearly": 0,
            "eps_growth_yearly": 0
        },
        "20072": {
            "year_quarter": 20072,
            "year": 2007,
            "quarter": 2,
            "eps": null,
            "eps_growth_year": null,
            "eps_4q": null,
            "eps_4q_growth_year": null,
            "roe": null,
            "gross_profit": null,
            "gross_margin": null,
            "net_income": null,
            "revenue": null,
            "common_shares": null,
            "equity": null,
            "current_ratio": null,
            "debt_ratio": null,
            "inventory_turnover_ratio": null,
            "account_receivable_turnover_ratio": null,
            "reinvestment_rate": null,
            "research_to_sale_ratio": null,
            "price_fair": 0,
            "eps_avg_yearly": 0,
            "eps_latest_yearly": 0,
            "eps_growth_yearly": 0
        },
        "20073": {
            "year_quarter": 20073,
            "year": 2007,
            "quarter": 3,
            "eps": null,
            "eps_growth_year": null,
            "eps_4q": null,
            "eps_4q_growth_year": null,
            "roe": null,
            "gross_profit": null,
            "gross_margin": null,
            "net_income": null,
            "revenue": null,
            "common_shares": null,
            "equity": null,
            "current_ratio": null,
            "debt_ratio": null,
            "inventory_turnover_ratio": null,
            "account_receivable_turnover_ratio": null,
            "reinvestment_rate": null,
            "research_to_sale_ratio": null,
            "price_fair": 0,
            "eps_avg_yearly": 0,
            "eps_latest_yearly": 0,
            "eps_growth_yearly": 0
        },
        "20074": {
            "year_quarter": 20074,
            "year": 2007,
            "quarter": 4,
            "eps": null,
            "eps_growth_year": null,
            "eps_4q": null,
            "eps_4q_growth_year": null,
            "roe": null,
            "gross_profit": null,
            "gross_margin": null,
            "net_income": null,
            "revenue": null,
            "common_shares": null,
            "equity": null,
            "current_ratio": null,
            "debt_ratio": null,
            "inventory_turnover_ratio": null,
            "account_receivable_turnover_ratio": null,
            "reinvestment_rate": null,
            "research_to_sale_ratio": null,
            "price_fair": 0,
            "eps_avg_yearly": 0,
            "eps_latest_yearly": 0,
            "eps_growth_yearly": 0
        },
        "20081": {
            "year_quarter": 20081,
            "year": 2008,
            "quarter": 1,
            "eps": null,
            "eps_growth_year": null,
            "eps_4q": null,
            "eps_4q_growth_year": null,
            "roe": null,
            "gross_profit": null,
            "gross_margin": null,
            "net_income": null,
            "revenue": null,
            "common_shares": null,
            "equity": null,
            "current_ratio": null,
            "debt_ratio": null,
            "inventory_turnover_ratio": null,
            "account_receivable_turnover_ratio": null,
            "reinvestment_rate": null,
            "research_to_sale_ratio": null,
            "price_fair": 0,
            "eps_avg_yearly": 0,
            "eps_latest_yearly": 0,
            "eps_growth_yearly": 0
        },
        "20082": {
            "year_quarter": 20082,
            "year": 2008,
            "quarter": 2,
            "eps": null,
            "eps_growth_year": null,
            "eps_4q": null,
            "eps_4q_growth_year": null,
            "roe": null,
            "gross_profit": null,
            "gross_margin": null,
            "net_income": null,
            "revenue": null,
            "common_shares": null,
            "equity": null,
            "current_ratio": null,
            "debt_ratio": null,
            "inventory_turnover_ratio": null,
            "account_receivable_turnover_ratio": null,
            "reinvestment_rate": null,
            "research_to_sale_ratio": null,
            "price_fair": 0,
            "eps_avg_yearly": 0,
            "eps_latest_yearly": 0,
            "eps_growth_yearly": 0
        },
        "20083": {
            "year_quarter": 20083,
            "year": 2008,
            "quarter": 3,
            "eps": null,
            "eps_growth_year": null,
            "eps_4q": null,
            "eps_4q_growth_year": null,
            "roe": null,
            "gross_profit": null,
            "gross_margin": null,
            "net_income": null,
            "revenue": null,
            "common_shares": null,
            "equity": null,
            "current_ratio": null,
            "debt_ratio": null,
            "inventory_turnover_ratio": null,
            "account_receivable_turnover_ratio": null,
            "reinvestment_rate": null,
            "research_to_sale_ratio": null,
            "price_fair": 0,
            "eps_avg_yearly": 0,
            "eps_latest_yearly": 0,
            "eps_growth_yearly": 0
        },
        "20084": {
            "year_quarter": 20084,
            "year": 2008,
            "quarter": 4,
            "eps": null,
            "eps_growth_year": null,
            "eps_4q": null,
            "eps_4q_growth_year": null,
            "roe": null,
            "gross_profit": null,
            "gross_margin": null,
            "net_income": null,
            "revenue": null,
            "common_shares": null,
            "equity": null,
            "current_ratio": null,
            "debt_ratio": null,
            "inventory_turnover_ratio": null,
            "account_receivable_turnover_ratio": null,
            "reinvestment_rate": null,
            "research_to_sale_ratio": null,
            "price_fair": 0,
            "eps_avg_yearly": 0,
            "eps_latest_yearly": 0,
            "eps_growth_yearly": 0
        },
        "20091": {
            "year_quarter": 20091,
            "year": 2009,
            "quarter": 1,
            "eps": null,
            "eps_growth_year": null,
            "eps_4q": null,
            "eps_4q_growth_year": null,
            "roe": null,
            "gross_profit": null,
            "gross_margin": null,
            "net_income": null,
            "revenue": null,
            "common_shares": null,
            "equity": null,
            "current_ratio": null,
            "debt_ratio": null,
            "inventory_turnover_ratio": null,
            "account_receivable_turnover_ratio": null,
            "reinvestment_rate": null,
            "research_to_sale_ratio": null,
            "price_fair": 0,
            "eps_avg_yearly": 0,
            "eps_latest_yearly": 0,
            "eps_growth_yearly": 0
        },
        "20092": {
            "year_quarter": 20092,
            "year": 2009,
            "quarter": 2,
            "eps": null,
            "eps_growth_year": null,
            "eps_4q": null,
            "eps_4q_growth_year": null,
            "roe": null,
            "gross_profit": null,
            "gross_margin": null,
            "net_income": null,
            "revenue": null,
            "common_shares": null,
            "equity": null,
            "current_ratio": null,
            "debt_ratio": null,
            "inventory_turnover_ratio": null,
            "account_receivable_turnover_ratio": null,
            "reinvestment_rate": null,
            "research_to_sale_ratio": null,
            "price_fair": 0,
            "eps_avg_yearly": 0,
            "eps_latest_yearly": 0,
            "eps_growth_yearly": 0
        },
        "20093": {
            "year_quarter": 20093,
            "year": 2009,
            "quarter": 3,
            "eps": null,
            "eps_growth_year": null,
            "eps_4q": null,
            "eps_4q_growth_year": null,
            "roe": null,
            "gross_profit": null,
            "gross_margin": null,
            "net_income": null,
            "revenue": null,
            "common_shares": null,
            "equity": null,
            "current_ratio": null,
            "debt_ratio": null,
            "inventory_turnover_ratio": null,
            "account_receivable_turnover_ratio": null,
            "reinvestment_rate": null,
            "research_to_sale_ratio": null,
            "price_fair": 0,
            "eps_avg_yearly": 0,
            "eps_latest_yearly": 0,
            "eps_growth_yearly": 0
        },
        "20094": {
            "year_quarter": 20094,
            "year": 2009,
            "quarter": 4,
            "eps": null,
            "eps_growth_year": null,
            "eps_4q": null,
            "eps_4q_growth_year": null,
            "roe": null,
            "gross_profit": null,
            "gross_margin": null,
            "net_income": null,
            "revenue": null,
            "common_shares": 2081000,
            "equity": 2672336,
            "current_ratio": 210.66,
            "debt_ratio": 57.14,
            "inventory_turnover_ratio": null,
            "account_receivable_turnover_ratio": null,
            "reinvestment_rate": null,
            "research_to_sale_ratio": null,
            "price_fair": 0,
            "eps_avg_yearly": 0,
            "eps_latest_yearly": 0,
            "eps_growth_yearly": 0
        },
        "20101": {
            "year_quarter": 20101,
            "year": 2010,
            "quarter": 1,
            "eps": null,
            "eps_growth_year": null,
            "eps_4q": null,
            "eps_4q_growth_year": null,
            "roe": null,
            "gross_profit": null,
            "gross_margin": null,
            "net_income": null,
            "revenue": null,
            "common_shares": null,
            "equity": null,
            "current_ratio": null,
            "debt_ratio": null,
            "inventory_turnover_ratio": null,
            "account_receivable_turnover_ratio": null,
            "reinvestment_rate": null,
            "research_to_sale_ratio": null,
            "price_fair": 0,
            "eps_avg_yearly": 0,
            "eps_latest_yearly": 0,
            "eps_growth_yearly": 0
        },
        "20102": {
            "year_quarter": 20102,
            "year": 2010,
            "quarter": 2,
            "eps": null,
            "eps_growth_year": null,
            "eps_4q": null,
            "eps_4q_growth_year": null,
            "roe": null,
            "gross_profit": null,
            "gross_margin": null,
            "net_income": null,
            "revenue": null,
            "common_shares": null,
            "equity": null,
            "current_ratio": null,
            "debt_ratio": null,
            "inventory_turnover_ratio": null,
            "account_receivable_turnover_ratio": null,
            "reinvestment_rate": null,
            "research_to_sale_ratio": null,
            "price_fair": 0,
            "eps_avg_yearly": 0,
            "eps_latest_yearly": 0,
            "eps_growth_yearly": 0
        },
        "20103": {
            "year_quarter": 20103,
            "year": 2010,
            "quarter": 3,
            "eps": null,
            "eps_growth_year": null,
            "eps_4q": null,
            "eps_4q_growth_year": null,
            "roe": null,
            "gross_profit": null,
            "gross_margin": null,
            "net_income": null,
            "revenue": null,
            "common_shares": null,
            "equity": null,
            "current_ratio": null,
            "debt_ratio": null,
            "inventory_turnover_ratio": null,
            "account_receivable_turnover_ratio": null,
            "reinvestment_rate": null,
            "research_to_sale_ratio": null,
            "price_fair": 0,
            "eps_avg_yearly": 0,
            "eps_latest_yearly": 0,
            "eps_growth_yearly": 0
        },
        "20104": {
            "year_quarter": 20104,
            "year": 2010,
            "quarter": 4,
            "eps": null,
            "eps_growth_year": null,
            "eps_4q": null,
            "eps_4q_growth_year": null,
            "roe": null,
            "gross_profit": null,
            "gross_margin": null,
            "net_income": null,
            "revenue": null,
            "common_shares": 2415868,
            "equity": 3297019,
            "current_ratio": 147.77,
            "debt_ratio": 69.12,
            "inventory_turnover_ratio": null,
            "account_receivable_turnover_ratio": null,
            "reinvestment_rate": null,
            "research_to_sale_ratio": null,
            "price_fair": 0,
            "eps_avg_yearly": 0,
            "eps_latest_yearly": 0,
            "eps_growth_yearly": 0
        },
        "20111": {
            "year_quarter": 20111,
            "year": 2011,
            "quarter": 1,
            "eps": null,
            "eps_growth_year": null,
            "eps_4q": null,
            "eps_4q_growth_year": null,
            "roe": null,
            "gross_profit": null,
            "gross_margin": null,
            "net_income": null,
            "revenue": null,
            "common_shares": null,
            "equity": null,
            "current_ratio": null,
            "debt_ratio": null,
            "inventory_turnover_ratio": null,
            "account_receivable_turnover_ratio": null,
            "reinvestment_rate": null,
            "research_to_sale_ratio": null,
            "price_fair": 0,
            "eps_avg_yearly": 0,
            "eps_latest_yearly": 0,
            "eps_growth_yearly": 0
        },
        "20112": {
            "year_quarter": 20112,
            "year": 2011,
            "quarter": 2,
            "eps": null,
            "eps_growth_year": null,
            "eps_4q": null,
            "eps_4q_growth_year": null,
            "roe": null,
            "gross_profit": null,
            "gross_margin": null,
            "net_income": null,
            "revenue": null,
            "common_shares": 2415868,
            "equity": 3666657,
            "current_ratio": null,
            "debt_ratio": null,
            "inventory_turnover_ratio": null,
            "account_receivable_turnover_ratio": null,
            "reinvestment_rate": null,
            "research_to_sale_ratio": null,
            "price_fair": 0,
            "eps_avg_yearly": 0,
            "eps_latest_yearly": 0,
            "eps_growth_yearly": 0
        },
        "20113": {
            "year_quarter": 20113,
            "year": 2011,
            "quarter": 3,
            "eps": null,
            "eps_growth_year": null,
            "eps_4q": null,
            "eps_4q_growth_year": null,
            "roe": null,
            "gross_profit": null,
            "gross_margin": null,
            "net_income": null,
            "revenue": null,
            "common_shares": null,
            "equity": null,
            "current_ratio": null,
            "debt_ratio": null,
            "inventory_turnover_ratio": null,
            "account_receivable_turnover_ratio": null,
            "reinvestment_rate": null,
            "research_to_sale_ratio": null,
            "price_fair": 0,
            "eps_avg_yearly": 0,
            "eps_latest_yearly": 0,
            "eps_growth_yearly": 0
        },
        "20114": {
            "year_quarter": 20114,
            "year": 2011,
            "quarter": 4,
            "eps": null,
            "eps_growth_year": null,
            "eps_4q": null,
            "eps_4q_growth_year": null,
            "roe": null,
            "gross_profit": null,
            "gross_margin": null,
            "net_income": null,
            "revenue": null,
            "common_shares": 2761839,
            "equity": 3882000,
            "current_ratio": 107.85,
            "debt_ratio": 69.96,
            "inventory_turnover_ratio": null,
            "account_receivable_turnover_ratio": null,
            "reinvestment_rate": null,
            "research_to_sale_ratio": null,
            "price_fair": 0,
            "eps_avg_yearly": 0,
            "eps_latest_yearly": 0,
            "eps_growth_yearly": 0
        },
        "20121": {
            "year_quarter": 20121,
            "year": 2012,
            "quarter": 1,
            "eps": null,
            "eps_growth_year": null,
            "eps_4q": null,
            "eps_4q_growth_year": null,
            "roe": null,
            "gross_profit": 645080,
            "gross_margin": null,
            "net_income": 111562,
            "revenue": 5106855,
            "common_shares": 2761839,
            "equity": 4039822,
            "current_ratio": null,
            "debt_ratio": null,
            "inventory_turnover_ratio": null,
            "account_receivable_turnover_ratio": null,
            "reinvestment_rate": null,
            "research_to_sale_ratio": null,
            "price_fair": 0,
            "eps_avg_yearly": 0,
            "eps_latest_yearly": 0,
            "eps_growth_yearly": 0
        },
        "20122": {
            "year_quarter": 20122,
            "year": 2012,
            "quarter": 2,
            "eps": null,
            "eps_growth_year": null,
            "eps_4q": null,
            "eps_4q_growth_year": null,
            "roe": null,
            "gross_profit": 782406,
            "gross_margin": null,
            "net_income": 197291,
            "revenue": 5654370,
            "common_shares": 2761839,
            "equity": 4030624,
            "current_ratio": 133.64,
            "debt_ratio": 69.04,
            "inventory_turnover_ratio": null,
            "account_receivable_turnover_ratio": null,
            "reinvestment_rate": null,
            "research_to_sale_ratio": null,
            "price_fair": 0,
            "eps_avg_yearly": 0,
            "eps_latest_yearly": 0,
            "eps_growth_yearly": 0
        },
        "20123": {
            "year_quarter": 20123,
            "year": 2012,
            "quarter": 3,
            "eps": null,
            "eps_growth_year": null,
            "eps_4q": null,
            "eps_4q_growth_year": null,
            "roe": null,
            "gross_profit": 918743,
            "gross_margin": null,
            "net_income": 268258,
            "revenue": 6513377,
            "common_shares": 3257969,
            "equity": 4345405,
            "current_ratio": null,
            "debt_ratio": null,
            "inventory_turnover_ratio": null,
            "account_receivable_turnover_ratio": null,
            "reinvestment_rate": null,
            "research_to_sale_ratio": null,
            "price_fair": 0,
            "eps_avg_yearly": 0,
            "eps_latest_yearly": 0,
            "eps_growth_yearly": 0
        },
        "20124": {
            "year_quarter": 20124,
            "year": 2012,
            "quarter": 4,
            "eps": null,
            "eps_growth_year": null,
            "eps_4q": null,
            "eps_4q_growth_year": null,
            "roe": null,
            "gross_profit": 820071,
            "gross_margin": null,
            "net_income": 335149,
            "revenue": 6341688,
            "common_shares": 3257969,
            "equity": 4642020,
            "current_ratio": 133.52,
            "debt_ratio": 68.72,
            "inventory_turnover_ratio": null,
            "account_receivable_turnover_ratio": null,
            "reinvestment_rate": null,
            "research_to_sale_ratio": null,
            "price_fair": 0,
            "eps_avg_yearly": 0,
            "eps_latest_yearly": 0,
            "eps_growth_yearly": 0
        },
        "20131": {
            "year_quarter": 20131,
            "year": 2013,
            "quarter": 1,
            "eps": 0.33,
            "eps_growth_year": null,
            "eps_4q": 0.33,
            "eps_4q_growth_year": null,
            "roe": 2.26,
            "gross_profit": 730861,
            "gross_margin": 14.06,
            "net_income": 106940,
            "revenue": 5196874,
            "common_shares": 3257969,
            "equity": 4816673,
            "current_ratio": 135.51,
            "debt_ratio": 66.25,
            "inventory_turnover_ratio": 1.47,
            "account_receivable_turnover_ratio": 0.77,
            "reinvestment_rate": null,
            "research_to_sale_ratio": 4.43,
            "price_fair": 0,
            "eps_avg_yearly": 0,
            "eps_latest_yearly": 0,
            "eps_growth_yearly": 0
        },
        "20132": {
            "year_quarter": 20132,
            "year": 2013,
            "quarter": 2,
            "eps": 0.68,
            "eps_growth_year": null,
            "eps_4q": 1,
            "eps_4q_growth_year": null,
            "roe": 4.79,
            "gross_profit": 781020,
            "gross_margin": 13.36,
            "net_income": 222833,
            "revenue": 5845267,
            "common_shares": 3257969,
            "equity": 4479141,
            "current_ratio": 127.01,
            "debt_ratio": 70.53,
            "inventory_turnover_ratio": 1.82,
            "account_receivable_turnover_ratio": 0.84,
            "reinvestment_rate": null,
            "research_to_sale_ratio": 4.13,
            "price_fair": 95.2,
            "eps_avg_yearly": 2.72,
            "eps_latest_yearly": 2.72,
            "eps_growth_yearly": 424.24
        },
        "20133": {
            "year_quarter": 20133,
            "year": 2013,
            "quarter": 3,
            "eps": 1,
            "eps_growth_year": null,
            "eps_4q": 2,
            "eps_4q_growth_year": null,
            "roe": 7.07,
            "gross_profit": 1031252,
            "gross_margin": 15.57,
            "net_income": 328212,
            "revenue": 6621984,
            "common_shares": 3293786,
            "equity": 4811220,
            "current_ratio": 122.14,
            "debt_ratio": 70.39,
            "inventory_turnover_ratio": 1.96,
            "account_receivable_turnover_ratio": 0.85,
            "reinvestment_rate": null,
            "research_to_sale_ratio": 3.86,
            "price_fair": 117.6,
            "eps_avg_yearly": 3.36,
            "eps_latest_yearly": 4,
            "eps_growth_yearly": 306.24
        },
        "20134": {
            "year_quarter": 20134,
            "year": 2013,
            "quarter": 4,
            "eps": 0.41,
            "eps_growth_year": null,
            "eps_4q": 2.27,
            "eps_4q_growth_year": null,
            "roe": 2.67,
            "gross_profit": 1233405,
            "gross_margin": 16.69,
            "net_income": 144462,
            "revenue": 7391879,
            "common_shares": 3533786,
            "equity": 6001828,
            "current_ratio": 136.03,
            "debt_ratio": 63.91,
            "inventory_turnover_ratio": 1.91,
            "account_receivable_turnover_ratio": 0.92,
            "reinvestment_rate": null,
            "research_to_sale_ratio": 3.75,
            "price_fair": 97.53,
            "eps_avg_yearly": 2.79,
            "eps_latest_yearly": 1.64,
            "eps_growth_yearly": 125.49
        },
        "20141": {
            "year_quarter": 20141,
            "year": 2014,
            "quarter": 1,
            "eps": 0.37,
            "eps_growth_year": 12.12,
            "eps_4q": 2.34,
            "eps_4q_growth_year": 611.75,
            "roe": 2.13,
            "gross_profit": 780845,
            "gross_margin": 14.34,
            "net_income": 130081,
            "revenue": 5443789,
            "common_shares": 3533786,
            "equity": 6218607,
            "current_ratio": 124.57,
            "debt_ratio": 60.05,
            "inventory_turnover_ratio": 1.39,
            "account_receivable_turnover_ratio": 0.76,
            "reinvestment_rate": null,
            "research_to_sale_ratio": 4.53,
            "price_fair": 86.1,
            "eps_avg_yearly": 2.46,
            "eps_latest_yearly": 1.48,
            "eps_growth_yearly": 84.36
        },
        "20142": {
            "year_quarter": 20142,
            "year": 2014,
            "quarter": 2,
            "eps": 0.83,
            "eps_growth_year": 22.06,
            "eps_4q": 2.42,
            "eps_4q_growth_year": 141.85,
            "roe": 4.85,
            "gross_profit": 955816,
            "gross_margin": 14.1,
            "net_income": 295761,
            "revenue": 6780552,
            "common_shares": 3533786,
            "equity": 5984643,
            "current_ratio": 120.85,
            "debt_ratio": 63.52,
            "inventory_turnover_ratio": 1.84,
            "account_receivable_turnover_ratio": 0.98,
            "reinvestment_rate": null,
            "research_to_sale_ratio": 3.93,
            "price_fair": 92.12,
            "eps_avg_yearly": 2.63,
            "eps_latest_yearly": 3.32,
            "eps_growth_yearly": 166.95
        },
        "20143": {
            "year_quarter": 20143,
            "year": 2014,
            "quarter": 3,
            "eps": 1.01,
            "eps_growth_year": 1,
            "eps_4q": 2.6,
            "eps_4q_growth_year": 30.21,
            "roe": 5.89,
            "gross_profit": 1070320,
            "gross_margin": 14.1,
            "net_income": 362393,
            "revenue": 7591267,
            "common_shares": 3588533,
            "equity": 6319154,
            "current_ratio": 120.72,
            "debt_ratio": 64.59,
            "inventory_turnover_ratio": 2.08,
            "account_receivable_turnover_ratio": 0.96,
            "reinvestment_rate": null,
            "research_to_sale_ratio": 3.87,
            "price_fair": 100.33,
            "eps_avg_yearly": 2.87,
            "eps_latest_yearly": 4.04,
            "eps_growth_yearly": 153.58
        },
        "20144": {
            "year_quarter": 20144,
            "year": 2014,
            "quarter": 4,
            "eps": 0.95,
            "eps_growth_year": 131.5,
            "eps_4q": 3.14,
            "eps_4q_growth_year": 38.5,
            "roe": 5.2,
            "gross_profit": 1080821,
            "gross_margin": 15.02,
            "net_income": 336360,
            "revenue": 7197616,
            "common_shares": 3588533,
            "equity": 6628304,
            "current_ratio": 120.44,
            "debt_ratio": 64.18,
            "inventory_turnover_ratio": 1.74,
            "account_receivable_turnover_ratio": 0.88,
            "reinvestment_rate": null,
            "research_to_sale_ratio": 4.33,
            "price_fair": 105,
            "eps_avg_yearly": 3,
            "eps_latest_yearly": 3.8,
            "eps_growth_yearly": 128.25
        },
        "20151": {
            "year_quarter": 20151,
            "year": 2015,
            "quarter": 1,
            "eps": 0.41,
            "eps_growth_year": 10.81,
            "eps_4q": 3.19,
            "eps_4q_growth_year": 36.63,
            "roe": 2.18,
            "gross_profit": 876247,
            "gross_margin": 14.47,
            "net_income": 145553,
            "revenue": 6057619,
            "common_shares": 3588533,
            "equity": 6711778,
            "current_ratio": 124.71,
            "debt_ratio": 61.29,
            "inventory_turnover_ratio": 1.49,
            "account_receivable_turnover_ratio": 0.78,
            "reinvestment_rate": null,
            "research_to_sale_ratio": 4.8,
            "price_fair": 99.05,
            "eps_avg_yearly": 2.83,
            "eps_latest_yearly": 1.64,
            "eps_growth_yearly": 83.8
        },
        "20152": {
            "year_quarter": 20152,
            "year": 2015,
            "quarter": 2,
            "eps": 0.79,
            "eps_growth_year": -4.82,
            "eps_4q": 3.06,
            "eps_4q_growth_year": 26.43,
            "roe": 4.53,
            "gross_profit": 920842,
            "gross_margin": 14.84,
            "net_income": 284817,
            "revenue": 6203891,
            "common_shares": 3588533,
            "equity": 5859515,
            "current_ratio": 114.27,
            "debt_ratio": 66.68,
            "inventory_turnover_ratio": 1.73,
            "account_receivable_turnover_ratio": 0.79,
            "reinvestment_rate": null,
            "research_to_sale_ratio": 4.62,
            "price_fair": 100.33,
            "eps_avg_yearly": 2.87,
            "eps_latest_yearly": 3.16,
            "eps_growth_yearly": 115.68
        },
        "20153": {
            "year_quarter": 20153,
            "year": 2015,
            "quarter": 3,
            "eps": 0.81,
            "eps_growth_year": -19.8,
            "eps_4q": 2.94,
            "eps_4q_growth_year": 12.99,
            "roe": 4.87,
            "gross_profit": 1107624,
            "gross_margin": 15.85,
            "net_income": 291231,
            "revenue": 6986222,
            "common_shares": 3683191,
            "equity": 6098029,
            "current_ratio": 113.62,
            "debt_ratio": 68.47,
            "inventory_turnover_ratio": 1.95,
            "account_receivable_turnover_ratio": 0.79,
            "reinvestment_rate": null,
            "research_to_sale_ratio": 5.07,
            "price_fair": 101.64,
            "eps_avg_yearly": 2.9,
            "eps_latest_yearly": 3.24,
            "eps_growth_yearly": 105.12
        },
        "20154": {
            "year_quarter": 20154,
            "year": 2015,
            "quarter": 4,
            "eps": 1.2,
            "eps_growth_year": 26.74,
            "eps_4q": 3.22,
            "eps_4q_growth_year": 2.34,
            "roe": 6.72,
            "gross_profit": 1215619,
            "gross_margin": 16.72,
            "net_income": 427647,
            "revenue": 7271000,
            "common_shares": 3683191,
            "equity": 6624462,
            "current_ratio": 118.67,
            "debt_ratio": 63.67,
            "inventory_turnover_ratio": 1.91,
            "account_receivable_turnover_ratio": 0.82,
            "reinvestment_rate": 20.28,
            "research_to_sale_ratio": 4.26,
            "price_fair": 107.67,
            "eps_avg_yearly": 3.08,
            "eps_latest_yearly": 4.8,
            "eps_growth_yearly": 113.07
        },
        "20161": {
            "year_quarter": 20161,
            "year": 2016,
            "quarter": 1,
            "eps": 0.48,
            "eps_growth_year": 17.07,
            "eps_4q": 3.27,
            "eps_4q_growth_year": 2.48,
            "roe": 2.54,
            "gross_profit": 778794,
            "gross_margin": 14.52,
            "net_income": 170191,
            "revenue": 5362403,
            "common_shares": 3700599,
            "equity": 6774855,
            "current_ratio": 125.28,
            "debt_ratio": 59.31,
            "inventory_turnover_ratio": 1.49,
            "account_receivable_turnover_ratio": 0.7,
            "reinvestment_rate": 37.65,
            "research_to_sale_ratio": 5.67,
            "price_fair": 104.3,
            "eps_avg_yearly": 2.98,
            "eps_latest_yearly": 1.92,
            "eps_growth_yearly": 83.65
        },
        "20162": {
            "year_quarter": 20162,
            "year": 2016,
            "quarter": 2,
            "eps": 0.74,
            "eps_growth_year": -6.33,
            "eps_4q": 3.07,
            "eps_4q_growth_year": 0.42,
            "roe": 4.03,
            "gross_profit": 967508,
            "gross_margin": 15.3,
            "net_income": 265651,
            "revenue": 6325408,
            "common_shares": 3700265,
            "equity": 6394387,
            "current_ratio": 119.48,
            "debt_ratio": 63.04,
            "inventory_turnover_ratio": 1.83,
            "account_receivable_turnover_ratio": 0.87,
            "reinvestment_rate": 19.64,
            "research_to_sale_ratio": 4.78,
            "price_fair": 104.25,
            "eps_avg_yearly": 2.98,
            "eps_latest_yearly": 2.96,
            "eps_growth_yearly": 93.88
        },
        "20163": {
            "year_quarter": 20163,
            "year": 2016,
            "quarter": 3,
            "eps": 0.3,
            "eps_growth_year": -62.96,
            "eps_4q": 2.67,
            "eps_4q_growth_year": -9.18,
            "roe": 1.62,
            "gross_profit": 1366053,
            "gross_margin": 17.73,
            "net_income": 108707,
            "revenue": 7706216,
            "common_shares": 3757489,
            "equity": 7023123,
            "current_ratio": 123.49,
            "debt_ratio": 64.14,
            "inventory_turnover_ratio": 1.84,
            "account_receivable_turnover_ratio": 0.95,
            "reinvestment_rate": 36.85,
            "research_to_sale_ratio": 4.5,
            "price_fair": 99.8,
            "eps_avg_yearly": 2.85,
            "eps_latest_yearly": 1.2,
            "eps_growth_yearly": 70.19
        },
        "20164": {
            "year_quarter": 20164,
            "year": 2016,
            "quarter": 4,
            "eps": 2.18,
            "eps_growth_year": 82.06,
            "eps_4q": 3.69,
            "eps_4q_growth_year": 14.59,
            "roe": 11.18,
            "gross_profit": 1465918,
            "gross_margin": 18.27,
            "net_income": 792482,
            "revenue": 8025436,
            "common_shares": 3757446,
            "equity": 7151828,
            "current_ratio": 130.88,
            "debt_ratio": 63.26,
            "inventory_turnover_ratio": 1.63,
            "account_receivable_turnover_ratio": 0.93,
            "reinvestment_rate": -4.85,
            "research_to_sale_ratio": 4.88,
            "price_fair": 113.49,
            "eps_avg_yearly": 3.24,
            "eps_latest_yearly": 8.72,
            "eps_growth_yearly": 232.62
        },
        "20171": {
            "year_quarter": 20171,
            "year": 2017,
            "quarter": 1,
            "eps": 0.61,
            "eps_growth_year": 27.08,
            "eps_4q": 3.79,
            "eps_4q_growth_year": 15.88,
            "roe": 3,
            "gross_profit": 992050,
            "gross_margin": 16.8,
            "net_income": 221114,
            "revenue": 5905427,
            "common_shares": 3757401,
            "equity": 7601934,
            "current_ratio": 133.11,
            "debt_ratio": 61.41,
            "inventory_turnover_ratio": 1.24,
            "account_receivable_turnover_ratio": 0.77,
            "reinvestment_rate": 0.78,
            "research_to_sale_ratio": 5.96,
            "price_fair": 111.74,
            "eps_avg_yearly": 3.19,
            "eps_latest_yearly": 2.44,
            "eps_growth_yearly": 200.08
        },
        "20172": {
            "year_quarter": 20172,
            "year": 2017,
            "quarter": 2,
            "eps": 1.11,
            "eps_growth_year": 50,
            "eps_4q": 4.11,
            "eps_4q_growth_year": 33.79,
            "roe": 5.65,
            "gross_profit": 1173326,
            "gross_margin": 16.83,
            "net_income": 410958,
            "revenue": 6969857,
            "common_shares": 3804311,
            "equity": 6943361,
            "current_ratio": 125.37,
            "debt_ratio": 64.18,
            "inventory_turnover_ratio": 1.51,
            "account_receivable_turnover_ratio": 0.93,
            "reinvestment_rate": 2.07,
            "research_to_sale_ratio": 5.1,
            "price_fair": 115.5,
            "eps_avg_yearly": 3.3,
            "eps_latest_yearly": 4.44,
            "eps_growth_yearly": 194.05
        },
        "20173": {
            "year_quarter": 20173,
            "year": 2017,
            "quarter": 3,
            "eps": 1.39,
            "eps_growth_year": 363.33,
            "eps_4q": 5.21,
            "eps_4q_growth_year": 95.05,
            "roe": 7.26,
            "gross_profit": 1392818,
            "gross_margin": 17.31,
            "net_income": 518779,
            "revenue": 8045812,
            "common_shares": 3822776,
            "equity": 7352121,
            "current_ratio": 125.12,
            "debt_ratio": 65.29,
            "inventory_turnover_ratio": 1.63,
            "account_receivable_turnover_ratio": 0.9,
            "reinvestment_rate": -0.78,
            "research_to_sale_ratio": 4.81,
            "price_fair": 118.91,
            "eps_avg_yearly": 3.4,
            "eps_latest_yearly": 5.56,
            "eps_growth_yearly": 188.6
        },
        "20174": {
            "year_quarter": 20174,
            "year": 2017,
            "quarter": 4,
            "eps": 1.1,
            "eps_growth_year": -49.7,
            "eps_4q": 4.18,
            "eps_4q_growth_year": 13.34,
            "roe": 5.52,
            "gross_profit": 1232196,
            "gross_margin": 17.72,
            "net_income": 411387,
            "revenue": 6953832,
            "common_shares": 3822723,
            "equity": 7546481,
            "current_ratio": 130.6,
            "debt_ratio": 63.02,
            "inventory_turnover_ratio": 1.16,
            "account_receivable_turnover_ratio": 0.81,
            "reinvestment_rate": -1.73,
            "research_to_sale_ratio": 5.55,
            "price_fair": 124.95,
            "eps_avg_yearly": 3.57,
            "eps_latest_yearly": 4.4,
            "eps_growth_yearly": 198.13
        },
        "20181": {
            "year_quarter": 20181,
            "year": 2018,
            "quarter": 1,
            "eps": 0.56,
            "eps_growth_year": -8.2,
            "eps_4q": 4.14,
            "eps_4q_growth_year": 9.21,
            "roe": 2.73,
            "gross_profit": 802005,
            "gross_margin": 12.86,
            "net_income": 208956,
            "revenue": 6238096,
            "common_shares": 3822723,
            "equity": 7785047,
            "current_ratio": 131.13,
            "debt_ratio": 62.47,
            "inventory_turnover_ratio": 0.97,
            "account_receivable_turnover_ratio": 0.86,
            "reinvestment_rate": -3.42,
            "research_to_sale_ratio": 5.6,
            "price_fair": 126.61,
            "eps_avg_yearly": 3.62,
            "eps_latest_yearly": 2.24,
            "eps_growth_yearly": 188.3
        },
        "20182": {
            "year_quarter": 20182,
            "year": 2018,
            "quarter": 2,
            "eps": 0.59,
            "eps_growth_year": -46.85,
            "eps_4q": 3.58,
            "eps_4q_growth_year": -13.03,
            "roe": 3.01,
            "gross_profit": 1015905,
            "gross_margin": 13.21,
            "net_income": 222617,
            "revenue": 7691980,
            "common_shares": 3866954,
            "equity": 7015966,
            "current_ratio": 120.16,
            "debt_ratio": 69.38,
            "inventory_turnover_ratio": 1.08,
            "account_receivable_turnover_ratio": 0.99,
            "reinvestment_rate": -1.97,
            "research_to_sale_ratio": 5.16,
            "price_fair": 124.51,
            "eps_avg_yearly": 3.56,
            "eps_latest_yearly": 2.36,
            "eps_growth_yearly": 158.55
        },
        "20183": {
            "year_quarter": 20183,
            "year": 2018,
            "quarter": 3,
            "eps": 0.85,
            "eps_growth_year": -38.85,
            "eps_4q": 3.06,
            "eps_4q_growth_year": -41.16,
            "roe": 4.5,
            "gross_profit": 1385661,
            "gross_margin": 15.4,
            "net_income": 318750,
            "revenue": 8996446,
            "common_shares": 3878803,
            "equity": 7159941,
            "current_ratio": 118.06,
            "debt_ratio": 72.93,
            "inventory_turnover_ratio": 1.07,
            "account_receivable_turnover_ratio": 1.01,
            "reinvestment_rate": -1.45,
            "research_to_sale_ratio": 4.13,
            "price_fair": 123.11,
            "eps_avg_yearly": 3.52,
            "eps_latest_yearly": 3.4,
            "eps_growth_yearly": 164.15
        },
        "20184": {
            "year_quarter": 20184,
            "year": 2018,
            "quarter": 4,
            "eps": 0.73,
            "eps_growth_year": -33.86,
            "eps_4q": 2.72,
            "eps_4q_growth_year": -34.93,
            "roe": 3.77,
            "gross_profit": 1180110,
            "gross_margin": 14.11,
            "net_income": 273077,
            "revenue": 8365839,
            "common_shares": 3831413,
            "equity": 7339844,
            "current_ratio": 124.34,
            "debt_ratio": 66.45,
            "inventory_turnover_ratio": 0.96,
            "account_receivable_turnover_ratio": 0.98,
            "reinvestment_rate": -8.56,
            "research_to_sale_ratio": 3.84,
            "price_fair": 121.19,
            "eps_avg_yearly": 3.46,
            "eps_latest_yearly": 2.92,
            "eps_growth_yearly": 162.11
        },
        "20191": {
            "year_quarter": 20191,
            "year": 2019,
            "quarter": 1,
            "eps": 0.86,
            "eps_growth_year": 53.57,
            "eps_4q": 3.03,
            "eps_4q_growth_year": -26.79,
            "roe": 4.36,
            "gross_profit": 1036090,
            "gross_margin": 14.33,
            "net_income": 329693,
            "revenue": 7228794,
            "common_shares": 3831413,
            "equity": 7788359,
            "current_ratio": 130.86,
            "debt_ratio": 62.22,
            "inventory_turnover_ratio": 0.9,
            "account_receivable_turnover_ratio": 0.95,
            "reinvestment_rate": -6.21,
            "research_to_sale_ratio": 4.71,
            "price_fair": 125.13,
            "eps_avg_yearly": 3.58,
            "eps_latest_yearly": 3.44,
            "eps_growth_yearly": 180.77
        },
        "20192": {
            "year_quarter": 20192,
            "year": 2019,
            "quarter": 2,
            "eps": 0.88,
            "eps_growth_year": 49.15,
            "eps_4q": 3.3,
            "eps_4q_growth_year": -7.86,
            "roe": 4.42,
            "gross_profit": 1335498,
            "gross_margin": 16.07,
            "net_income": 337137,
            "revenue": 8309127,
            "common_shares": 3867154,
            "equity": 7459982,
            "current_ratio": 126.31,
            "debt_ratio": 65.19,
            "inventory_turnover_ratio": 1.11,
            "account_receivable_turnover_ratio": 1.06,
            "reinvestment_rate": -4.2,
            "research_to_sale_ratio": 4.53,
            "price_fair": 125.91,
            "eps_avg_yearly": 3.6,
            "eps_latest_yearly": 3.52,
            "eps_growth_yearly": 158.18
        },
        "20193": {
            "year_quarter": 20193,
            "year": 2019,
            "quarter": 3,
            "eps": 1.75,
            "eps_growth_year": 105.88,
            "eps_4q": 4.2,
            "eps_4q_growth_year": 37.19,
            "roe": 8.67,
            "gross_profit": 1776313,
            "gross_margin": 17.77,
            "net_income": 669303,
            "revenue": 9994033,
            "common_shares": 3867154,
            "equity": 7979203,
            "current_ratio": 125.04,
            "debt_ratio": 66.56,
            "inventory_turnover_ratio": 1.33,
            "account_receivable_turnover_ratio": 1.09,
            "reinvestment_rate": -1.53,
            "research_to_sale_ratio": 4.51,
            "price_fair": 134.14,
            "eps_avg_yearly": 3.83,
            "eps_latest_yearly": 7,
            "eps_growth_yearly": 182.26
        },
        "20194": {
            "year_quarter": 20194,
            "year": 2019,
            "quarter": 4,
            "eps": 1.02,
            "eps_growth_year": 39.96,
            "eps_4q": 4.5,
            "eps_4q_growth_year": 65.44,
            "roe": 4.69,
            "gross_profit": 1486487,
            "gross_margin": 16.73,
            "net_income": 381757,
            "revenue": 8883416,
            "common_shares": 3867154,
            "equity": 8317412,
            "current_ratio": 130.89,
            "debt_ratio": 61.8,
            "inventory_turnover_ratio": 1.22,
            "account_receivable_turnover_ratio": 0.97,
            "reinvestment_rate": -1.3,
            "research_to_sale_ratio": 5.42,
            "price_fair": 132.56,
            "eps_avg_yearly": 3.79,
            "eps_latest_yearly": 4.08,
            "eps_growth_yearly": 159.8
        },
        "20201": {
            "year_quarter": 20201,
            "year": 2020,
            "quarter": 1,
            "eps": 0.35,
            "eps_growth_year": -59.3,
            "eps_4q": 3.98,
            "eps_4q_growth_year": 31.38,
            "roe": 1.7,
            "gross_profit": 1017604,
            "gross_margin": 15.17,
            "net_income": 131513,
            "revenue": 6709423,
            "common_shares": 3842004,
            "equity": 7146727,
            "current_ratio": 122.59,
            "debt_ratio": 62.49,
            "inventory_turnover_ratio": 1.06,
            "account_receivable_turnover_ratio": 0.89,
            "reinvestment_rate": 0.82,
            "research_to_sale_ratio": 5.16,
            "price_fair": 131.43,
            "eps_avg_yearly": 3.76,
            "eps_latest_yearly": 1.4,
            "eps_growth_yearly": 158.37
        },
        "20202": {
            "year_quarter": 20202,
            "year": 2020,
            "quarter": 2,
            "eps": 1.78,
            "eps_growth_year": 102.27,
            "eps_4q": 4.84,
            "eps_4q_growth_year": 46.99,
            "roe": 9.08,
            "gross_profit": 1786765,
            "gross_margin": 19.34,
            "net_income": 688490,
            "revenue": 9238721,
            "common_shares": 3887510,
            "equity": 8025940,
            "current_ratio": 121.11,
            "debt_ratio": 64.81,
            "inventory_turnover_ratio": 1.46,
            "account_receivable_turnover_ratio": 1.16,
            "reinvestment_rate": 7.21,
            "research_to_sale_ratio": 6,
            "price_fair": 140.53,
            "eps_avg_yearly": 4.02,
            "eps_latest_yearly": 7.12,
            "eps_growth_yearly": 246.98
        },
        "20203": {
            "year_quarter": 20203,
            "year": 2020,
            "quarter": 3,
            "eps": 1.89,
            "eps_growth_year": 8,
            "eps_4q": 5.01,
            "eps_4q_growth_year": 19.24,
            "roe": 8.7,
            "gross_profit": 1968593,
            "gross_margin": 20.39,
            "net_income": 733664,
            "revenue": 9656407,
            "common_shares": 3887510,
            "equity": 8841458,
            "current_ratio": 121.11,
            "debt_ratio": 62.68,
            "inventory_turnover_ratio": 1.44,
            "account_receivable_turnover_ratio": 1,
            "reinvestment_rate": 18.51,
            "research_to_sale_ratio": 5.51,
            "price_fair": 154.44,
            "eps_avg_yearly": 4.41,
            "eps_latest_yearly": 7.56,
            "eps_growth_yearly": 263.39
        },
        "20204": {
            "year_quarter": 20204,
            "year": 2020,
            "quarter": 4,
            "eps": 1.5,
            "eps_growth_year": 47.54,
            "eps_4q": 5.51,
            "eps_4q_growth_year": 22.43,
            "roe": 6.24,
            "gross_profit": 1646391,
            "gross_margin": 17.78,
            "net_income": 573553,
            "revenue": 9258476,
            "common_shares": 3887510,
            "equity": 9530631,
            "current_ratio": 121.85,
            "debt_ratio": 62.14,
            "inventory_turnover_ratio": 1.27,
            "account_receivable_turnover_ratio": 0.95,
            "reinvestment_rate": 34.72,
            "research_to_sale_ratio": 5.75,
            "price_fair": 148.49,
            "eps_avg_yearly": 4.24,
            "eps_latest_yearly": 6,
            "eps_growth_yearly": 101.56
        },
        "20211": {
            "year_quarter": 20211,
            "year": 2021,
            "quarter": 1,
            "eps": 1.49,
            "eps_growth_year": 325.71,
            "eps_4q": 6.64,
            "eps_4q_growth_year": 66.84,
            "roe": 6.39,
            "gross_profit": 1646760,
            "gross_margin": 16.5,
            "net_income": 580629,
            "revenue": 9982144,
            "common_shares": 3887510,
            "equity": 8634008,
            "current_ratio": 111.32,
            "debt_ratio": 68.47,
            "inventory_turnover_ratio": 1.25,
            "account_receivable_turnover_ratio": 0.97,
            "reinvestment_rate": 31.75,
            "research_to_sale_ratio": 4.59,
            "price_fair": 156.19,
            "eps_avg_yearly": 4.46,
            "eps_latest_yearly": 5.96,
            "eps_growth_yearly": 119.4
        },
        "20212": {
            "year_quarter": 20212,
            "year": 2021,
            "quarter": 2,
            "eps": 1.68,
            "eps_growth_year": -5.62,
            "eps_4q": 6.51,
            "eps_4q_growth_year": 34.42,
            "roe": 7.28,
            "gross_profit": 1732225,
            "gross_margin": 17.99,
            "net_income": 659134,
            "revenue": 9626646,
            "common_shares": 3921472,
            "equity": 9483501,
            "current_ratio": 115.21,
            "debt_ratio": 65.41,
            "inventory_turnover_ratio": 1.13,
            "account_receivable_turnover_ratio": 0.88,
            "reinvestment_rate": 32.34,
            "research_to_sale_ratio": 4.71,
            "price_fair": 161.18,
            "eps_avg_yearly": 4.61,
            "eps_latest_yearly": 6.72,
            "eps_growth_yearly": 102.09
        },
        "20213": {
            "year_quarter": 20213,
            "year": 2021,
            "quarter": 3,
            "eps": 2.09,
            "eps_growth_year": 10.58,
            "eps_4q": 6.73,
            "eps_4q_growth_year": 34.38,
            "roe": 8.31,
            "gross_profit": 1843778,
            "gross_margin": 18.2,
            "net_income": 820528,
            "revenue": 10130236,
            "common_shares": 3921472,
            "equity": 10255068,
            "current_ratio": 119.54,
            "debt_ratio": 64.57,
            "inventory_turnover_ratio": 1.07,
            "account_receivable_turnover_ratio": 0.89,
            "reinvestment_rate": 33.72,
            "research_to_sale_ratio": 4.17,
            "price_fair": 167.3,
            "eps_avg_yearly": 4.78,
            "eps_latest_yearly": 8.36,
            "eps_growth_yearly": 101.89
        },
        "20214": {
            "year_quarter": 20214,
            "year": 2021,
            "quarter": 4,
            "eps": 1.96,
            "eps_growth_year": 30.57,
            "eps_4q": 7.21,
            "eps_4q_growth_year": 30.87,
            "roe": 7.19,
            "gross_profit": 1915749,
            "gross_margin": 18.03,
            "net_income": 768184,
            "revenue": 10624952,
            "common_shares": 3921472,
            "equity": 11113460,
            "current_ratio": 124,
            "debt_ratio": 62.97,
            "inventory_turnover_ratio": 1.01,
            "account_receivable_turnover_ratio": 0.89,
            "reinvestment_rate": 36.11,
            "research_to_sale_ratio": 4.31,
            "price_fair": 174.83,
            "eps_avg_yearly": 5,
            "eps_latest_yearly": 7.84,
            "eps_growth_yearly": 105.55
        },
        "20221": {
            "year_quarter": 20221,
            "year": 2022,
            "quarter": 1,
            "eps": 1.93,
            "eps_growth_year": 29.53,
            "eps_4q": 7.66,
            "eps_4q_growth_year": 15.35,
            "roe": 7.14,
            "gross_profit": 1742440,
            "gross_margin": 16.61,
            "net_income": 757066,
            "revenue": 10493426,
            "common_shares": 3921472,
            "equity": 10079412,
            "current_ratio": 115.68,
            "debt_ratio": 67.34,
            "inventory_turnover_ratio": 0.94,
            "account_receivable_turnover_ratio": 0.88,
            "reinvestment_rate": 36.72,
            "research_to_sale_ratio": 3.94,
            "price_fair": 186.81,
            "eps_avg_yearly": 5.34,
            "eps_latest_yearly": 7.72,
            "eps_growth_yearly": 117.44
        },
        "20222": {
            "year_quarter": 20222,
            "year": 2022,
            "quarter": 2,
            "eps": 1.95,
            "eps_growth_year": 16.07,
            "eps_4q": 7.88,
            "eps_4q_growth_year": 21.06,
            "roe": 7.32,
            "gross_profit": 1722850,
            "gross_margin": 16.77,
            "net_income": 771990,
            "revenue": 10270487,
            "common_shares": 3953884,
            "equity": 11006583,
            "current_ratio": 120.97,
            "debt_ratio": 63.06,
            "inventory_turnover_ratio": 0.94,
            "account_receivable_turnover_ratio": 0.88,
            "reinvestment_rate": 38.56,
            "research_to_sale_ratio": 4.22,
            "price_fair": 198.71,
            "eps_avg_yearly": 5.68,
            "eps_latest_yearly": 7.8,
            "eps_growth_yearly": 116.36
        },
        "20223": {
            "year_quarter": 20223,
            "year": 2022,
            "quarter": 3,
            "eps": 2.44,
            "eps_growth_year": 16.75,
            "eps_4q": 8.25,
            "eps_4q_growth_year": 22.56,
            "roe": 8.38,
            "gross_profit": 2218018,
            "gross_margin": 20.54,
            "net_income": 966314,
            "revenue": 10800822,
            "common_shares": 3953884,
            "equity": 12049227,
            "current_ratio": 128,
            "debt_ratio": 60.26,
            "inventory_turnover_ratio": 1.05,
            "account_receivable_turnover_ratio": 0.88,
            "reinvestment_rate": 34.7,
            "research_to_sale_ratio": 4.55,
            "price_fair": 212.63,
            "eps_avg_yearly": 6.08,
            "eps_latest_yearly": 9.76,
            "eps_growth_yearly": 111.62
        },
        "20224": {
            "year_quarter": 20224,
            "year": 2022,
            "quarter": 4,
            "eps": 1.9,
            "eps_growth_year": -3,
            "eps_4q": 8.21,
            "eps_4q_growth_year": 13.89,
            "roe": 6.07,
            "gross_profit": 1945563,
            "gross_margin": 20.48,
            "net_income": 751227,
            "revenue": 9501375,
            "common_shares": 3953884,
            "equity": 12694926,
            "current_ratio": 137.83,
            "debt_ratio": 53.7,
            "inventory_turnover_ratio": 1.04,
            "account_receivable_turnover_ratio": 0.8,
            "reinvestment_rate": 34.13,
            "research_to_sale_ratio": 5.01,
            "price_fair": 222.86,
            "eps_avg_yearly": 6.37,
            "eps_latest_yearly": 7.6,
            "eps_growth_yearly": 109.62
        },
        "20231": {
            "year_quarter": 20231,
            "year": 2023,
            "quarter": 1,
            "eps": 1.47,
            "eps_growth_year": -23.83,
            "eps_4q": 7.7,
            "eps_4q_growth_year": 0.43,
            "roe": 4.85,
            "gross_profit": 1548410,
            "gross_margin": 18.67,
            "net_income": 581189,
            "revenue": 8291400,
            "common_shares": 3990401,
            "equity": 11252223,
            "current_ratio": 124.11,
            "debt_ratio": 59.04,
            "inventory_turnover_ratio": 1.07,
            "account_receivable_turnover_ratio": 0.81,
            "reinvestment_rate": 34.44,
            "research_to_sale_ratio": 5.02,
            "price_fair": 228.2,
            "eps_avg_yearly": 6.52,
            "eps_latest_yearly": 5.88,
            "eps_growth_yearly": 99.51
        }
    },
    "months": {
        "2013-01": {
            "month": "2013-01",
            "price": "37.13",
            "revenue": 1749711
        },
        "2013-02": {
            "month": "2013-02",
            "price": "37.29",
            "revenue": 1524533
        },
        "2013-03": {
            "month": "2013-03",
            "price": "38.71",
            "revenue": 1921213
        },
        "2013-04": {
            "month": "2013-04",
            "price": "40.92",
            "revenue": 1631447
        },
        "2013-05": {
            "month": "2013-05",
            "price": "41.87",
            "revenue": 1866351
        },
        "2013-06": {
            "month": "2013-06",
            "price": "41.61",
            "revenue": 2343190
        },
        "2013-07": {
            "month": "2013-07",
            "price": "41.19",
            "revenue": 2007739
        },
        "2013-08": {
            "month": "2013-08",
            "price": "44.15",
            "revenue": 2177686
        },
        "2013-09": {
            "month": "2013-09",
            "price": "44.95",
            "revenue": 2449696
        },
        "2013-10": {
            "month": "2013-10",
            "price": "52.01",
            "revenue": 2386640
        },
        "2013-11": {
            "month": "2013-11",
            "price": "45.17",
            "revenue": 2543937
        },
        "2013-12": {
            "month": "2013-12",
            "price": "46.39",
            "revenue": 2456216
        },
        "2014-01": {
            "month": "2014-01",
            "price": "45.04",
            "revenue": 1733418
        },
        "2014-02": {
            "month": "2014-02",
            "price": "44.00",
            "revenue": 1708350
        },
        "2014-03": {
            "month": "2014-03",
            "price": "43.72",
            "revenue": 2001968
        },
        "2014-04": {
            "month": "2014-04",
            "price": "44.28",
            "revenue": 2106018
        },
        "2014-05": {
            "month": "2014-05",
            "price": "44.53",
            "revenue": 2267898
        },
        "2014-06": {
            "month": "2014-06",
            "price": "46.19",
            "revenue": 2405957
        },
        "2014-07": {
            "month": "2014-07",
            "price": "46.64",
            "revenue": 2425725
        },
        "2014-08": {
            "month": "2014-08",
            "price": "46.29",
            "revenue": 2456132
        },
        "2014-09": {
            "month": "2014-09",
            "price": "45.52",
            "revenue": 2709331
        },
        "2014-10": {
            "month": "2014-10",
            "price": "44.26",
            "revenue": 2255709
        },
        "2014-11": {
            "month": "2014-11",
            "price": "43.94",
            "revenue": 2420886
        },
        "2014-12": {
            "month": "2014-12",
            "price": "43.81",
            "revenue": 2523531
        },
        "2015-01": {
            "month": "2015-01",
            "price": "43.89",
            "revenue": 2027853
        },
        "2015-02": {
            "month": "2015-02",
            "price": "43.65",
            "revenue": 1802428
        },
        "2015-03": {
            "month": "2015-03",
            "price": "43.46",
            "revenue": 2227448
        },
        "2015-04": {
            "month": "2015-04",
            "price": "43.70",
            "revenue": 2041115
        },
        "2015-05": {
            "month": "2015-05",
            "price": "42.29",
            "revenue": 2031968
        },
        "2015-06": {
            "month": "2015-06",
            "price": "41.69",
            "revenue": 2131010
        },
        "2015-07": {
            "month": "2015-07",
            "price": "42.62",
            "revenue": 2145032
        },
        "2015-08": {
            "month": "2015-08",
            "price": "35.07",
            "revenue": 2338718
        },
        "2015-09": {
            "month": "2015-09",
            "price": "36.24",
            "revenue": 2503924
        },
        "2015-10": {
            "month": "2015-10",
            "price": "38.58",
            "revenue": 2275974
        },
        "2015-11": {
            "month": "2015-11",
            "price": "33.94",
            "revenue": 2435348
        },
        "2015-12": {
            "month": "2015-12",
            "price": "35.28",
            "revenue": 2566057
        },
        "2016-01": {
            "month": "2016-01",
            "price": "37.37",
            "revenue": 1767467
        },
        "2016-02": {
            "month": "2016-02",
            "price": "37.43",
            "revenue": 1708737
        },
        "2016-03": {
            "month": "2016-03",
            "price": "38.09",
            "revenue": 1885515
        },
        "2016-04": {
            "month": "2016-04",
            "price": "37.04",
            "revenue": 1979851
        },
        "2016-05": {
            "month": "2016-05",
            "price": "34.86",
            "revenue": 2020522
        },
        "2016-06": {
            "month": "2016-06",
            "price": "35.73",
            "revenue": 2321139
        },
        "2016-07": {
            "month": "2016-07",
            "price": "35.59",
            "revenue": 2384153
        },
        "2016-08": {
            "month": "2016-08",
            "price": "37.22",
            "revenue": 2550741
        },
        "2016-09": {
            "month": "2016-09",
            "price": "40.97",
            "revenue": 2767624
        },
        "2016-10": {
            "month": "2016-10",
            "price": "48.14",
            "revenue": 2694989
        },
        "2016-11": {
            "month": "2016-11",
            "price": "49.89",
            "revenue": 2836179
        },
        "2016-12": {
            "month": "2016-12",
            "price": "49.19",
            "revenue": 2485995
        },
        "2017-01": {
            "month": "2017-01",
            "price": "47.75",
            "revenue": 1834511
        },
        "2017-02": {
            "month": "2017-02",
            "price": "47.11",
            "revenue": 1879928
        },
        "2017-03": {
            "month": "2017-03",
            "price": "49.24",
            "revenue": 2189401
        },
        "2017-04": {
            "month": "2017-04",
            "price": "49.65",
            "revenue": 2130332
        },
        "2017-05": {
            "month": "2017-05",
            "price": "61.86",
            "revenue": 2152690
        },
        "2017-06": {
            "month": "2017-06",
            "price": "63.78",
            "revenue": 2682820
        },
        "2017-07": {
            "month": "2017-07",
            "price": "62.36",
            "revenue": 2350295
        },
        "2017-08": {
            "month": "2017-08",
            "price": "59.94",
            "revenue": 2653598
        },
        "2017-09": {
            "month": "2017-09",
            "price": "58.35",
            "revenue": 3042122
        },
        "2017-10": {
            "month": "2017-10",
            "price": "61.42",
            "revenue": 2546542
        },
        "2017-11": {
            "month": "2017-11",
            "price": "64.34",
            "revenue": 2335919
        },
        "2017-12": {
            "month": "2017-12",
            "price": "60.65",
            "revenue": 2071001
        },
        "2018-01": {
            "month": "2018-01",
            "price": "58.85",
            "revenue": 2116360
        },
        "2018-02": {
            "month": "2018-02",
            "price": "58.12",
            "revenue": 1707001
        },
        "2018-03": {
            "month": "2018-03",
            "price": "60.84",
            "revenue": 2414716
        },
        "2018-04": {
            "month": "2018-04",
            "price": "58.68",
            "revenue": 2256775
        },
        "2018-05": {
            "month": "2018-05",
            "price": "51.31",
            "revenue": 2601909
        },
        "2018-06": {
            "month": "2018-06",
            "price": "51.48",
            "revenue": 2833998
        },
        "2018-07": {
            "month": "2018-07",
            "price": "46.18",
            "revenue": 2847831
        },
        "2018-08": {
            "month": "2018-08",
            "price": "44.10",
            "revenue": 2957651
        },
        "2018-09": {
            "month": "2018-09",
            "price": "42.73",
            "revenue": 3193449
        },
        "2018-10": {
            "month": "2018-10",
            "price": "41.90",
            "revenue": 3230421
        },
        "2018-11": {
            "month": "2018-11",
            "price": "43.68",
            "revenue": 2707250
        },
        "2018-12": {
            "month": "2018-12",
            "price": "42.76",
            "revenue": 2431773
        },
        "2019-01": {
            "month": "2019-01",
            "price": "44.49",
            "revenue": 2587314
        },
        "2019-02": {
            "month": "2019-02",
            "price": "47.62",
            "revenue": 1944716
        },
        "2019-03": {
            "month": "2019-03",
            "price": "55.96",
            "revenue": 2697376
        },
        "2019-04": {
            "month": "2019-04",
            "price": "55.12",
            "revenue": 2613835
        },
        "2019-05": {
            "month": "2019-05",
            "price": "49.98",
            "revenue": 2719599
        },
        "2019-06": {
            "month": "2019-06",
            "price": "49.03",
            "revenue": 2974872
        },
        "2019-07": {
            "month": "2019-07",
            "price": "53.75",
            "revenue": 3274168
        },
        "2019-08": {
            "month": "2019-08",
            "price": "57.19",
            "revenue": 3330824
        },
        "2019-09": {
            "month": "2019-09",
            "price": "57.95",
            "revenue": 3384719
        },
        "2019-10": {
            "month": "2019-10",
            "price": "56.53",
            "revenue": 3534272
        },
        "2019-11": {
            "month": "2019-11",
            "price": "64.47",
            "revenue": 2842701
        },
        "2019-12": {
            "month": "2019-12",
            "price": "63.04",
            "revenue": 2507066
        },
        "2020-01": {
            "month": "2020-01",
            "price": "60.73",
            "revenue": 2442078
        },
        "2020-02": {
            "month": "2020-02",
            "price": "59.71",
            "revenue": 1511947
        },
        "2020-03": {
            "month": "2020-03",
            "price": "51.35",
            "revenue": 2755482
        },
        "2020-04": {
            "month": "2020-04",
            "price": "55.94",
            "revenue": 3221038
        },
        "2020-05": {
            "month": "2020-05",
            "price": "63.39",
            "revenue": 2945881
        },
        "2020-06": {
            "month": "2020-06",
            "price": "66.00",
            "revenue": 3069396
        },
        "2020-07": {
            "month": "2020-07",
            "price": "69.14",
            "revenue": 2997734
        },
        "2020-08": {
            "month": "2020-08",
            "price": "71.71",
            "revenue": 3096842
        },
        "2020-09": {
            "month": "2020-09",
            "price": "67.96",
            "revenue": 3563651
        },
        "2020-10": {
            "month": "2020-10",
            "price": "66.77",
            "revenue": 3346105
        },
        "2020-11": {
            "month": "2020-11",
            "price": "67.13",
            "revenue": 3012586
        },
        "2020-12": {
            "month": "2020-12",
            "price": "72.29",
            "revenue": 2898175
        },
        "2021-01": {
            "month": "2021-01",
            "price": "70.62",
            "revenue": 3620056
        },
        "2021-02": {
            "month": "2021-02",
            "price": "77.09",
            "revenue": 2824025
        },
        "2021-03": {
            "month": "2021-03",
            "price": "80.11",
            "revenue": 3538089
        },
        "2021-04": {
            "month": "2021-04",
            "price": "77.35",
            "revenue": 3162400
        },
        "2021-05": {
            "month": "2021-05",
            "price": "68.71",
            "revenue": 3270273
        },
        "2021-06": {
            "month": "2021-06",
            "price": "70.74",
            "revenue": 3194441
        },
        "2021-07": {
            "month": "2021-07",
            "price": "70.67",
            "revenue": 3141718
        },
        "2021-08": {
            "month": "2021-08",
            "price": "68.79",
            "revenue": 3315577
        },
        "2021-09": {
            "month": "2021-09",
            "price": "68.36",
            "revenue": 3674115
        },
        "2021-10": {
            "month": "2021-10",
            "price": "67.10",
            "revenue": 3590879
        },
        "2021-11": {
            "month": "2021-11",
            "price": "75.98",
            "revenue": 3757221
        },
        "2021-12": {
            "month": "2021-12",
            "price": "77.63",
            "revenue": 3271303
        },
        "2022-01": {
            "month": "2022-01",
            "price": "78.84",
            "revenue": 3622973
        },
        "2022-02": {
            "month": "2022-02",
            "price": "81.38",
            "revenue": 3002627
        },
        "2022-03": {
            "month": "2022-03",
            "price": "84.05",
            "revenue": 3867825
        },
        "2022-04": {
            "month": "2022-04",
            "price": "72.96",
            "revenue": 3099407
        },
        "2022-05": {
            "month": "2022-05",
            "price": "69.45",
            "revenue": 3557628
        },
        "2022-06": {
            "month": "2022-06",
            "price": "71.36",
            "revenue": 3613453
        },
        "2022-07": {
            "month": "2022-07",
            "price": "70.61",
            "revenue": 3535141
        },
        "2022-08": {
            "month": "2022-08",
            "price": "71.68",
            "revenue": 3514327
        },
        "2022-09": {
            "month": "2022-09",
            "price": "68.48",
            "revenue": 3751354
        },
        "2022-10": {
            "month": "2022-10",
            "price": "68.46",
            "revenue": 3116719
        },
        "2022-11": {
            "month": "2022-11",
            "price": "71.50",
            "revenue": 3354464
        },
        "2022-12": {
            "month": "2022-12",
            "price": "73.40",
            "revenue": 3030191
        },
        "2023-01": {
            "month": "2023-01",
            "price": "75.48",
            "revenue": 2651220
        },
        "2023-02": {
            "month": "2023-02",
            "price": "77.96",
            "revenue": 2571964
        },
        "2023-03": {
            "month": "2023-03",
            "price": "82.17",
            "revenue": 3068216
        },
        "2023-04": {
            "month": "2023-04",
            "price": "80.82",
            "revenue": 2743142
        }
    }
}
