{
    "summary": {
        "stock_name": "樺漢",
        "stock_id": "6414",
        "category": "電腦及週邊設備",
        "main_business": "電腦及其週邊設備製造業<br>資訊軟體服務業<br>除許可業務外，得經營法令非禁止或限制之業務",
        "website_url": "https://www.ennoconn.com/index_zh-tw.html",
        "ceo": "蔡能吉",
        "pe_ratio": 10,
        "report_year_from": 2011,
        "report_year_to": 2023,
        "age": 13,
        "eps_negative_percentage": 0,
        "eps_growth_avg": {
            "last_all": 18.17,
            "last_2y": 18.83,
            "last_4y": 8.74,
            "last_8y": 11.86,
            "last_12y": null,
            "last_16y": null,
            "last_20y": null,
            "at_2006_last_3y": null,
            "at_2007_last_3y": null,
            "at_2008_last_3y": null,
            "at_2009_last_3y": null,
            "at_2010_last_3y": null,
            "at_2011_last_3y": null,
            "at_2012_last_3y": null,
            "at_2013_last_3y": null,
            "at_2014_last_3y": null,
            "at_2015_last_3y": null,
            "at_2016_last_3y": null,
            "at_2017_last_3y": 35.14,
            "at_2018_last_3y": 15.75,
            "at_2019_last_3y": 1.43,
            "at_2020_last_3y": -2.39,
            "at_2021_last_3y": -1.84,
            "at_2022_last_3y": 23.8,
            "at_2023_last_3y": 13.23,
            "at_2024_last_3y": 13.23,
            "at_2006_last_all": null,
            "at_2007_last_all": null,
            "at_2008_last_all": null,
            "at_2009_last_all": null,
            "at_2010_last_all": null,
            "at_2011_last_all": null,
            "at_2012_last_all": null,
            "at_2013_last_all": null,
            "at_2014_last_all": null,
            "at_2015_last_all": 61.53,
            "at_2016_last_all": 44.92,
            "at_2017_last_all": 35.14,
            "at_2018_last_all": 27.6,
            "at_2019_last_all": 21.46,
            "at_2020_last_all": 17.89,
            "at_2021_last_all": 16.65,
            "at_2022_last_all": 25.91,
            "at_2023_last_all": 18.17,
            "at_2024_last_all": 18.17
        },
        "latest_eps": 30.27,
        "latest_price": 307,
        "latest_roe": 26.5,
        "latest_gross_margin": 20.24,
        "latest_equity": 49308506,
        "latest_revenue": 29962664,
        "latest_gross_profit": 6064955,
        "latest_net_income": 1548304,
        "latest_debt_ratio": 59.67,
        "latest_current_ratio": 148.72,
        "latest_account_receivable_turnover_ratio": 1.84,
        "latest_inventory_turnover_ratio": 1.02,
        "latest_reinvestment_rate": 40.41,
        "latest_research_to_sale_ratio": 7.92
    },
    "eps_dividends": {
        "2001": {
            "cash": 0,
            "stock": 0,
            "eps": 0
        },
        "2002": {
            "cash": 0,
            "stock": 0,
            "eps": 0
        },
        "2003": {
            "cash": 0,
            "stock": 0,
            "eps": 0
        },
        "2004": {
            "cash": 0,
            "stock": 0,
            "eps": 0
        },
        "2005": {
            "cash": 0,
            "stock": 0,
            "eps": 0
        },
        "2006": {
            "cash": 0,
            "stock": 0,
            "eps": 0
        },
        "2007": {
            "cash": 0,
            "stock": 0,
            "eps": 0
        },
        "2008": {
            "cash": 0,
            "stock": 0,
            "eps": 0
        },
        "2009": {
            "cash": 0,
            "stock": 0,
            "eps": 0
        },
        "2010": {
            "cash": 0,
            "stock": 0,
            "eps": 0
        },
        "2011": {
            "cash": 0,
            "stock": 0,
            "eps": 0
        },
        "2012": {
            "cash": 0,
            "stock": 0,
            "eps": 0
        },
        "2013": {
            "cash": 1.74,
            "stock": 1.12,
            "eps": 4.84
        },
        "2014": {
            "cash": 5.5,
            "stock": 0,
            "eps": 8.47
        },
        "2015": {
            "cash": 6,
            "stock": 0,
            "eps": 12.54
        },
        "2016": {
            "cash": 9,
            "stock": 0,
            "eps": 14.01
        },
        "2017": {
            "cash": 10,
            "stock": 0,
            "eps": 14.82
        },
        "2018": {
            "cash": 8.88,
            "stock": 0,
            "eps": 14.44
        },
        "2019": {
            "cash": 7,
            "stock": 0,
            "eps": 13.11
        },
        "2020": {
            "cash": 4,
            "stock": 1,
            "eps": 12.64
        },
        "2021": {
            "cash": 5,
            "stock": 0,
            "eps": 13.65
        },
        "2022": {
            "cash": 7,
            "stock": 0,
            "eps": 32.57
        },
        "2023": {
            "cash": 15,
            "stock": 0,
            "eps": 15.8
        }
    },
    "dividends": {
        "2013-03-15": {
            "cash": 1.74,
            "stock": 1.12
        },
        "2014-04-29": {
            "cash": 5.5,
            "stock": 0
        },
        "2015-06-30": {
            "cash": 6,
            "stock": 0
        },
        "2016-07-19": {
            "cash": 9,
            "stock": 0
        },
        "2017-07-10": {
            "cash": 10,
            "stock": 0
        },
        "2018-09-03": {
            "cash": 8.88,
            "stock": 0
        },
        "2019-09-02": {
            "cash": 7,
            "stock": 0
        },
        "2020-10-07": {
            "cash": 4,
            "stock": 1
        },
        "2021-10-29": {
            "cash": 5,
            "stock": 0
        },
        "2022-08-25": {
            "cash": 7,
            "stock": 0
        },
        "2023-08-28": {
            "cash": 15,
            "stock": 0
        }
    },
    "prices": {
        "200101": "無",
        "200102": "無",
        "200103": "無",
        "200104": "無",
        "200105": "無",
        "200106": "無",
        "200107": "無",
        "200108": "無",
        "200109": "無",
        "200110": "無",
        "200111": "無",
        "200112": "無",
        "200201": "無",
        "200202": "無",
        "200203": "無",
        "200204": "無",
        "200205": "無",
        "200206": "無",
        "200207": "無",
        "200208": "無",
        "200209": "無",
        "200210": "無",
        "200211": "無",
        "200212": "無",
        "200301": "無",
        "200302": "無",
        "200303": "無",
        "200304": "無",
        "200305": "無",
        "200306": "無",
        "200307": "無",
        "200308": "無",
        "200309": "無",
        "200310": "無",
        "200311": "無",
        "200312": "無",
        "200401": "無",
        "200402": "無",
        "200403": "無",
        "200404": "無",
        "200405": "無",
        "200406": "無",
        "200407": "無",
        "200408": "無",
        "200409": "無",
        "200410": "無",
        "200411": "無",
        "200412": "無",
        "200501": "無",
        "200502": "無",
        "200503": "無",
        "200504": "無",
        "200505": "無",
        "200506": "無",
        "200507": "無",
        "200508": "無",
        "200509": "無",
        "200510": "無",
        "200511": "無",
        "200512": "無",
        "200601": "無",
        "200602": "無",
        "200603": "無",
        "200604": "無",
        "200605": "無",
        "200606": "無",
        "200607": "無",
        "200608": "無",
        "200609": "無",
        "200610": "無",
        "200611": "無",
        "200612": "無",
        "200701": "無",
        "200702": "無",
        "200703": "無",
        "200704": "無",
        "200705": "無",
        "200706": "無",
        "200707": "無",
        "200708": "無",
        "200709": "無",
        "200710": "無",
        "200711": "無",
        "200712": "無",
        "200801": "無",
        "200802": "無",
        "200803": "無",
        "200804": "無",
        "200805": "無",
        "200806": "無",
        "200807": "無",
        "200808": "無",
        "200809": "無",
        "200810": "無",
        "200811": "無",
        "200812": "無",
        "200901": "無",
        "200902": "無",
        "200903": "無",
        "200904": "無",
        "200905": "無",
        "200906": "無",
        "200907": "無",
        "200908": "無",
        "200909": "無",
        "200910": "無",
        "200911": "無",
        "200912": "無",
        "201001": "無",
        "201002": "無",
        "201003": "無",
        "201004": "無",
        "201005": "無",
        "201006": "無",
        "201007": "無",
        "201008": "無",
        "201009": "無",
        "201010": "無",
        "201011": "無",
        "201012": "無",
        "201101": "無",
        "201102": "無",
        "201103": "無",
        "201104": "無",
        "201105": "無",
        "201106": "無",
        "201107": "無",
        "201108": "無",
        "201109": "無",
        "201110": "無",
        "201111": "無",
        "201112": "無",
        "201201": "無",
        "201202": "無",
        "201203": "無",
        "201204": "無",
        "201205": "無",
        "201206": "無",
        "201207": "無",
        "201208": "無",
        "201209": "無",
        "201210": "無",
        "201211": "無",
        "201212": "50.53",
        "201301": "49.76",
        "201302": "59.88",
        "201303": "78.98",
        "201304": "75.48",
        "201305": "78.48",
        "201306": "80.94",
        "201307": "87.16",
        "201308": "106.63",
        "201309": "109.10",
        "201310": "123.76",
        "201311": "118.00",
        "201312": "130.86",
        "201401": "152.80",
        "201402": "154.74",
        "201403": "179.50",
        "201404": "176.17",
        "201405": "172.52",
        "201406": "197.88",
        "201407": "203.20",
        "201408": "215.29",
        "201409": "203.38",
        "201410": "186.39",
        "201411": "208.22",
        "201412": "239.92",
        "201501": "252.62",
        "201502": "251.58",
        "201503": "272.64",
        "201504": "284.28",
        "201505": "311.60",
        "201506": "354.81",
        "201507": "344.07",
        "201508": "288.93",
        "201509": "299.42",
        "201510": "345.14",
        "201511": "341.64",
        "201512": "364.80",
        "201601": "339.60",
        "201602": "366.08",
        "201603": "372.93",
        "201604": "425.21",
        "201605": "422.43",
        "201606": "441.69",
        "201607": "459.12",
        "201608": "481.24",
        "201609": "516.71",
        "201610": "510.13",
        "201611": "433.55",
        "201612": "428.39",
        "201701": "437.94",
        "201702": "492.78",
        "201703": "442.93",
        "201704": "328.92",
        "201705": "359.90",
        "201706": "381.15",
        "201707": "409.48",
        "201708": "446.43",
        "201709": "452.05",
        "201710": "430.89",
        "201711": "451.11",
        "201712": "460.48",
        "201801": "478.86",
        "201802": "476.35",
        "201803": "498.93",
        "201804": "482.36",
        "201805": "482.16",
        "201806": "453.90",
        "201807": "385.86",
        "201808": "326.72",
        "201809": "274.95",
        "201810": "231.43",
        "201811": "229.91",
        "201812": "257.02",
        "201901": "244.71",
        "201902": "265.27",
        "201903": "278.98",
        "201904": "276.90",
        "201905": "228.36",
        "201906": "218.97",
        "201907": "230.30",
        "201908": "214.90",
        "201909": "228.34",
        "201910": "218.05",
        "201911": "239.57",
        "201912": "251.95",
        "202001": "248.83",
        "202002": "228.84",
        "202003": "175.25",
        "202004": "173.52",
        "202005": "190.02",
        "202006": "229.75",
        "202007": "273.76",
        "202008": "293.50",
        "202009": "250.73",
        "202010": "236.79",
        "202011": "233.05",
        "202012": "248.57",
        "202101": "259.45",
        "202102": "257.69",
        "202103": "240.57",
        "202104": "238.08",
        "202105": "201.98",
        "202106": "212.29",
        "202107": "226.18",
        "202108": "208.11",
        "202109": "193.52",
        "202110": "181.58",
        "202111": "218.80",
        "202112": "232.82",
        "202201": "235.81",
        "202202": "212.90",
        "202203": "198.70",
        "202204": "203.53",
        "202205": "200.40",
        "202206": "209.76",
        "202207": "215.02",
        "202208": "227.13",
        "202209": "203.21",
        "202210": "187.85",
        "202211": "199.61",
        "202212": "205.02",
        "202301": "220.04",
        "202302": "230.22",
        "202303": "243.37",
        "202304": "253.41",
        "202305": "271.25",
        "202306": "276.85",
        "202307": "297.21",
        "202308": "268.23",
        "202309": "269.30",
        "202310": "256.95",
        "202311": "265.20",
        "202312": "270.76"
    },
    "quarters": {
        "20011": {
            "year_quarter": 20011,
            "year": 2001,
            "quarter": 1,
            "eps": null,
            "eps_growth_year": null,
            "eps_4q": null,
            "eps_4q_growth_year": null,
            "roe": null,
            "roe_4q": 0,
            "gross_profit": null,
            "gross_margin": null,
            "gross_margin_4q_avg": 0,
            "net_income": null,
            "net_income_4q": null,
            "revenue": null,
            "revenue_4q": null,
            "common_shares": null,
            "book_valuer_per_share": null,
            "book_valuer_per_share_4q_avg": 0,
            "equity": null,
            "current_ratio": null,
            "debt_ratio": null,
            "inventory_turnover_ratio": null,
            "account_receivable_turnover_ratio": null,
            "reinvestment_rate": null,
            "research_to_sale_ratio": null,
            "price_fair": 0,
            "eps_avg_yearly": 0,
            "eps_latest_yearly": 0,
            "eps_growth_yearly": 0
        },
        "20012": {
            "year_quarter": 20012,
            "year": 2001,
            "quarter": 2,
            "eps": null,
            "eps_growth_year": null,
            "eps_4q": null,
            "eps_4q_growth_year": null,
            "roe": null,
            "roe_4q": 0,
            "gross_profit": null,
            "gross_margin": null,
            "gross_margin_4q_avg": 0,
            "net_income": null,
            "net_income_4q": null,
            "revenue": null,
            "revenue_4q": null,
            "common_shares": null,
            "book_valuer_per_share": null,
            "book_valuer_per_share_4q_avg": 0,
            "equity": null,
            "current_ratio": null,
            "debt_ratio": null,
            "inventory_turnover_ratio": null,
            "account_receivable_turnover_ratio": null,
            "reinvestment_rate": null,
            "research_to_sale_ratio": null,
            "price_fair": 0,
            "eps_avg_yearly": 0,
            "eps_latest_yearly": 0,
            "eps_growth_yearly": 0
        },
        "20013": {
            "year_quarter": 20013,
            "year": 2001,
            "quarter": 3,
            "eps": null,
            "eps_growth_year": null,
            "eps_4q": null,
            "eps_4q_growth_year": null,
            "roe": null,
            "roe_4q": 0,
            "gross_profit": null,
            "gross_margin": null,
            "gross_margin_4q_avg": 0,
            "net_income": null,
            "net_income_4q": null,
            "revenue": null,
            "revenue_4q": null,
            "common_shares": null,
            "book_valuer_per_share": null,
            "book_valuer_per_share_4q_avg": 0,
            "equity": null,
            "current_ratio": null,
            "debt_ratio": null,
            "inventory_turnover_ratio": null,
            "account_receivable_turnover_ratio": null,
            "reinvestment_rate": null,
            "research_to_sale_ratio": null,
            "price_fair": 0,
            "eps_avg_yearly": 0,
            "eps_latest_yearly": 0,
            "eps_growth_yearly": 0
        },
        "20014": {
            "year_quarter": 20014,
            "year": 2001,
            "quarter": 4,
            "eps": null,
            "eps_growth_year": null,
            "eps_4q": null,
            "eps_4q_growth_year": null,
            "roe": null,
            "roe_4q": 0,
            "gross_profit": null,
            "gross_margin": null,
            "gross_margin_4q_avg": 0,
            "net_income": null,
            "net_income_4q": null,
            "revenue": null,
            "revenue_4q": null,
            "common_shares": null,
            "book_valuer_per_share": null,
            "book_valuer_per_share_4q_avg": 0,
            "equity": null,
            "current_ratio": null,
            "debt_ratio": null,
            "inventory_turnover_ratio": null,
            "account_receivable_turnover_ratio": null,
            "reinvestment_rate": null,
            "research_to_sale_ratio": null,
            "price_fair": 0,
            "eps_avg_yearly": 0,
            "eps_latest_yearly": 0,
            "eps_growth_yearly": 0
        },
        "20021": {
            "year_quarter": 20021,
            "year": 2002,
            "quarter": 1,
            "eps": null,
            "eps_growth_year": null,
            "eps_4q": null,
            "eps_4q_growth_year": null,
            "roe": null,
            "roe_4q": 0,
            "gross_profit": null,
            "gross_margin": null,
            "gross_margin_4q_avg": 0,
            "net_income": null,
            "net_income_4q": null,
            "revenue": null,
            "revenue_4q": null,
            "common_shares": null,
            "book_valuer_per_share": null,
            "book_valuer_per_share_4q_avg": 0,
            "equity": null,
            "current_ratio": null,
            "debt_ratio": null,
            "inventory_turnover_ratio": null,
            "account_receivable_turnover_ratio": null,
            "reinvestment_rate": null,
            "research_to_sale_ratio": null,
            "price_fair": 0,
            "eps_avg_yearly": 0,
            "eps_latest_yearly": 0,
            "eps_growth_yearly": 0
        },
        "20022": {
            "year_quarter": 20022,
            "year": 2002,
            "quarter": 2,
            "eps": null,
            "eps_growth_year": null,
            "eps_4q": null,
            "eps_4q_growth_year": null,
            "roe": null,
            "roe_4q": 0,
            "gross_profit": null,
            "gross_margin": null,
            "gross_margin_4q_avg": 0,
            "net_income": null,
            "net_income_4q": null,
            "revenue": null,
            "revenue_4q": null,
            "common_shares": null,
            "book_valuer_per_share": null,
            "book_valuer_per_share_4q_avg": 0,
            "equity": null,
            "current_ratio": null,
            "debt_ratio": null,
            "inventory_turnover_ratio": null,
            "account_receivable_turnover_ratio": null,
            "reinvestment_rate": null,
            "research_to_sale_ratio": null,
            "price_fair": 0,
            "eps_avg_yearly": 0,
            "eps_latest_yearly": 0,
            "eps_growth_yearly": 0
        },
        "20023": {
            "year_quarter": 20023,
            "year": 2002,
            "quarter": 3,
            "eps": null,
            "eps_growth_year": null,
            "eps_4q": null,
            "eps_4q_growth_year": null,
            "roe": null,
            "roe_4q": 0,
            "gross_profit": null,
            "gross_margin": null,
            "gross_margin_4q_avg": 0,
            "net_income": null,
            "net_income_4q": null,
            "revenue": null,
            "revenue_4q": null,
            "common_shares": null,
            "book_valuer_per_share": null,
            "book_valuer_per_share_4q_avg": 0,
            "equity": null,
            "current_ratio": null,
            "debt_ratio": null,
            "inventory_turnover_ratio": null,
            "account_receivable_turnover_ratio": null,
            "reinvestment_rate": null,
            "research_to_sale_ratio": null,
            "price_fair": 0,
            "eps_avg_yearly": 0,
            "eps_latest_yearly": 0,
            "eps_growth_yearly": 0
        },
        "20024": {
            "year_quarter": 20024,
            "year": 2002,
            "quarter": 4,
            "eps": null,
            "eps_growth_year": null,
            "eps_4q": null,
            "eps_4q_growth_year": null,
            "roe": null,
            "roe_4q": 0,
            "gross_profit": null,
            "gross_margin": null,
            "gross_margin_4q_avg": 0,
            "net_income": null,
            "net_income_4q": null,
            "revenue": null,
            "revenue_4q": null,
            "common_shares": null,
            "book_valuer_per_share": null,
            "book_valuer_per_share_4q_avg": 0,
            "equity": null,
            "current_ratio": null,
            "debt_ratio": null,
            "inventory_turnover_ratio": null,
            "account_receivable_turnover_ratio": null,
            "reinvestment_rate": null,
            "research_to_sale_ratio": null,
            "price_fair": 0,
            "eps_avg_yearly": 0,
            "eps_latest_yearly": 0,
            "eps_growth_yearly": 0
        },
        "20031": {
            "year_quarter": 20031,
            "year": 2003,
            "quarter": 1,
            "eps": null,
            "eps_growth_year": null,
            "eps_4q": null,
            "eps_4q_growth_year": null,
            "roe": null,
            "roe_4q": 0,
            "gross_profit": null,
            "gross_margin": null,
            "gross_margin_4q_avg": 0,
            "net_income": null,
            "net_income_4q": null,
            "revenue": null,
            "revenue_4q": null,
            "common_shares": null,
            "book_valuer_per_share": null,
            "book_valuer_per_share_4q_avg": 0,
            "equity": null,
            "current_ratio": null,
            "debt_ratio": null,
            "inventory_turnover_ratio": null,
            "account_receivable_turnover_ratio": null,
            "reinvestment_rate": null,
            "research_to_sale_ratio": null,
            "price_fair": 0,
            "eps_avg_yearly": 0,
            "eps_latest_yearly": 0,
            "eps_growth_yearly": 0
        },
        "20032": {
            "year_quarter": 20032,
            "year": 2003,
            "quarter": 2,
            "eps": null,
            "eps_growth_year": null,
            "eps_4q": null,
            "eps_4q_growth_year": null,
            "roe": null,
            "roe_4q": 0,
            "gross_profit": null,
            "gross_margin": null,
            "gross_margin_4q_avg": 0,
            "net_income": null,
            "net_income_4q": null,
            "revenue": null,
            "revenue_4q": null,
            "common_shares": null,
            "book_valuer_per_share": null,
            "book_valuer_per_share_4q_avg": 0,
            "equity": null,
            "current_ratio": null,
            "debt_ratio": null,
            "inventory_turnover_ratio": null,
            "account_receivable_turnover_ratio": null,
            "reinvestment_rate": null,
            "research_to_sale_ratio": null,
            "price_fair": 0,
            "eps_avg_yearly": 0,
            "eps_latest_yearly": 0,
            "eps_growth_yearly": 0
        },
        "20033": {
            "year_quarter": 20033,
            "year": 2003,
            "quarter": 3,
            "eps": null,
            "eps_growth_year": null,
            "eps_4q": null,
            "eps_4q_growth_year": null,
            "roe": null,
            "roe_4q": 0,
            "gross_profit": null,
            "gross_margin": null,
            "gross_margin_4q_avg": 0,
            "net_income": null,
            "net_income_4q": null,
            "revenue": null,
            "revenue_4q": null,
            "common_shares": null,
            "book_valuer_per_share": null,
            "book_valuer_per_share_4q_avg": 0,
            "equity": null,
            "current_ratio": null,
            "debt_ratio": null,
            "inventory_turnover_ratio": null,
            "account_receivable_turnover_ratio": null,
            "reinvestment_rate": null,
            "research_to_sale_ratio": null,
            "price_fair": 0,
            "eps_avg_yearly": 0,
            "eps_latest_yearly": 0,
            "eps_growth_yearly": 0
        },
        "20034": {
            "year_quarter": 20034,
            "year": 2003,
            "quarter": 4,
            "eps": null,
            "eps_growth_year": null,
            "eps_4q": null,
            "eps_4q_growth_year": null,
            "roe": null,
            "roe_4q": 0,
            "gross_profit": null,
            "gross_margin": null,
            "gross_margin_4q_avg": 0,
            "net_income": null,
            "net_income_4q": null,
            "revenue": null,
            "revenue_4q": null,
            "common_shares": null,
            "book_valuer_per_share": null,
            "book_valuer_per_share_4q_avg": 0,
            "equity": null,
            "current_ratio": null,
            "debt_ratio": null,
            "inventory_turnover_ratio": null,
            "account_receivable_turnover_ratio": null,
            "reinvestment_rate": null,
            "research_to_sale_ratio": null,
            "price_fair": 0,
            "eps_avg_yearly": 0,
            "eps_latest_yearly": 0,
            "eps_growth_yearly": 0
        },
        "20041": {
            "year_quarter": 20041,
            "year": 2004,
            "quarter": 1,
            "eps": null,
            "eps_growth_year": null,
            "eps_4q": null,
            "eps_4q_growth_year": null,
            "roe": null,
            "roe_4q": 0,
            "gross_profit": null,
            "gross_margin": null,
            "gross_margin_4q_avg": 0,
            "net_income": null,
            "net_income_4q": null,
            "revenue": null,
            "revenue_4q": null,
            "common_shares": null,
            "book_valuer_per_share": null,
            "book_valuer_per_share_4q_avg": 0,
            "equity": null,
            "current_ratio": null,
            "debt_ratio": null,
            "inventory_turnover_ratio": null,
            "account_receivable_turnover_ratio": null,
            "reinvestment_rate": null,
            "research_to_sale_ratio": null,
            "price_fair": 0,
            "eps_avg_yearly": 0,
            "eps_latest_yearly": 0,
            "eps_growth_yearly": 0
        },
        "20042": {
            "year_quarter": 20042,
            "year": 2004,
            "quarter": 2,
            "eps": null,
            "eps_growth_year": null,
            "eps_4q": null,
            "eps_4q_growth_year": null,
            "roe": null,
            "roe_4q": 0,
            "gross_profit": null,
            "gross_margin": null,
            "gross_margin_4q_avg": 0,
            "net_income": null,
            "net_income_4q": null,
            "revenue": null,
            "revenue_4q": null,
            "common_shares": null,
            "book_valuer_per_share": null,
            "book_valuer_per_share_4q_avg": 0,
            "equity": null,
            "current_ratio": null,
            "debt_ratio": null,
            "inventory_turnover_ratio": null,
            "account_receivable_turnover_ratio": null,
            "reinvestment_rate": null,
            "research_to_sale_ratio": null,
            "price_fair": 0,
            "eps_avg_yearly": 0,
            "eps_latest_yearly": 0,
            "eps_growth_yearly": 0
        },
        "20043": {
            "year_quarter": 20043,
            "year": 2004,
            "quarter": 3,
            "eps": null,
            "eps_growth_year": null,
            "eps_4q": null,
            "eps_4q_growth_year": null,
            "roe": null,
            "roe_4q": 0,
            "gross_profit": null,
            "gross_margin": null,
            "gross_margin_4q_avg": 0,
            "net_income": null,
            "net_income_4q": null,
            "revenue": null,
            "revenue_4q": null,
            "common_shares": null,
            "book_valuer_per_share": null,
            "book_valuer_per_share_4q_avg": 0,
            "equity": null,
            "current_ratio": null,
            "debt_ratio": null,
            "inventory_turnover_ratio": null,
            "account_receivable_turnover_ratio": null,
            "reinvestment_rate": null,
            "research_to_sale_ratio": null,
            "price_fair": 0,
            "eps_avg_yearly": 0,
            "eps_latest_yearly": 0,
            "eps_growth_yearly": 0
        },
        "20044": {
            "year_quarter": 20044,
            "year": 2004,
            "quarter": 4,
            "eps": null,
            "eps_growth_year": null,
            "eps_4q": null,
            "eps_4q_growth_year": null,
            "roe": null,
            "roe_4q": 0,
            "gross_profit": null,
            "gross_margin": null,
            "gross_margin_4q_avg": 0,
            "net_income": null,
            "net_income_4q": null,
            "revenue": null,
            "revenue_4q": null,
            "common_shares": null,
            "book_valuer_per_share": null,
            "book_valuer_per_share_4q_avg": 0,
            "equity": null,
            "current_ratio": null,
            "debt_ratio": null,
            "inventory_turnover_ratio": null,
            "account_receivable_turnover_ratio": null,
            "reinvestment_rate": null,
            "research_to_sale_ratio": null,
            "price_fair": 0,
            "eps_avg_yearly": 0,
            "eps_latest_yearly": 0,
            "eps_growth_yearly": 0
        },
        "20051": {
            "year_quarter": 20051,
            "year": 2005,
            "quarter": 1,
            "eps": null,
            "eps_growth_year": null,
            "eps_4q": null,
            "eps_4q_growth_year": null,
            "roe": null,
            "roe_4q": 0,
            "gross_profit": null,
            "gross_margin": null,
            "gross_margin_4q_avg": 0,
            "net_income": null,
            "net_income_4q": null,
            "revenue": null,
            "revenue_4q": null,
            "common_shares": null,
            "book_valuer_per_share": null,
            "book_valuer_per_share_4q_avg": 0,
            "equity": null,
            "current_ratio": null,
            "debt_ratio": null,
            "inventory_turnover_ratio": null,
            "account_receivable_turnover_ratio": null,
            "reinvestment_rate": null,
            "research_to_sale_ratio": null,
            "price_fair": 0,
            "eps_avg_yearly": 0,
            "eps_latest_yearly": 0,
            "eps_growth_yearly": 0
        },
        "20052": {
            "year_quarter": 20052,
            "year": 2005,
            "quarter": 2,
            "eps": null,
            "eps_growth_year": null,
            "eps_4q": null,
            "eps_4q_growth_year": null,
            "roe": null,
            "roe_4q": 0,
            "gross_profit": null,
            "gross_margin": null,
            "gross_margin_4q_avg": 0,
            "net_income": null,
            "net_income_4q": null,
            "revenue": null,
            "revenue_4q": null,
            "common_shares": null,
            "book_valuer_per_share": null,
            "book_valuer_per_share_4q_avg": 0,
            "equity": null,
            "current_ratio": null,
            "debt_ratio": null,
            "inventory_turnover_ratio": null,
            "account_receivable_turnover_ratio": null,
            "reinvestment_rate": null,
            "research_to_sale_ratio": null,
            "price_fair": 0,
            "eps_avg_yearly": 0,
            "eps_latest_yearly": 0,
            "eps_growth_yearly": 0
        },
        "20053": {
            "year_quarter": 20053,
            "year": 2005,
            "quarter": 3,
            "eps": null,
            "eps_growth_year": null,
            "eps_4q": null,
            "eps_4q_growth_year": null,
            "roe": null,
            "roe_4q": 0,
            "gross_profit": null,
            "gross_margin": null,
            "gross_margin_4q_avg": 0,
            "net_income": null,
            "net_income_4q": null,
            "revenue": null,
            "revenue_4q": null,
            "common_shares": null,
            "book_valuer_per_share": null,
            "book_valuer_per_share_4q_avg": 0,
            "equity": null,
            "current_ratio": null,
            "debt_ratio": null,
            "inventory_turnover_ratio": null,
            "account_receivable_turnover_ratio": null,
            "reinvestment_rate": null,
            "research_to_sale_ratio": null,
            "price_fair": 0,
            "eps_avg_yearly": 0,
            "eps_latest_yearly": 0,
            "eps_growth_yearly": 0
        },
        "20054": {
            "year_quarter": 20054,
            "year": 2005,
            "quarter": 4,
            "eps": null,
            "eps_growth_year": null,
            "eps_4q": null,
            "eps_4q_growth_year": null,
            "roe": null,
            "roe_4q": 0,
            "gross_profit": null,
            "gross_margin": null,
            "gross_margin_4q_avg": 0,
            "net_income": null,
            "net_income_4q": null,
            "revenue": null,
            "revenue_4q": null,
            "common_shares": null,
            "book_valuer_per_share": null,
            "book_valuer_per_share_4q_avg": 0,
            "equity": null,
            "current_ratio": null,
            "debt_ratio": null,
            "inventory_turnover_ratio": null,
            "account_receivable_turnover_ratio": null,
            "reinvestment_rate": null,
            "research_to_sale_ratio": null,
            "price_fair": 0,
            "eps_avg_yearly": 0,
            "eps_latest_yearly": 0,
            "eps_growth_yearly": 0
        },
        "20061": {
            "year_quarter": 20061,
            "year": 2006,
            "quarter": 1,
            "eps": null,
            "eps_growth_year": null,
            "eps_4q": null,
            "eps_4q_growth_year": null,
            "roe": null,
            "roe_4q": 0,
            "gross_profit": null,
            "gross_margin": null,
            "gross_margin_4q_avg": 0,
            "net_income": null,
            "net_income_4q": null,
            "revenue": null,
            "revenue_4q": null,
            "common_shares": null,
            "book_valuer_per_share": null,
            "book_valuer_per_share_4q_avg": 0,
            "equity": null,
            "current_ratio": null,
            "debt_ratio": null,
            "inventory_turnover_ratio": null,
            "account_receivable_turnover_ratio": null,
            "reinvestment_rate": null,
            "research_to_sale_ratio": null,
            "price_fair": 0,
            "eps_avg_yearly": 0,
            "eps_latest_yearly": 0,
            "eps_growth_yearly": 0
        },
        "20062": {
            "year_quarter": 20062,
            "year": 2006,
            "quarter": 2,
            "eps": null,
            "eps_growth_year": null,
            "eps_4q": null,
            "eps_4q_growth_year": null,
            "roe": null,
            "roe_4q": 0,
            "gross_profit": null,
            "gross_margin": null,
            "gross_margin_4q_avg": 0,
            "net_income": null,
            "net_income_4q": null,
            "revenue": null,
            "revenue_4q": null,
            "common_shares": null,
            "book_valuer_per_share": null,
            "book_valuer_per_share_4q_avg": 0,
            "equity": null,
            "current_ratio": null,
            "debt_ratio": null,
            "inventory_turnover_ratio": null,
            "account_receivable_turnover_ratio": null,
            "reinvestment_rate": null,
            "research_to_sale_ratio": null,
            "price_fair": 0,
            "eps_avg_yearly": 0,
            "eps_latest_yearly": 0,
            "eps_growth_yearly": 0
        },
        "20063": {
            "year_quarter": 20063,
            "year": 2006,
            "quarter": 3,
            "eps": null,
            "eps_growth_year": null,
            "eps_4q": null,
            "eps_4q_growth_year": null,
            "roe": null,
            "roe_4q": 0,
            "gross_profit": null,
            "gross_margin": null,
            "gross_margin_4q_avg": 0,
            "net_income": null,
            "net_income_4q": null,
            "revenue": null,
            "revenue_4q": null,
            "common_shares": null,
            "book_valuer_per_share": null,
            "book_valuer_per_share_4q_avg": 0,
            "equity": null,
            "current_ratio": null,
            "debt_ratio": null,
            "inventory_turnover_ratio": null,
            "account_receivable_turnover_ratio": null,
            "reinvestment_rate": null,
            "research_to_sale_ratio": null,
            "price_fair": 0,
            "eps_avg_yearly": 0,
            "eps_latest_yearly": 0,
            "eps_growth_yearly": 0
        },
        "20064": {
            "year_quarter": 20064,
            "year": 2006,
            "quarter": 4,
            "eps": null,
            "eps_growth_year": null,
            "eps_4q": null,
            "eps_4q_growth_year": null,
            "roe": null,
            "roe_4q": 0,
            "gross_profit": null,
            "gross_margin": null,
            "gross_margin_4q_avg": 0,
            "net_income": null,
            "net_income_4q": null,
            "revenue": null,
            "revenue_4q": null,
            "common_shares": null,
            "book_valuer_per_share": null,
            "book_valuer_per_share_4q_avg": 0,
            "equity": null,
            "current_ratio": null,
            "debt_ratio": null,
            "inventory_turnover_ratio": null,
            "account_receivable_turnover_ratio": null,
            "reinvestment_rate": null,
            "research_to_sale_ratio": null,
            "price_fair": 0,
            "eps_avg_yearly": 0,
            "eps_latest_yearly": 0,
            "eps_growth_yearly": 0
        },
        "20071": {
            "year_quarter": 20071,
            "year": 2007,
            "quarter": 1,
            "eps": null,
            "eps_growth_year": null,
            "eps_4q": null,
            "eps_4q_growth_year": null,
            "roe": null,
            "roe_4q": 0,
            "gross_profit": null,
            "gross_margin": null,
            "gross_margin_4q_avg": 0,
            "net_income": null,
            "net_income_4q": null,
            "revenue": null,
            "revenue_4q": null,
            "common_shares": null,
            "book_valuer_per_share": null,
            "book_valuer_per_share_4q_avg": 0,
            "equity": null,
            "current_ratio": null,
            "debt_ratio": null,
            "inventory_turnover_ratio": null,
            "account_receivable_turnover_ratio": null,
            "reinvestment_rate": null,
            "research_to_sale_ratio": null,
            "price_fair": 0,
            "eps_avg_yearly": 0,
            "eps_latest_yearly": 0,
            "eps_growth_yearly": 0
        },
        "20072": {
            "year_quarter": 20072,
            "year": 2007,
            "quarter": 2,
            "eps": null,
            "eps_growth_year": null,
            "eps_4q": null,
            "eps_4q_growth_year": null,
            "roe": null,
            "roe_4q": 0,
            "gross_profit": null,
            "gross_margin": null,
            "gross_margin_4q_avg": 0,
            "net_income": null,
            "net_income_4q": null,
            "revenue": null,
            "revenue_4q": null,
            "common_shares": null,
            "book_valuer_per_share": null,
            "book_valuer_per_share_4q_avg": 0,
            "equity": null,
            "current_ratio": null,
            "debt_ratio": null,
            "inventory_turnover_ratio": null,
            "account_receivable_turnover_ratio": null,
            "reinvestment_rate": null,
            "research_to_sale_ratio": null,
            "price_fair": 0,
            "eps_avg_yearly": 0,
            "eps_latest_yearly": 0,
            "eps_growth_yearly": 0
        },
        "20073": {
            "year_quarter": 20073,
            "year": 2007,
            "quarter": 3,
            "eps": null,
            "eps_growth_year": null,
            "eps_4q": null,
            "eps_4q_growth_year": null,
            "roe": null,
            "roe_4q": 0,
            "gross_profit": null,
            "gross_margin": null,
            "gross_margin_4q_avg": 0,
            "net_income": null,
            "net_income_4q": null,
            "revenue": null,
            "revenue_4q": null,
            "common_shares": null,
            "book_valuer_per_share": null,
            "book_valuer_per_share_4q_avg": 0,
            "equity": null,
            "current_ratio": null,
            "debt_ratio": null,
            "inventory_turnover_ratio": null,
            "account_receivable_turnover_ratio": null,
            "reinvestment_rate": null,
            "research_to_sale_ratio": null,
            "price_fair": 0,
            "eps_avg_yearly": 0,
            "eps_latest_yearly": 0,
            "eps_growth_yearly": 0
        },
        "20074": {
            "year_quarter": 20074,
            "year": 2007,
            "quarter": 4,
            "eps": null,
            "eps_growth_year": null,
            "eps_4q": null,
            "eps_4q_growth_year": null,
            "roe": null,
            "roe_4q": 0,
            "gross_profit": null,
            "gross_margin": null,
            "gross_margin_4q_avg": 0,
            "net_income": null,
            "net_income_4q": null,
            "revenue": null,
            "revenue_4q": null,
            "common_shares": null,
            "book_valuer_per_share": null,
            "book_valuer_per_share_4q_avg": 0,
            "equity": null,
            "current_ratio": null,
            "debt_ratio": null,
            "inventory_turnover_ratio": null,
            "account_receivable_turnover_ratio": null,
            "reinvestment_rate": null,
            "research_to_sale_ratio": null,
            "price_fair": 0,
            "eps_avg_yearly": 0,
            "eps_latest_yearly": 0,
            "eps_growth_yearly": 0
        },
        "20081": {
            "year_quarter": 20081,
            "year": 2008,
            "quarter": 1,
            "eps": null,
            "eps_growth_year": null,
            "eps_4q": null,
            "eps_4q_growth_year": null,
            "roe": null,
            "roe_4q": 0,
            "gross_profit": null,
            "gross_margin": null,
            "gross_margin_4q_avg": 0,
            "net_income": null,
            "net_income_4q": null,
            "revenue": null,
            "revenue_4q": null,
            "common_shares": null,
            "book_valuer_per_share": null,
            "book_valuer_per_share_4q_avg": 0,
            "equity": null,
            "current_ratio": null,
            "debt_ratio": null,
            "inventory_turnover_ratio": null,
            "account_receivable_turnover_ratio": null,
            "reinvestment_rate": null,
            "research_to_sale_ratio": null,
            "price_fair": 0,
            "eps_avg_yearly": 0,
            "eps_latest_yearly": 0,
            "eps_growth_yearly": 0
        },
        "20082": {
            "year_quarter": 20082,
            "year": 2008,
            "quarter": 2,
            "eps": null,
            "eps_growth_year": null,
            "eps_4q": null,
            "eps_4q_growth_year": null,
            "roe": null,
            "roe_4q": 0,
            "gross_profit": null,
            "gross_margin": null,
            "gross_margin_4q_avg": 0,
            "net_income": null,
            "net_income_4q": null,
            "revenue": null,
            "revenue_4q": null,
            "common_shares": null,
            "book_valuer_per_share": null,
            "book_valuer_per_share_4q_avg": 0,
            "equity": null,
            "current_ratio": null,
            "debt_ratio": null,
            "inventory_turnover_ratio": null,
            "account_receivable_turnover_ratio": null,
            "reinvestment_rate": null,
            "research_to_sale_ratio": null,
            "price_fair": 0,
            "eps_avg_yearly": 0,
            "eps_latest_yearly": 0,
            "eps_growth_yearly": 0
        },
        "20083": {
            "year_quarter": 20083,
            "year": 2008,
            "quarter": 3,
            "eps": null,
            "eps_growth_year": null,
            "eps_4q": null,
            "eps_4q_growth_year": null,
            "roe": null,
            "roe_4q": 0,
            "gross_profit": null,
            "gross_margin": null,
            "gross_margin_4q_avg": 0,
            "net_income": null,
            "net_income_4q": null,
            "revenue": null,
            "revenue_4q": null,
            "common_shares": null,
            "book_valuer_per_share": null,
            "book_valuer_per_share_4q_avg": 0,
            "equity": null,
            "current_ratio": null,
            "debt_ratio": null,
            "inventory_turnover_ratio": null,
            "account_receivable_turnover_ratio": null,
            "reinvestment_rate": null,
            "research_to_sale_ratio": null,
            "price_fair": 0,
            "eps_avg_yearly": 0,
            "eps_latest_yearly": 0,
            "eps_growth_yearly": 0
        },
        "20084": {
            "year_quarter": 20084,
            "year": 2008,
            "quarter": 4,
            "eps": null,
            "eps_growth_year": null,
            "eps_4q": null,
            "eps_4q_growth_year": null,
            "roe": null,
            "roe_4q": 0,
            "gross_profit": null,
            "gross_margin": null,
            "gross_margin_4q_avg": 0,
            "net_income": null,
            "net_income_4q": null,
            "revenue": null,
            "revenue_4q": null,
            "common_shares": null,
            "book_valuer_per_share": null,
            "book_valuer_per_share_4q_avg": 0,
            "equity": null,
            "current_ratio": null,
            "debt_ratio": null,
            "inventory_turnover_ratio": null,
            "account_receivable_turnover_ratio": null,
            "reinvestment_rate": null,
            "research_to_sale_ratio": null,
            "price_fair": 0,
            "eps_avg_yearly": 0,
            "eps_latest_yearly": 0,
            "eps_growth_yearly": 0
        },
        "20091": {
            "year_quarter": 20091,
            "year": 2009,
            "quarter": 1,
            "eps": null,
            "eps_growth_year": null,
            "eps_4q": null,
            "eps_4q_growth_year": null,
            "roe": null,
            "roe_4q": 0,
            "gross_profit": null,
            "gross_margin": null,
            "gross_margin_4q_avg": 0,
            "net_income": null,
            "net_income_4q": null,
            "revenue": null,
            "revenue_4q": null,
            "common_shares": null,
            "book_valuer_per_share": null,
            "book_valuer_per_share_4q_avg": 0,
            "equity": null,
            "current_ratio": null,
            "debt_ratio": null,
            "inventory_turnover_ratio": null,
            "account_receivable_turnover_ratio": null,
            "reinvestment_rate": null,
            "research_to_sale_ratio": null,
            "price_fair": 0,
            "eps_avg_yearly": 0,
            "eps_latest_yearly": 0,
            "eps_growth_yearly": 0
        },
        "20092": {
            "year_quarter": 20092,
            "year": 2009,
            "quarter": 2,
            "eps": null,
            "eps_growth_year": null,
            "eps_4q": null,
            "eps_4q_growth_year": null,
            "roe": null,
            "roe_4q": 0,
            "gross_profit": null,
            "gross_margin": null,
            "gross_margin_4q_avg": 0,
            "net_income": null,
            "net_income_4q": null,
            "revenue": null,
            "revenue_4q": null,
            "common_shares": null,
            "book_valuer_per_share": null,
            "book_valuer_per_share_4q_avg": 0,
            "equity": null,
            "current_ratio": null,
            "debt_ratio": null,
            "inventory_turnover_ratio": null,
            "account_receivable_turnover_ratio": null,
            "reinvestment_rate": null,
            "research_to_sale_ratio": null,
            "price_fair": 0,
            "eps_avg_yearly": 0,
            "eps_latest_yearly": 0,
            "eps_growth_yearly": 0
        },
        "20093": {
            "year_quarter": 20093,
            "year": 2009,
            "quarter": 3,
            "eps": null,
            "eps_growth_year": null,
            "eps_4q": null,
            "eps_4q_growth_year": null,
            "roe": null,
            "roe_4q": 0,
            "gross_profit": null,
            "gross_margin": null,
            "gross_margin_4q_avg": 0,
            "net_income": null,
            "net_income_4q": null,
            "revenue": null,
            "revenue_4q": null,
            "common_shares": null,
            "book_valuer_per_share": null,
            "book_valuer_per_share_4q_avg": 0,
            "equity": null,
            "current_ratio": null,
            "debt_ratio": null,
            "inventory_turnover_ratio": null,
            "account_receivable_turnover_ratio": null,
            "reinvestment_rate": null,
            "research_to_sale_ratio": null,
            "price_fair": 0,
            "eps_avg_yearly": 0,
            "eps_latest_yearly": 0,
            "eps_growth_yearly": 0
        },
        "20094": {
            "year_quarter": 20094,
            "year": 2009,
            "quarter": 4,
            "eps": null,
            "eps_growth_year": null,
            "eps_4q": null,
            "eps_4q_growth_year": null,
            "roe": null,
            "roe_4q": 0,
            "gross_profit": null,
            "gross_margin": null,
            "gross_margin_4q_avg": 0,
            "net_income": null,
            "net_income_4q": null,
            "revenue": null,
            "revenue_4q": null,
            "common_shares": 416751,
            "book_valuer_per_share": 13.58,
            "book_valuer_per_share_4q_avg": 3.4,
            "equity": 565758,
            "current_ratio": 345.96,
            "debt_ratio": 28.39,
            "inventory_turnover_ratio": null,
            "account_receivable_turnover_ratio": null,
            "reinvestment_rate": null,
            "research_to_sale_ratio": null,
            "price_fair": 0,
            "eps_avg_yearly": 0,
            "eps_latest_yearly": 0,
            "eps_growth_yearly": 0
        },
        "20101": {
            "year_quarter": 20101,
            "year": 2010,
            "quarter": 1,
            "eps": null,
            "eps_growth_year": null,
            "eps_4q": null,
            "eps_4q_growth_year": null,
            "roe": null,
            "roe_4q": 0,
            "gross_profit": null,
            "gross_margin": null,
            "gross_margin_4q_avg": 0,
            "net_income": null,
            "net_income_4q": null,
            "revenue": null,
            "revenue_4q": null,
            "common_shares": null,
            "book_valuer_per_share": null,
            "book_valuer_per_share_4q_avg": 3.4,
            "equity": null,
            "current_ratio": null,
            "debt_ratio": null,
            "inventory_turnover_ratio": null,
            "account_receivable_turnover_ratio": null,
            "reinvestment_rate": null,
            "research_to_sale_ratio": null,
            "price_fair": 0,
            "eps_avg_yearly": 0,
            "eps_latest_yearly": 0,
            "eps_growth_yearly": 0
        },
        "20102": {
            "year_quarter": 20102,
            "year": 2010,
            "quarter": 2,
            "eps": null,
            "eps_growth_year": null,
            "eps_4q": null,
            "eps_4q_growth_year": null,
            "roe": null,
            "roe_4q": 0,
            "gross_profit": null,
            "gross_margin": null,
            "gross_margin_4q_avg": 0,
            "net_income": null,
            "net_income_4q": null,
            "revenue": null,
            "revenue_4q": null,
            "common_shares": null,
            "book_valuer_per_share": null,
            "book_valuer_per_share_4q_avg": 3.4,
            "equity": null,
            "current_ratio": null,
            "debt_ratio": null,
            "inventory_turnover_ratio": null,
            "account_receivable_turnover_ratio": null,
            "reinvestment_rate": null,
            "research_to_sale_ratio": null,
            "price_fair": 0,
            "eps_avg_yearly": 0,
            "eps_latest_yearly": 0,
            "eps_growth_yearly": 0
        },
        "20103": {
            "year_quarter": 20103,
            "year": 2010,
            "quarter": 3,
            "eps": null,
            "eps_growth_year": null,
            "eps_4q": null,
            "eps_4q_growth_year": null,
            "roe": null,
            "roe_4q": 0,
            "gross_profit": null,
            "gross_margin": null,
            "gross_margin_4q_avg": 0,
            "net_income": null,
            "net_income_4q": null,
            "revenue": null,
            "revenue_4q": null,
            "common_shares": null,
            "book_valuer_per_share": null,
            "book_valuer_per_share_4q_avg": 3.4,
            "equity": null,
            "current_ratio": null,
            "debt_ratio": null,
            "inventory_turnover_ratio": null,
            "account_receivable_turnover_ratio": null,
            "reinvestment_rate": null,
            "research_to_sale_ratio": null,
            "price_fair": 0,
            "eps_avg_yearly": 0,
            "eps_latest_yearly": 0,
            "eps_growth_yearly": 0
        },
        "20104": {
            "year_quarter": 20104,
            "year": 2010,
            "quarter": 4,
            "eps": null,
            "eps_growth_year": null,
            "eps_4q": null,
            "eps_4q_growth_year": null,
            "roe": null,
            "roe_4q": 0,
            "gross_profit": null,
            "gross_margin": null,
            "gross_margin_4q_avg": 0,
            "net_income": null,
            "net_income_4q": null,
            "revenue": null,
            "revenue_4q": null,
            "common_shares": 461853,
            "book_valuer_per_share": 14.24,
            "book_valuer_per_share_4q_avg": 3.56,
            "equity": 657753,
            "current_ratio": 355.36,
            "debt_ratio": 27.72,
            "inventory_turnover_ratio": null,
            "account_receivable_turnover_ratio": null,
            "reinvestment_rate": null,
            "research_to_sale_ratio": null,
            "price_fair": 0,
            "eps_avg_yearly": 0,
            "eps_latest_yearly": 0,
            "eps_growth_yearly": 0
        },
        "20111": {
            "year_quarter": 20111,
            "year": 2011,
            "quarter": 1,
            "eps": null,
            "eps_growth_year": null,
            "eps_4q": null,
            "eps_4q_growth_year": null,
            "roe": null,
            "roe_4q": 0,
            "gross_profit": null,
            "gross_margin": null,
            "gross_margin_4q_avg": 0,
            "net_income": null,
            "net_income_4q": null,
            "revenue": null,
            "revenue_4q": null,
            "common_shares": null,
            "book_valuer_per_share": null,
            "book_valuer_per_share_4q_avg": 3.56,
            "equity": null,
            "current_ratio": null,
            "debt_ratio": null,
            "inventory_turnover_ratio": null,
            "account_receivable_turnover_ratio": null,
            "reinvestment_rate": null,
            "research_to_sale_ratio": null,
            "price_fair": 0,
            "eps_avg_yearly": 0,
            "eps_latest_yearly": 0,
            "eps_growth_yearly": 0
        },
        "20112": {
            "year_quarter": 20112,
            "year": 2011,
            "quarter": 2,
            "eps": null,
            "eps_growth_year": null,
            "eps_4q": null,
            "eps_4q_growth_year": null,
            "roe": null,
            "roe_4q": 0,
            "gross_profit": null,
            "gross_margin": null,
            "gross_margin_4q_avg": 0,
            "net_income": null,
            "net_income_4q": null,
            "revenue": null,
            "revenue_4q": null,
            "common_shares": 461853,
            "book_valuer_per_share": null,
            "book_valuer_per_share_4q_avg": 3.56,
            "equity": 617872,
            "current_ratio": null,
            "debt_ratio": null,
            "inventory_turnover_ratio": null,
            "account_receivable_turnover_ratio": null,
            "reinvestment_rate": null,
            "research_to_sale_ratio": null,
            "price_fair": 0,
            "eps_avg_yearly": 0,
            "eps_latest_yearly": 0,
            "eps_growth_yearly": 0
        },
        "20113": {
            "year_quarter": 20113,
            "year": 2011,
            "quarter": 3,
            "eps": null,
            "eps_growth_year": null,
            "eps_4q": null,
            "eps_4q_growth_year": null,
            "roe": null,
            "roe_4q": 0,
            "gross_profit": null,
            "gross_margin": null,
            "gross_margin_4q_avg": 0,
            "net_income": null,
            "net_income_4q": null,
            "revenue": null,
            "revenue_4q": null,
            "common_shares": null,
            "book_valuer_per_share": null,
            "book_valuer_per_share_4q_avg": 3.56,
            "equity": null,
            "current_ratio": null,
            "debt_ratio": null,
            "inventory_turnover_ratio": null,
            "account_receivable_turnover_ratio": null,
            "reinvestment_rate": null,
            "research_to_sale_ratio": null,
            "price_fair": 0,
            "eps_avg_yearly": 0,
            "eps_latest_yearly": 0,
            "eps_growth_yearly": 0
        },
        "20114": {
            "year_quarter": 20114,
            "year": 2011,
            "quarter": 4,
            "eps": null,
            "eps_growth_year": null,
            "eps_4q": null,
            "eps_4q_growth_year": null,
            "roe": null,
            "roe_4q": 0,
            "gross_profit": null,
            "gross_margin": null,
            "gross_margin_4q_avg": 0,
            "net_income": null,
            "net_income_4q": null,
            "revenue": null,
            "revenue_4q": null,
            "common_shares": 474098,
            "book_valuer_per_share": 13.96,
            "book_valuer_per_share_4q_avg": 3.49,
            "equity": 661681,
            "current_ratio": 308.96,
            "debt_ratio": 32.1,
            "inventory_turnover_ratio": null,
            "account_receivable_turnover_ratio": null,
            "reinvestment_rate": null,
            "research_to_sale_ratio": null,
            "price_fair": 0,
            "eps_avg_yearly": 0,
            "eps_latest_yearly": 0,
            "eps_growth_yearly": 0
        },
        "20121": {
            "year_quarter": 20121,
            "year": 2012,
            "quarter": 1,
            "eps": null,
            "eps_growth_year": null,
            "eps_4q": null,
            "eps_4q_growth_year": null,
            "roe": null,
            "roe_4q": 0,
            "gross_profit": null,
            "gross_margin": null,
            "gross_margin_4q_avg": 0,
            "net_income": null,
            "net_income_4q": null,
            "revenue": null,
            "revenue_4q": null,
            "common_shares": null,
            "book_valuer_per_share": null,
            "book_valuer_per_share_4q_avg": 3.49,
            "equity": null,
            "current_ratio": null,
            "debt_ratio": null,
            "inventory_turnover_ratio": null,
            "account_receivable_turnover_ratio": null,
            "reinvestment_rate": null,
            "research_to_sale_ratio": null,
            "price_fair": 0,
            "eps_avg_yearly": 0,
            "eps_latest_yearly": 0,
            "eps_growth_yearly": 0
        },
        "20122": {
            "year_quarter": 20122,
            "year": 2012,
            "quarter": 2,
            "eps": null,
            "eps_growth_year": null,
            "eps_4q": null,
            "eps_4q_growth_year": null,
            "roe": null,
            "roe_4q": 0,
            "gross_profit": null,
            "gross_margin": null,
            "gross_margin_4q_avg": 0,
            "net_income": null,
            "net_income_4q": null,
            "revenue": null,
            "revenue_4q": null,
            "common_shares": 474098,
            "book_valuer_per_share": 13.73,
            "book_valuer_per_share_4q_avg": 6.92,
            "equity": 651005,
            "current_ratio": 241.8,
            "debt_ratio": 40.71,
            "inventory_turnover_ratio": null,
            "account_receivable_turnover_ratio": null,
            "reinvestment_rate": null,
            "research_to_sale_ratio": null,
            "price_fair": 0,
            "eps_avg_yearly": 0,
            "eps_latest_yearly": 0,
            "eps_growth_yearly": 0
        },
        "20123": {
            "year_quarter": 20123,
            "year": 2012,
            "quarter": 3,
            "eps": null,
            "eps_growth_year": null,
            "eps_4q": null,
            "eps_4q_growth_year": null,
            "roe": null,
            "roe_4q": 0,
            "gross_profit": 131151,
            "gross_margin": null,
            "gross_margin_4q_avg": 0,
            "net_income": 55266,
            "net_income_4q": null,
            "revenue": 692358,
            "revenue_4q": null,
            "common_shares": 539460,
            "book_valuer_per_share": null,
            "book_valuer_per_share_4q_avg": 6.92,
            "equity": 832120,
            "current_ratio": null,
            "debt_ratio": null,
            "inventory_turnover_ratio": null,
            "account_receivable_turnover_ratio": null,
            "reinvestment_rate": null,
            "research_to_sale_ratio": null,
            "price_fair": 0,
            "eps_avg_yearly": 0,
            "eps_latest_yearly": 0,
            "eps_growth_yearly": 0
        },
        "20124": {
            "year_quarter": 20124,
            "year": 2012,
            "quarter": 4,
            "eps": null,
            "eps_growth_year": null,
            "eps_4q": null,
            "eps_4q_growth_year": null,
            "roe": null,
            "roe_4q": 0,
            "gross_profit": 130546,
            "gross_margin": null,
            "gross_margin_4q_avg": 0,
            "net_income": 55269,
            "net_income_4q": null,
            "revenue": 773171,
            "revenue_4q": null,
            "common_shares": 539460,
            "book_valuer_per_share": 16.42,
            "book_valuer_per_share_4q_avg": 7.54,
            "equity": 886049,
            "current_ratio": 241.36,
            "debt_ratio": 40.99,
            "inventory_turnover_ratio": null,
            "account_receivable_turnover_ratio": null,
            "reinvestment_rate": null,
            "research_to_sale_ratio": null,
            "price_fair": 0,
            "eps_avg_yearly": 0,
            "eps_latest_yearly": 0,
            "eps_growth_yearly": 0
        },
        "20131": {
            "year_quarter": 20131,
            "year": 2013,
            "quarter": 1,
            "eps": null,
            "eps_growth_year": null,
            "eps_4q": null,
            "eps_4q_growth_year": null,
            "roe": null,
            "roe_4q": 0,
            "gross_profit": 142869,
            "gross_margin": null,
            "gross_margin_4q_avg": 0,
            "net_income": 80243,
            "net_income_4q": null,
            "revenue": 761417,
            "revenue_4q": null,
            "common_shares": 539460,
            "book_valuer_per_share": 17.9,
            "book_valuer_per_share_4q_avg": 12.01,
            "equity": 965485,
            "current_ratio": 279.93,
            "debt_ratio": 35.09,
            "inventory_turnover_ratio": null,
            "account_receivable_turnover_ratio": null,
            "reinvestment_rate": null,
            "research_to_sale_ratio": null,
            "price_fair": 0,
            "eps_avg_yearly": 0,
            "eps_latest_yearly": 0,
            "eps_growth_yearly": 0
        },
        "20132": {
            "year_quarter": 20132,
            "year": 2013,
            "quarter": 2,
            "eps": 1.78,
            "eps_growth_year": null,
            "eps_4q": 1.77,
            "eps_4q_growth_year": null,
            "roe": 10.87,
            "roe_4q": 10.87,
            "gross_profit": 178848,
            "gross_margin": 23.15,
            "gross_margin_4q_avg": 5.79,
            "net_income": 106705,
            "net_income_4q": null,
            "revenue": 772413,
            "revenue_4q": null,
            "common_shares": 539460,
            "book_valuer_per_share": 18.5,
            "book_valuer_per_share_4q_avg": 13.21,
            "equity": 997738,
            "current_ratio": 228.44,
            "debt_ratio": 42.93,
            "inventory_turnover_ratio": 5.8,
            "account_receivable_turnover_ratio": 2.82,
            "reinvestment_rate": null,
            "research_to_sale_ratio": 3.8,
            "price_fair": 0,
            "eps_avg_yearly": 0,
            "eps_latest_yearly": 0,
            "eps_growth_yearly": 0
        },
        "20133": {
            "year_quarter": 20133,
            "year": 2013,
            "quarter": 3,
            "eps": 1.53,
            "eps_growth_year": null,
            "eps_4q": 3.3,
            "eps_4q_growth_year": null,
            "roe": 8.86,
            "roe_4q": 19.729999999999997,
            "gross_profit": 182181,
            "gross_margin": 21.15,
            "gross_margin_4q_avg": 11.08,
            "net_income": 92487,
            "net_income_4q": null,
            "revenue": 861574,
            "revenue_4q": null,
            "common_shares": 604503,
            "book_valuer_per_share": 18.03,
            "book_valuer_per_share_4q_avg": 17.71,
            "equity": 1089922,
            "current_ratio": 265.42,
            "debt_ratio": 37.03,
            "inventory_turnover_ratio": 4.38,
            "account_receivable_turnover_ratio": 1.47,
            "reinvestment_rate": null,
            "research_to_sale_ratio": 3.08,
            "price_fair": 18.36,
            "eps_avg_yearly": 6.12,
            "eps_latest_yearly": 6.12,
            "eps_growth_yearly": -56.18
        },
        "20134": {
            "year_quarter": 20134,
            "year": 2013,
            "quarter": 4,
            "eps": 1.53,
            "eps_growth_year": null,
            "eps_4q": 4.82,
            "eps_4q_growth_year": null,
            "roe": 8.12,
            "roe_4q": 27.849999999999994,
            "gross_profit": 159256,
            "gross_margin": 22.73,
            "gross_margin_4q_avg": 16.76,
            "net_income": 92392,
            "net_income_4q": null,
            "revenue": 700565,
            "revenue_4q": null,
            "common_shares": 604503,
            "book_valuer_per_share": 19.62,
            "book_valuer_per_share_4q_avg": 18.51,
            "equity": 1185850,
            "current_ratio": 285.74,
            "debt_ratio": 34.41,
            "inventory_turnover_ratio": 2.61,
            "account_receivable_turnover_ratio": 1.24,
            "reinvestment_rate": null,
            "research_to_sale_ratio": 2.86,
            "price_fair": 18.36,
            "eps_avg_yearly": 6.12,
            "eps_latest_yearly": 6.12,
            "eps_growth_yearly": -28.09
        },
        "20141": {
            "year_quarter": 20141,
            "year": 2014,
            "quarter": 1,
            "eps": 1.34,
            "eps_growth_year": null,
            "eps_4q": 5.6,
            "eps_4q_growth_year": null,
            "roe": 5.03,
            "roe_4q": 32.879999999999995,
            "gross_profit": 148596,
            "gross_margin": 21.46,
            "gross_margin_4q_avg": 22.12,
            "net_income": 81215,
            "net_income_4q": null,
            "revenue": 692375,
            "revenue_4q": null,
            "common_shares": 665303,
            "book_valuer_per_share": 30.74,
            "book_valuer_per_share_4q_avg": 21.72,
            "equity": 2045189,
            "current_ratio": 443.2,
            "debt_ratio": 22.32,
            "inventory_turnover_ratio": 1.82,
            "account_receivable_turnover_ratio": 1.32,
            "reinvestment_rate": null,
            "research_to_sale_ratio": 3.74,
            "price_fair": 17.6,
            "eps_avg_yearly": 5.87,
            "eps_latest_yearly": 5.36,
            "eps_growth_yearly": -35.28
        },
        "20142": {
            "year_quarter": 20142,
            "year": 2014,
            "quarter": 2,
            "eps": 1.83,
            "eps_growth_year": 2.81,
            "eps_4q": 5.83,
            "eps_4q_growth_year": 230.16,
            "roe": 6.27,
            "roe_4q": 28.28,
            "gross_profit": 202551,
            "gross_margin": 21.19,
            "gross_margin_4q_avg": 21.63,
            "net_income": 121638,
            "net_income_4q": null,
            "revenue": 955745,
            "revenue_4q": null,
            "common_shares": 665303,
            "book_valuer_per_share": 27.56,
            "book_valuer_per_share_4q_avg": 23.99,
            "equity": 1833366,
            "current_ratio": 378.88,
            "debt_ratio": 26.06,
            "inventory_turnover_ratio": 1.74,
            "account_receivable_turnover_ratio": 1.49,
            "reinvestment_rate": null,
            "research_to_sale_ratio": 2.74,
            "price_fair": 125.25,
            "eps_avg_yearly": 6.23,
            "eps_latest_yearly": 7.32,
            "eps_growth_yearly": 10.1
        },
        "20143": {
            "year_quarter": 20143,
            "year": 2014,
            "quarter": 3,
            "eps": 2.18,
            "eps_growth_year": 42.48,
            "eps_4q": 6.62,
            "eps_4q_growth_year": 100.83,
            "roe": 7.52,
            "roe_4q": 26.939999999999998,
            "gross_profit": 231531,
            "gross_margin": 17.8,
            "gross_margin_4q_avg": 20.8,
            "net_income": 144548,
            "net_income_4q": null,
            "revenue": 1300908,
            "revenue_4q": null,
            "common_shares": 665303,
            "book_valuer_per_share": 29.78,
            "book_valuer_per_share_4q_avg": 26.93,
            "equity": 2012818,
            "current_ratio": 331.51,
            "debt_ratio": 28.99,
            "inventory_turnover_ratio": 2.22,
            "account_receivable_turnover_ratio": 1.47,
            "reinvestment_rate": null,
            "research_to_sale_ratio": 2.4,
            "price_fair": 224.61,
            "eps_avg_yearly": 6.73,
            "eps_latest_yearly": 8.72,
            "eps_growth_yearly": 23.38
        },
        "20144": {
            "year_quarter": 20144,
            "year": 2014,
            "quarter": 4,
            "eps": 3.12,
            "eps_growth_year": 104.13,
            "eps_4q": 8.19,
            "eps_4q_growth_year": 69.69,
            "roe": 8.39,
            "roe_4q": 27.21,
            "gross_profit": 359044,
            "gross_margin": 17.07,
            "gross_margin_4q_avg": 19.38,
            "net_income": 234944,
            "net_income_4q": null,
            "revenue": 2103052,
            "revenue_4q": null,
            "common_shares": 686803,
            "book_valuer_per_share": 35.16,
            "book_valuer_per_share_4q_avg": 30.81,
            "equity": 3585326,
            "current_ratio": 242.07,
            "debt_ratio": 31.54,
            "inventory_turnover_ratio": 2.38,
            "account_receivable_turnover_ratio": 1.39,
            "reinvestment_rate": null,
            "research_to_sale_ratio": 2.55,
            "price_fair": 269.03,
            "eps_avg_yearly": 7.69,
            "eps_latest_yearly": 12.48,
            "eps_growth_yearly": 48.23
        },
        "20151": {
            "year_quarter": 20151,
            "year": 2015,
            "quarter": 1,
            "eps": 2.53,
            "eps_growth_year": 88.81,
            "eps_4q": 9.53,
            "eps_4q_growth_year": 70.11,
            "roe": 5.64,
            "roe_4q": 27.82,
            "gross_profit": 432068,
            "gross_margin": 18.11,
            "gross_margin_4q_avg": 18.54,
            "net_income": 208031,
            "net_income_4q": null,
            "revenue": 2386265,
            "revenue_4q": null,
            "common_shares": 686803,
            "book_valuer_per_share": 37.69,
            "book_valuer_per_share_4q_avg": 32.55,
            "equity": 3791542,
            "current_ratio": 256.52,
            "debt_ratio": 34.15,
            "inventory_turnover_ratio": 2.05,
            "account_receivable_turnover_ratio": 1.29,
            "reinvestment_rate": null,
            "research_to_sale_ratio": 2.94,
            "price_fair": 281.2,
            "eps_avg_yearly": 8.03,
            "eps_latest_yearly": 10.12,
            "eps_growth_yearly": 30.54
        },
        "20152": {
            "year_quarter": 20152,
            "year": 2015,
            "quarter": 2,
            "eps": 2.95,
            "eps_growth_year": 61.2,
            "eps_4q": 10.72,
            "eps_4q_growth_year": 83.86,
            "roe": 6.69,
            "roe_4q": 28.24,
            "gross_profit": 461016,
            "gross_margin": 17.64,
            "gross_margin_4q_avg": 17.66,
            "net_income": 244159,
            "net_income_4q": null,
            "revenue": 2613356,
            "revenue_4q": null,
            "common_shares": 686803,
            "book_valuer_per_share": 34.8,
            "book_valuer_per_share_4q_avg": 34.36,
            "equity": 3506808,
            "current_ratio": 245.78,
            "debt_ratio": 43.2,
            "inventory_turnover_ratio": 2.29,
            "account_receivable_turnover_ratio": 1.44,
            "reinvestment_rate": null,
            "research_to_sale_ratio": 2.75,
            "price_fair": 297.68,
            "eps_avg_yearly": 8.51,
            "eps_latest_yearly": 11.8,
            "eps_growth_yearly": 35.02
        },
        "20153": {
            "year_quarter": 20153,
            "year": 2015,
            "quarter": 3,
            "eps": 3.59,
            "eps_growth_year": 64.68,
            "eps_4q": 12.16,
            "eps_4q_growth_year": 83.81,
            "roe": 8.67,
            "roe_4q": 29.39,
            "gross_profit": 504148,
            "gross_margin": 18.02,
            "gross_margin_4q_avg": 17.71,
            "net_income": 320753,
            "net_income_4q": null,
            "revenue": 2797917,
            "revenue_4q": null,
            "common_shares": 688757,
            "book_valuer_per_share": 39.02,
            "book_valuer_per_share_4q_avg": 36.67,
            "equity": 3889527,
            "current_ratio": 233.33,
            "debt_ratio": 43.19,
            "inventory_turnover_ratio": 2.26,
            "account_receivable_turnover_ratio": 1.37,
            "reinvestment_rate": null,
            "research_to_sale_ratio": 2.86,
            "price_fair": 320.44,
            "eps_avg_yearly": 9.16,
            "eps_latest_yearly": 14.36,
            "eps_growth_yearly": 40.77
        },
        "20154": {
            "year_quarter": 20154,
            "year": 2015,
            "quarter": 4,
            "eps": 3.47,
            "eps_growth_year": 11.33,
            "eps_4q": 12.42,
            "eps_4q_growth_year": 51.68,
            "roe": 7.25,
            "roe_4q": 28.25,
            "gross_profit": 619318,
            "gross_margin": 19,
            "gross_margin_4q_avg": 18.19,
            "net_income": 302717,
            "net_income_4q": null,
            "revenue": 3259120,
            "revenue_4q": null,
            "common_shares": 697287,
            "book_valuer_per_share": 45.42,
            "book_valuer_per_share_4q_avg": 39.23,
            "equity": 4462196,
            "current_ratio": 216.43,
            "debt_ratio": 42.76,
            "inventory_turnover_ratio": 2.22,
            "account_receivable_turnover_ratio": 1.41,
            "reinvestment_rate": null,
            "research_to_sale_ratio": 3.27,
            "price_fair": 336.98,
            "eps_avg_yearly": 9.63,
            "eps_latest_yearly": 13.88,
            "eps_growth_yearly": 35.36
        },
        "20161": {
            "year_quarter": 20161,
            "year": 2016,
            "quarter": 1,
            "eps": 3.28,
            "eps_growth_year": 29.64,
            "eps_4q": 13.08,
            "eps_4q_growth_year": 37.19,
            "roe": 7.14,
            "roe_4q": 29.750000000000004,
            "gross_profit": 650961,
            "gross_margin": 20.88,
            "gross_margin_4q_avg": 18.89,
            "net_income": 336540,
            "net_income_4q": null,
            "revenue": 3118041,
            "revenue_4q": null,
            "common_shares": 704959,
            "book_valuer_per_share": 50.65,
            "book_valuer_per_share_4q_avg": 42.47,
            "equity": 4969158,
            "current_ratio": 139.55,
            "debt_ratio": 46.13,
            "inventory_turnover_ratio": 1.85,
            "account_receivable_turnover_ratio": 1.27,
            "reinvestment_rate": null,
            "research_to_sale_ratio": 2.81,
            "price_fair": 348.09,
            "eps_avg_yearly": 9.95,
            "eps_latest_yearly": 13.12,
            "eps_growth_yearly": 30.15
        },
        "20162": {
            "year_quarter": 20162,
            "year": 2016,
            "quarter": 2,
            "eps": 3.78,
            "eps_growth_year": 28.14,
            "eps_4q": 13.87,
            "eps_4q_growth_year": 29.42,
            "roe": 7.59,
            "roe_4q": 30.65,
            "gross_profit": 784289,
            "gross_margin": 21.94,
            "gross_margin_4q_avg": 19.96,
            "net_income": 380252,
            "net_income_4q": null,
            "revenue": 3574545,
            "revenue_4q": null,
            "common_shares": 711182,
            "book_valuer_per_share": 48.74,
            "book_valuer_per_share_4q_avg": 45.96,
            "equity": 5047115,
            "current_ratio": 173.94,
            "debt_ratio": 54.41,
            "inventory_turnover_ratio": 1.78,
            "account_receivable_turnover_ratio": 1.3,
            "reinvestment_rate": 113.55,
            "research_to_sale_ratio": 3.28,
            "price_fair": 363.18,
            "eps_avg_yearly": 10.38,
            "eps_latest_yearly": 15.12,
            "eps_growth_yearly": 32.72
        },
        "20163": {
            "year_quarter": 20163,
            "year": 2016,
            "quarter": 3,
            "eps": 3.5,
            "eps_growth_year": -2.51,
            "eps_4q": 13.15,
            "eps_4q_growth_year": 8.14,
            "roe": 5.51,
            "roe_4q": 27.49,
            "gross_profit": 747684,
            "gross_margin": 19.57,
            "gross_margin_4q_avg": 20.35,
            "net_income": 346551,
            "net_income_4q": null,
            "revenue": 3821356,
            "revenue_4q": null,
            "common_shares": 761527,
            "book_valuer_per_share": 73.45,
            "book_valuer_per_share_4q_avg": 54.57,
            "equity": 7539147,
            "current_ratio": 238.03,
            "debt_ratio": 40.95,
            "inventory_turnover_ratio": 1.65,
            "account_receivable_turnover_ratio": 1.14,
            "reinvestment_rate": 106.93,
            "research_to_sale_ratio": 3.18,
            "price_fair": 372.94,
            "eps_avg_yearly": 10.66,
            "eps_latest_yearly": 14,
            "eps_growth_yearly": 27.92
        },
        "20164": {
            "year_quarter": 20164,
            "year": 2016,
            "quarter": 4,
            "eps": 3.45,
            "eps_growth_year": -0.68,
            "eps_4q": 13.4,
            "eps_4q_growth_year": 7.96,
            "roe": 4.21,
            "roe_4q": 24.45,
            "gross_profit": 683641,
            "gross_margin": 17.27,
            "gross_margin_4q_avg": 19.92,
            "net_income": 325384,
            "net_income_4q": null,
            "revenue": 3957707,
            "revenue_4q": null,
            "common_shares": 763008,
            "book_valuer_per_share": 78.18,
            "book_valuer_per_share_4q_avg": 62.76,
            "equity": 7901216,
            "current_ratio": 142.64,
            "debt_ratio": 49.18,
            "inventory_turnover_ratio": 1.67,
            "account_receivable_turnover_ratio": 1.06,
            "reinvestment_rate": 104.4,
            "research_to_sale_ratio": 3.36,
            "price_fair": 380.8,
            "eps_avg_yearly": 10.88,
            "eps_latest_yearly": 13.8,
            "eps_growth_yearly": 25.52
        },
        "20171": {
            "year_quarter": 20171,
            "year": 2017,
            "quarter": 1,
            "eps": 2.43,
            "eps_growth_year": -25.91,
            "eps_4q": 12.86,
            "eps_4q_growth_year": -1.65,
            "roe": 2.84,
            "roe_4q": 20.15,
            "gross_profit": 658006,
            "gross_margin": 18.01,
            "gross_margin_4q_avg": 19.2,
            "net_income": 226232,
            "net_income_4q": null,
            "revenue": 3653858,
            "revenue_4q": null,
            "common_shares": 763884,
            "book_valuer_per_share": 76.51,
            "book_valuer_per_share_4q_avg": 69.22,
            "equity": 8024773,
            "current_ratio": 273.75,
            "debt_ratio": 61.26,
            "inventory_turnover_ratio": 1.51,
            "account_receivable_turnover_ratio": 1.05,
            "reinvestment_rate": 148.44,
            "research_to_sale_ratio": 3.58,
            "price_fair": 280.17,
            "eps_avg_yearly": 10.8,
            "eps_latest_yearly": 9.72,
            "eps_growth_yearly": 15.94
        },
        "20172": {
            "year_quarter": 20172,
            "year": 2017,
            "quarter": 2,
            "eps": 3.75,
            "eps_growth_year": -0.79,
            "eps_4q": 13.07,
            "eps_4q_growth_year": -5.74,
            "roe": 3.2,
            "roe_4q": 15.76,
            "gross_profit": 716081,
            "gross_margin": 16.92,
            "gross_margin_4q_avg": 17.94,
            "net_income": 345766,
            "net_income_4q": null,
            "revenue": 4232134,
            "revenue_4q": null,
            "common_shares": 763980,
            "book_valuer_per_share": 71.88,
            "book_valuer_per_share_4q_avg": 75.01,
            "equity": 13616678,
            "current_ratio": 142.17,
            "debt_ratio": 66.53,
            "inventory_turnover_ratio": 0.92,
            "account_receivable_turnover_ratio": 0.76,
            "reinvestment_rate": 67.97,
            "research_to_sale_ratio": 4.49,
            "price_fair": 387.28,
            "eps_avg_yearly": 11.07,
            "eps_latest_yearly": 15,
            "eps_growth_yearly": 28.52
        },
        "20173": {
            "year_quarter": 20173,
            "year": 2017,
            "quarter": 3,
            "eps": 4.12,
            "eps_growth_year": 17.71,
            "eps_4q": 13.76,
            "eps_4q_growth_year": 4.6,
            "roe": 3.97,
            "roe_4q": 14.219999999999999,
            "gross_profit": 3573299,
            "gross_margin": 30.06,
            "gross_margin_4q_avg": 20.57,
            "net_income": 552631,
            "net_income_4q": null,
            "revenue": 11889083,
            "revenue_4q": null,
            "common_shares": 765276,
            "book_valuer_per_share": 77.77,
            "book_valuer_per_share_4q_avg": 76.09,
            "equity": 14253097,
            "current_ratio": 157.1,
            "debt_ratio": 65.3,
            "inventory_turnover_ratio": 1.42,
            "account_receivable_turnover_ratio": 1.4,
            "reinvestment_rate": 72.38,
            "research_to_sale_ratio": 1.66,
            "price_fair": 409.94,
            "eps_avg_yearly": 11.71,
            "eps_latest_yearly": 16.48,
            "eps_growth_yearly": 34.5
        },
        "20174": {
            "year_quarter": 20174,
            "year": 2017,
            "quarter": 4,
            "eps": 4.52,
            "eps_growth_year": 30.91,
            "eps_4q": 14.81,
            "eps_4q_growth_year": 10.46,
            "roe": 5.22,
            "roe_4q": 15.23,
            "gross_profit": 2781195,
            "gross_margin": 18.38,
            "gross_margin_4q_avg": 20.84,
            "net_income": 835175,
            "net_income_4q": null,
            "revenue": 15128989,
            "revenue_4q": null,
            "common_shares": 765288,
            "book_valuer_per_share": 89.52,
            "book_valuer_per_share_4q_avg": 78.92,
            "equity": 17774234,
            "current_ratio": 172.84,
            "debt_ratio": 62.81,
            "inventory_turnover_ratio": 2.1,
            "account_receivable_turnover_ratio": 1.51,
            "reinvestment_rate": 69.69,
            "research_to_sale_ratio": 16.83,
            "price_fair": 436.1,
            "eps_avg_yearly": 12.46,
            "eps_latest_yearly": 18.08,
            "eps_growth_yearly": 36.93
        },
        "20181": {
            "year_quarter": 20181,
            "year": 2018,
            "quarter": 1,
            "eps": 2.72,
            "eps_growth_year": 11.93,
            "eps_4q": 14.92,
            "eps_4q_growth_year": 16.04,
            "roe": 2.57,
            "roe_4q": 14.96,
            "gross_profit": 2923614,
            "gross_margin": 27.01,
            "gross_margin_4q_avg": 23.09,
            "net_income": 458588,
            "net_income_4q": null,
            "revenue": 10824168,
            "revenue_4q": null,
            "common_shares": 773652,
            "book_valuer_per_share": 90.72,
            "book_valuer_per_share_4q_avg": 82.47,
            "equity": 17860786,
            "current_ratio": 160.93,
            "debt_ratio": 62.21,
            "inventory_turnover_ratio": 1.33,
            "account_receivable_turnover_ratio": 1.11,
            "reinvestment_rate": 67.37,
            "research_to_sale_ratio": 11.14,
            "price_fair": 448.18,
            "eps_avg_yearly": 12.81,
            "eps_latest_yearly": 10.88,
            "eps_growth_yearly": 30.07
        },
        "20182": {
            "year_quarter": 20182,
            "year": 2018,
            "quarter": 2,
            "eps": 3.31,
            "eps_growth_year": -11.73,
            "eps_4q": 14.52,
            "eps_4q_growth_year": 11.11,
            "roe": 2.63,
            "roe_4q": 14.389999999999999,
            "gross_profit": 3401751,
            "gross_margin": 23.18,
            "gross_margin_4q_avg": 24.66,
            "net_income": 547881,
            "net_income_4q": null,
            "revenue": 14674499,
            "revenue_4q": null,
            "common_shares": 775077,
            "book_valuer_per_share": 91.02,
            "book_valuer_per_share_4q_avg": 87.26,
            "equity": 23802336,
            "current_ratio": 105.74,
            "debt_ratio": 65.01,
            "inventory_turnover_ratio": 1.4,
            "account_receivable_turnover_ratio": 1.34,
            "reinvestment_rate": 133.46,
            "research_to_sale_ratio": 9.71,
            "price_fair": 461.13,
            "eps_avg_yearly": 13.18,
            "eps_latest_yearly": 13.24,
            "eps_growth_yearly": 26.35
        },
        "20183": {
            "year_quarter": 20183,
            "year": 2018,
            "quarter": 3,
            "eps": 4.35,
            "eps_growth_year": 5.58,
            "eps_4q": 14.81,
            "eps_4q_growth_year": 7.61,
            "roe": 3.5,
            "roe_4q": 13.919999999999998,
            "gross_profit": 4184194,
            "gross_margin": 20.94,
            "gross_margin_4q_avg": 22.38,
            "net_income": 849882,
            "net_income_4q": null,
            "revenue": 19980782,
            "revenue_4q": null,
            "common_shares": 775745,
            "book_valuer_per_share": 95.1,
            "book_valuer_per_share_4q_avg": 91.59,
            "equity": 24796873,
            "current_ratio": 105.68,
            "debt_ratio": 65.2,
            "inventory_turnover_ratio": 1.45,
            "account_receivable_turnover_ratio": 1.41,
            "reinvestment_rate": 142.88,
            "research_to_sale_ratio": 7.41,
            "price_fair": 480.11,
            "eps_avg_yearly": 13.72,
            "eps_latest_yearly": 17.4,
            "eps_growth_yearly": 29.43
        },
        "20184": {
            "year_quarter": 20184,
            "year": 2018,
            "quarter": 4,
            "eps": 4.06,
            "eps_growth_year": -10.15,
            "eps_4q": 14.41,
            "eps_4q_growth_year": -2.69,
            "roe": 4,
            "roe_4q": 12.7,
            "gross_profit": 4754351,
            "gross_margin": 20.25,
            "gross_margin_4q_avg": 22.85,
            "net_income": 1012526,
            "net_income_4q": null,
            "revenue": 23483010,
            "revenue_4q": null,
            "common_shares": 775745,
            "book_valuer_per_share": 86.12,
            "book_valuer_per_share_4q_avg": 90.74,
            "equity": 25775703,
            "current_ratio": 106.58,
            "debt_ratio": 65.6,
            "inventory_turnover_ratio": 1.63,
            "account_receivable_turnover_ratio": 1.49,
            "reinvestment_rate": 137.95,
            "research_to_sale_ratio": 7.52,
            "price_fair": 376.47,
            "eps_avg_yearly": 13.95,
            "eps_latest_yearly": 16.24,
            "eps_growth_yearly": 16.98
        },
        "20191": {
            "year_quarter": 20191,
            "year": 2019,
            "quarter": 1,
            "eps": 1.52,
            "eps_growth_year": -44.12,
            "eps_4q": 12.31,
            "eps_4q_growth_year": -17.54,
            "roe": 1.74,
            "roe_4q": 11.870000000000001,
            "gross_profit": 3799935,
            "gross_margin": 21.58,
            "gross_margin_4q_avg": 21.49,
            "net_income": 472564,
            "net_income_4q": null,
            "revenue": 17605752,
            "revenue_4q": null,
            "common_shares": 835745,
            "book_valuer_per_share": 101.68,
            "book_valuer_per_share_4q_avg": 93.48,
            "equity": 28509329,
            "current_ratio": 137.5,
            "debt_ratio": 62,
            "inventory_turnover_ratio": 1.22,
            "account_receivable_turnover_ratio": 1.18,
            "reinvestment_rate": 112.22,
            "research_to_sale_ratio": 8.6,
            "price_fair": 220.15,
            "eps_avg_yearly": 13.7,
            "eps_latest_yearly": 6.08,
            "eps_growth_yearly": 6.07
        },
        "20192": {
            "year_quarter": 20192,
            "year": 2019,
            "quarter": 2,
            "eps": 2.87,
            "eps_growth_year": -13.29,
            "eps_4q": 12.1,
            "eps_4q_growth_year": -16.66,
            "roe": 2.4,
            "roe_4q": 11.64,
            "gross_profit": 4217088,
            "gross_margin": 22.52,
            "gross_margin_4q_avg": 21.32,
            "net_income": 680424,
            "net_income_4q": null,
            "revenue": 18724906,
            "revenue_4q": null,
            "common_shares": 835745,
            "book_valuer_per_share": 97.61,
            "book_valuer_per_share_4q_avg": 95.13,
            "equity": 28112613,
            "current_ratio": 143.62,
            "debt_ratio": 67.31,
            "inventory_turnover_ratio": 1.24,
            "account_receivable_turnover_ratio": 1.29,
            "reinvestment_rate": 123.8,
            "research_to_sale_ratio": 9.05,
            "price_fair": 466.8,
            "eps_avg_yearly": 13.68,
            "eps_latest_yearly": 11.48,
            "eps_growth_yearly": 24.12
        },
        "20193": {
            "year_quarter": 20193,
            "year": 2019,
            "quarter": 3,
            "eps": 4.26,
            "eps_growth_year": -2.07,
            "eps_4q": 12.33,
            "eps_4q_growth_year": -16.73,
            "roe": 2.99,
            "roe_4q": 11.13,
            "gross_profit": 4956106,
            "gross_margin": 24.02,
            "gross_margin_4q_avg": 22.09,
            "net_income": 831216,
            "net_income_4q": null,
            "revenue": 20632899,
            "revenue_4q": null,
            "common_shares": 835745,
            "book_valuer_per_share": 98.13,
            "book_valuer_per_share_4q_avg": 95.89,
            "equity": 27518793,
            "current_ratio": 138.71,
            "debt_ratio": 67.83,
            "inventory_turnover_ratio": 1.33,
            "account_receivable_turnover_ratio": 1.3,
            "reinvestment_rate": 122.39,
            "research_to_sale_ratio": 10.46,
            "price_fair": 484.66,
            "eps_avg_yearly": 13.85,
            "eps_latest_yearly": 17.04,
            "eps_growth_yearly": 30.81
        },
        "20194": {
            "year_quarter": 20194,
            "year": 2019,
            "quarter": 4,
            "eps": 4.46,
            "eps_growth_year": 10.02,
            "eps_4q": 13.03,
            "eps_4q_growth_year": -9.57,
            "roe": 3.76,
            "roe_4q": 10.89,
            "gross_profit": 5779516,
            "gross_margin": 23.55,
            "gross_margin_4q_avg": 22.92,
            "net_income": 1042104,
            "net_income_4q": null,
            "revenue": 24542659,
            "revenue_4q": null,
            "common_shares": 835745,
            "book_valuer_per_share": 99.15,
            "book_valuer_per_share_4q_avg": 99.14,
            "equity": 27926617,
            "current_ratio": 133.56,
            "debt_ratio": 68.63,
            "inventory_turnover_ratio": 1.62,
            "account_receivable_turnover_ratio": 1.47,
            "reinvestment_rate": 117.12,
            "research_to_sale_ratio": 9.86,
            "price_fair": 493.33,
            "eps_avg_yearly": 14.1,
            "eps_latest_yearly": 17.84,
            "eps_growth_yearly": 32.82
        },
        "20201": {
            "year_quarter": 20201,
            "year": 2020,
            "quarter": 1,
            "eps": 2.24,
            "eps_growth_year": 47.37,
            "eps_4q": 13.84,
            "eps_4q_growth_year": 12.43,
            "roe": 1.9,
            "roe_4q": 11.05,
            "gross_profit": 4561158,
            "gross_margin": 25.53,
            "gross_margin_4q_avg": 23.91,
            "net_income": 531441,
            "net_income_4q": null,
            "revenue": 17867817,
            "revenue_4q": null,
            "common_shares": 835745,
            "book_valuer_per_share": 100.41,
            "book_valuer_per_share_4q_avg": 98.83,
            "equity": 28105103,
            "current_ratio": 141.82,
            "debt_ratio": 66.8,
            "inventory_turnover_ratio": 1.13,
            "account_receivable_turnover_ratio": 1.21,
            "reinvestment_rate": 120.12,
            "research_to_sale_ratio": 11.64,
            "price_fair": 439.14,
            "eps_avg_yearly": 13.84,
            "eps_latest_yearly": 8.96,
            "eps_growth_yearly": 21.74
        },
        "20202": {
            "year_quarter": 20202,
            "year": 2020,
            "quarter": 2,
            "eps": 3.62,
            "eps_growth_year": 26.13,
            "eps_4q": 13.26,
            "eps_4q_growth_year": 9.59,
            "roe": 2.65,
            "roe_4q": 11.299999999999999,
            "gross_profit": 4654284,
            "gross_margin": 25.08,
            "gross_margin_4q_avg": 24.55,
            "net_income": 740190,
            "net_income_4q": null,
            "revenue": 18559009,
            "revenue_4q": null,
            "common_shares": 835745,
            "book_valuer_per_share": 98.64,
            "book_valuer_per_share_4q_avg": 99.08,
            "equity": 27794989,
            "current_ratio": 136.25,
            "debt_ratio": 67.84,
            "inventory_turnover_ratio": 1.13,
            "account_receivable_turnover_ratio": 1.42,
            "reinvestment_rate": 75.95,
            "research_to_sale_ratio": 10.66,
            "price_fair": 482.83,
            "eps_avg_yearly": 13.8,
            "eps_latest_yearly": 14.48,
            "eps_growth_yearly": 33.33
        },
        "20203": {
            "year_quarter": 20203,
            "year": 2020,
            "quarter": 3,
            "eps": 3.01,
            "eps_growth_year": -29.34,
            "eps_4q": 12.23,
            "eps_4q_growth_year": -0.83,
            "roe": 2.63,
            "roe_4q": 10.94,
            "gross_profit": 4640012,
            "gross_margin": 21.96,
            "gross_margin_4q_avg": 24.03,
            "net_income": 749379,
            "net_income_4q": null,
            "revenue": 21132304,
            "revenue_4q": null,
            "common_shares": 932720,
            "book_valuer_per_share": 95.92,
            "book_valuer_per_share_4q_avg": 98.53,
            "equity": 29185275,
            "current_ratio": 132.4,
            "debt_ratio": 67.44,
            "inventory_turnover_ratio": 1.28,
            "account_receivable_turnover_ratio": 1.45,
            "reinvestment_rate": 84.54,
            "research_to_sale_ratio": 7.45,
            "price_fair": 478.54,
            "eps_avg_yearly": 13.67,
            "eps_latest_yearly": 12.04,
            "eps_growth_yearly": 30.97
        },
        "20204": {
            "year_quarter": 20204,
            "year": 2020,
            "quarter": 4,
            "eps": 3.77,
            "eps_growth_year": -15.54,
            "eps_4q": 12,
            "eps_4q_growth_year": -7.89,
            "roe": 3.8,
            "roe_4q": 10.98,
            "gross_profit": 5737729,
            "gross_margin": 21.63,
            "gross_margin_4q_avg": 23.55,
            "net_income": 1134373,
            "net_income_4q": null,
            "revenue": 26532355,
            "revenue_4q": null,
            "common_shares": 932720,
            "book_valuer_per_share": 99.88,
            "book_valuer_per_share_4q_avg": 98.71,
            "equity": 30501350,
            "current_ratio": 136.13,
            "debt_ratio": 67.26,
            "inventory_turnover_ratio": 1.59,
            "account_receivable_turnover_ratio": 1.75,
            "reinvestment_rate": 108.89,
            "research_to_sale_ratio": 8.5,
            "price_fair": 481.34,
            "eps_avg_yearly": 13.75,
            "eps_latest_yearly": 15.08,
            "eps_growth_yearly": 37.64
        },
        "20211": {
            "year_quarter": 20211,
            "year": 2021,
            "quarter": 1,
            "eps": 2.06,
            "eps_growth_year": -8.04,
            "eps_4q": 11.67,
            "eps_4q_growth_year": -15.65,
            "roe": 1.8,
            "roe_4q": 10.88,
            "gross_profit": 4754070,
            "gross_margin": 23.55,
            "gross_margin_4q_avg": 23.06,
            "net_income": 543996,
            "net_income_4q": null,
            "revenue": 20191237,
            "revenue_4q": null,
            "common_shares": 968120,
            "book_valuer_per_share": 97.85,
            "book_valuer_per_share_4q_avg": 98.07,
            "equity": 30028614,
            "current_ratio": 124.66,
            "debt_ratio": 67.56,
            "inventory_turnover_ratio": 1.17,
            "account_receivable_turnover_ratio": 1.35,
            "reinvestment_rate": 79.34,
            "research_to_sale_ratio": 10.47,
            "price_fair": 478.1,
            "eps_avg_yearly": 13.66,
            "eps_latest_yearly": 8.24,
            "eps_growth_yearly": 33.69
        },
        "20212": {
            "year_quarter": 20212,
            "year": 2021,
            "quarter": 2,
            "eps": 3.13,
            "eps_growth_year": -13.54,
            "eps_4q": 11.63,
            "eps_4q_growth_year": -12.31,
            "roe": 2.57,
            "roe_4q": 10.8,
            "gross_profit": 5145432,
            "gross_margin": 22.56,
            "gross_margin_4q_avg": 22.43,
            "net_income": 763151,
            "net_income_4q": null,
            "revenue": 22805189,
            "revenue_4q": null,
            "common_shares": 968120,
            "book_valuer_per_share": 93.3,
            "book_valuer_per_share_4q_avg": 96.74,
            "equity": 29287418,
            "current_ratio": 122,
            "debt_ratio": 68.31,
            "inventory_turnover_ratio": 1.25,
            "account_receivable_turnover_ratio": 1.53,
            "reinvestment_rate": 131.35,
            "research_to_sale_ratio": 9.5,
            "price_fair": 472.68,
            "eps_avg_yearly": 13.51,
            "eps_latest_yearly": 12.52,
            "eps_growth_yearly": 33.1
        },
        "20213": {
            "year_quarter": 20213,
            "year": 2021,
            "quarter": 3,
            "eps": 3.78,
            "eps_growth_year": 25.58,
            "eps_4q": 12.59,
            "eps_4q_growth_year": 2.99,
            "roe": 2.99,
            "roe_4q": 11.16,
            "gross_profit": 5042999,
            "gross_margin": 21.54,
            "gross_margin_4q_avg": 22.32,
            "net_income": 872297,
            "net_income_4q": null,
            "revenue": 23413689,
            "revenue_4q": null,
            "common_shares": 968120,
            "book_valuer_per_share": 96.41,
            "book_valuer_per_share_4q_avg": 96.86,
            "equity": 29040557,
            "current_ratio": 122.88,
            "debt_ratio": 69.3,
            "inventory_turnover_ratio": 1.18,
            "account_receivable_turnover_ratio": 1.54,
            "reinvestment_rate": 121.22,
            "research_to_sale_ratio": 9.26,
            "price_fair": 469.7,
            "eps_avg_yearly": 13.42,
            "eps_latest_yearly": 15.12,
            "eps_growth_yearly": 35.82
        },
        "20214": {
            "year_quarter": 20214,
            "year": 2021,
            "quarter": 4,
            "eps": 4.68,
            "eps_growth_year": 24.1,
            "eps_4q": 13.2,
            "eps_4q_growth_year": 9.96,
            "roe": 3.88,
            "roe_4q": 11.24,
            "gross_profit": 5540452,
            "gross_margin": 18.38,
            "gross_margin_4q_avg": 21.51,
            "net_income": 1172680,
            "net_income_4q": null,
            "revenue": 30146531,
            "revenue_4q": null,
            "common_shares": 1018120,
            "book_valuer_per_share": 106.81,
            "book_valuer_per_share_4q_avg": 98.59,
            "equity": 31370187,
            "current_ratio": 140.51,
            "debt_ratio": 68.82,
            "inventory_turnover_ratio": 1.52,
            "account_receivable_turnover_ratio": 1.83,
            "reinvestment_rate": 114.24,
            "research_to_sale_ratio": 8.75,
            "price_fair": 471.1,
            "eps_avg_yearly": 13.46,
            "eps_latest_yearly": 18.72,
            "eps_growth_yearly": 39.35
        },
        "20221": {
            "year_quarter": 20221,
            "year": 2022,
            "quarter": 1,
            "eps": 2.97,
            "eps_growth_year": 44.17,
            "eps_4q": 13.69,
            "eps_4q_growth_year": 17.34,
            "roe": 2.34,
            "roe_4q": 11.780000000000001,
            "gross_profit": 5103745,
            "gross_margin": 21.03,
            "gross_margin_4q_avg": 20.88,
            "net_income": 764848,
            "net_income_4q": null,
            "revenue": 24272320,
            "revenue_4q": null,
            "common_shares": 1066920,
            "book_valuer_per_share": 117.95,
            "book_valuer_per_share_4q_avg": 103.62,
            "equity": 34016961,
            "current_ratio": 143.95,
            "debt_ratio": 66.77,
            "inventory_turnover_ratio": 1.1,
            "account_receivable_turnover_ratio": 1.41,
            "reinvestment_rate": 118.16,
            "research_to_sale_ratio": 9.09,
            "price_fair": 473.29,
            "eps_avg_yearly": 13.52,
            "eps_latest_yearly": 11.88,
            "eps_growth_yearly": 40.17
        },
        "20222": {
            "year_quarter": 20222,
            "year": 2022,
            "quarter": 2,
            "eps": 4.16,
            "eps_growth_year": 32.91,
            "eps_4q": 15.01,
            "eps_4q_growth_year": 29.08,
            "roe": 3.25,
            "roe_4q": 12.459999999999999,
            "gross_profit": 5473434,
            "gross_margin": 20.39,
            "gross_margin_4q_avg": 20.34,
            "net_income": 1092726,
            "net_income_4q": null,
            "revenue": 26839352,
            "revenue_4q": null,
            "common_shares": 1060370,
            "book_valuer_per_share": 117.17,
            "book_valuer_per_share_4q_avg": 109.59,
            "equity": 33264794,
            "current_ratio": 140.18,
            "debt_ratio": 67.44,
            "inventory_turnover_ratio": 1.06,
            "account_receivable_turnover_ratio": 1.54,
            "reinvestment_rate": 57.48,
            "research_to_sale_ratio": 8.36,
            "price_fair": 480.73,
            "eps_avg_yearly": 13.74,
            "eps_latest_yearly": 16.64,
            "eps_growth_yearly": 44.76
        },
        "20223": {
            "year_quarter": 20223,
            "year": 2022,
            "quarter": 3,
            "eps": 6.15,
            "eps_growth_year": 62.7,
            "eps_4q": 17.74,
            "eps_4q_growth_year": 40.85,
            "roe": 4.12,
            "roe_4q": 13.59,
            "gross_profit": 5912747,
            "gross_margin": 18.38,
            "gross_margin_4q_avg": 19.55,
            "net_income": 1415205,
            "net_income_4q": null,
            "revenue": 32160890,
            "revenue_4q": null,
            "common_shares": 1060370,
            "book_valuer_per_share": 128.12,
            "book_valuer_per_share_4q_avg": 117.51,
            "equity": 35371558,
            "current_ratio": 134.35,
            "debt_ratio": 68.41,
            "inventory_turnover_ratio": 1.15,
            "account_receivable_turnover_ratio": 1.7,
            "reinvestment_rate": 46.8,
            "research_to_sale_ratio": 6.75,
            "price_fair": 496.48,
            "eps_avg_yearly": 14.19,
            "eps_latest_yearly": 24.6,
            "eps_growth_yearly": 48.87
        },
        "20224": {
            "year_quarter": 20224,
            "year": 2022,
            "quarter": 4,
            "eps": 19.29,
            "eps_growth_year": 312.24,
            "eps_4q": 32.56,
            "eps_4q_growth_year": 146.75,
            "roe": 17.76,
            "roe_4q": 27.470000000000002,
            "gross_profit": 3121026,
            "gross_margin": 12.51,
            "gross_margin_4q_avg": 18.08,
            "net_income": 6934836,
            "net_income_4q": null,
            "revenue": 24955971,
            "revenue_4q": null,
            "common_shares": 1060370,
            "book_valuer_per_share": 146.5,
            "book_valuer_per_share_4q_avg": 127.44,
            "equity": 42711390,
            "current_ratio": 149.46,
            "debt_ratio": 64.16,
            "inventory_turnover_ratio": 0.94,
            "account_receivable_turnover_ratio": 1.33,
            "reinvestment_rate": 28.01,
            "research_to_sale_ratio": 5.44,
            "price_fair": 629.74,
            "eps_avg_yearly": 17.99,
            "eps_latest_yearly": 77.16,
            "eps_growth_yearly": 103.95
        },
        "20231": {
            "year_quarter": 20231,
            "year": 2023,
            "quarter": 1,
            "eps": 4.64,
            "eps_growth_year": 56.23,
            "eps_4q": 33.39,
            "eps_4q_growth_year": 143.81,
            "roe": 2.75,
            "roe_4q": 27.880000000000003,
            "gross_profit": 5512690,
            "gross_margin": 19.35,
            "gross_margin_4q_avg": 17.66,
            "net_income": 1175069,
            "net_income_4q": null,
            "revenue": 28491310,
            "revenue_4q": null,
            "common_shares": 1087651,
            "book_valuer_per_share": 137.72,
            "book_valuer_per_share_4q_avg": 132.38,
            "equity": 42615178,
            "current_ratio": 137.54,
            "debt_ratio": 63.76,
            "inventory_turnover_ratio": 1.02,
            "account_receivable_turnover_ratio": 1.76,
            "reinvestment_rate": 41.75,
            "research_to_sale_ratio": 7.07,
            "price_fair": 657.04,
            "eps_avg_yearly": 18.77,
            "eps_latest_yearly": 18.56,
            "eps_growth_yearly": 100.6
        },
        "20232": {
            "year_quarter": 20232,
            "year": 2023,
            "quarter": 2,
            "eps": 5.14,
            "eps_growth_year": 23.56,
            "eps_4q": 30.37,
            "eps_4q_growth_year": 102.29,
            "roe": 3.53,
            "roe_4q": 28.16,
            "gross_profit": 5730108,
            "gross_margin": 19.79,
            "gross_margin_4q_avg": 17.51,
            "net_income": 1563169,
            "net_income_4q": null,
            "revenue": 28961587,
            "revenue_4q": null,
            "common_shares": 1241354,
            "book_valuer_per_share": 155.44,
            "book_valuer_per_share_4q_avg": 141.95,
            "equity": 46016119,
            "current_ratio": 138.73,
            "debt_ratio": 60.83,
            "inventory_turnover_ratio": 1,
            "account_receivable_turnover_ratio": 1.93,
            "reinvestment_rate": 39.32,
            "research_to_sale_ratio": 7.3,
            "price_fair": 676.9,
            "eps_avg_yearly": 19.34,
            "eps_latest_yearly": 20.56,
            "eps_growth_yearly": 81.09
        },
        "20233": {
            "year_quarter": 20233,
            "year": 2023,
            "quarter": 3,
            "eps": 6.02,
            "eps_growth_year": -2.11,
            "eps_4q": 30.27,
            "eps_4q_growth_year": 70.64,
            "roe": 3.25,
            "roe_4q": 27.29,
            "gross_profit": 6064955,
            "gross_margin": 20.24,
            "gross_margin_4q_avg": 17.97,
            "net_income": 1548304,
            "net_income_4q": null,
            "revenue": 29962664,
            "revenue_4q": null,
            "common_shares": 1282162,
            "book_valuer_per_share": 167.3,
            "book_valuer_per_share_4q_avg": 151.74,
            "equity": 49308506,
            "current_ratio": 148.72,
            "debt_ratio": 59.67,
            "inventory_turnover_ratio": 1.02,
            "account_receivable_turnover_ratio": 1.84,
            "reinvestment_rate": 40.41,
            "research_to_sale_ratio": 7.92,
            "price_fair": 692.3,
            "eps_avg_yearly": 19.78,
            "eps_latest_yearly": 24.08,
            "eps_growth_yearly": 73.26
        }
    },
    "months": {
        "2012-12": {
            "month": "2012-12",
            "price": "50.53",
            "revenue": 263482
        },
        "2013-01": {
            "month": "2013-01",
            "price": "49.76",
            "revenue": 295582
        },
        "2013-02": {
            "month": "2013-02",
            "price": "59.88",
            "revenue": 245904
        },
        "2013-03": {
            "month": "2013-03",
            "price": "78.98",
            "revenue": 227800
        },
        "2013-04": {
            "month": "2013-04",
            "price": "75.48",
            "revenue": 254846
        },
        "2013-05": {
            "month": "2013-05",
            "price": "78.48",
            "revenue": 246352
        },
        "2013-06": {
            "month": "2013-06",
            "price": "80.94",
            "revenue": 264545
        },
        "2013-07": {
            "month": "2013-07",
            "price": "87.16",
            "revenue": 279710
        },
        "2013-08": {
            "month": "2013-08",
            "price": "106.63",
            "revenue": 301064
        },
        "2013-09": {
            "month": "2013-09",
            "price": "109.10",
            "revenue": 279603
        },
        "2013-10": {
            "month": "2013-10",
            "price": "123.76",
            "revenue": 237001
        },
        "2013-11": {
            "month": "2013-11",
            "price": "118.00",
            "revenue": 226702
        },
        "2013-12": {
            "month": "2013-12",
            "price": "130.86",
            "revenue": 236861
        },
        "2014-01": {
            "month": "2014-01",
            "price": "152.80",
            "revenue": 208374
        },
        "2014-02": {
            "month": "2014-02",
            "price": "154.74",
            "revenue": 172551
        },
        "2014-03": {
            "month": "2014-03",
            "price": "179.50",
            "revenue": 311450
        },
        "2014-04": {
            "month": "2014-04",
            "price": "176.17",
            "revenue": 286343
        },
        "2014-05": {
            "month": "2014-05",
            "price": "172.52",
            "revenue": 292435
        },
        "2014-06": {
            "month": "2014-06",
            "price": "197.88",
            "revenue": 376967
        },
        "2014-07": {
            "month": "2014-07",
            "price": "203.20",
            "revenue": 410671
        },
        "2014-08": {
            "month": "2014-08",
            "price": "215.29",
            "revenue": 380687
        },
        "2014-09": {
            "month": "2014-09",
            "price": "203.38",
            "revenue": 509550
        },
        "2014-10": {
            "month": "2014-10",
            "price": "186.39",
            "revenue": 539610
        },
        "2014-11": {
            "month": "2014-11",
            "price": "208.22",
            "revenue": 570836
        },
        "2014-12": {
            "month": "2014-12",
            "price": "239.92",
            "revenue": 992606
        },
        "2015-01": {
            "month": "2015-01",
            "price": "252.62",
            "revenue": 802213
        },
        "2015-02": {
            "month": "2015-02",
            "price": "251.58",
            "revenue": 645988
        },
        "2015-03": {
            "month": "2015-03",
            "price": "272.64",
            "revenue": 938064
        },
        "2015-04": {
            "month": "2015-04",
            "price": "284.28",
            "revenue": 865635
        },
        "2015-05": {
            "month": "2015-05",
            "price": "311.60",
            "revenue": 809055
        },
        "2015-06": {
            "month": "2015-06",
            "price": "354.81",
            "revenue": 938666
        },
        "2015-07": {
            "month": "2015-07",
            "price": "344.07",
            "revenue": 877853
        },
        "2015-08": {
            "month": "2015-08",
            "price": "288.93",
            "revenue": 888473
        },
        "2015-09": {
            "month": "2015-09",
            "price": "299.42",
            "revenue": 1031591
        },
        "2015-10": {
            "month": "2015-10",
            "price": "345.14",
            "revenue": 1004099
        },
        "2015-11": {
            "month": "2015-11",
            "price": "341.64",
            "revenue": 1026204
        },
        "2015-12": {
            "month": "2015-12",
            "price": "364.80",
            "revenue": 1228816
        },
        "2016-01": {
            "month": "2016-01",
            "price": "339.60",
            "revenue": 1149867
        },
        "2016-02": {
            "month": "2016-02",
            "price": "366.08",
            "revenue": 860981
        },
        "2016-03": {
            "month": "2016-03",
            "price": "372.93",
            "revenue": 1107193
        },
        "2016-04": {
            "month": "2016-04",
            "price": "425.21",
            "revenue": 1079003
        },
        "2016-05": {
            "month": "2016-05",
            "price": "422.43",
            "revenue": 1180842
        },
        "2016-06": {
            "month": "2016-06",
            "price": "441.69",
            "revenue": 1314700
        },
        "2016-07": {
            "month": "2016-07",
            "price": "459.12",
            "revenue": 1199837
        },
        "2016-08": {
            "month": "2016-08",
            "price": "481.24",
            "revenue": 1254604
        },
        "2016-09": {
            "month": "2016-09",
            "price": "516.71",
            "revenue": 1366915
        },
        "2016-10": {
            "month": "2016-10",
            "price": "510.13",
            "revenue": 1185198
        },
        "2016-11": {
            "month": "2016-11",
            "price": "433.55",
            "revenue": 1262583
        },
        "2016-12": {
            "month": "2016-12",
            "price": "428.39",
            "revenue": 1509926
        },
        "2017-01": {
            "month": "2017-01",
            "price": "437.94",
            "revenue": 1248650
        },
        "2017-02": {
            "month": "2017-02",
            "price": "492.78",
            "revenue": 1034614
        },
        "2017-03": {
            "month": "2017-03",
            "price": "442.93",
            "revenue": 1370594
        },
        "2017-04": {
            "month": "2017-04",
            "price": "328.92",
            "revenue": 1266994
        },
        "2017-05": {
            "month": "2017-05",
            "price": "359.90",
            "revenue": 1270955
        },
        "2017-06": {
            "month": "2017-06",
            "price": "381.15",
            "revenue": 1694185
        },
        "2017-07": {
            "month": "2017-07",
            "price": "409.48",
            "revenue": 3363630
        },
        "2017-08": {
            "month": "2017-08",
            "price": "446.43",
            "revenue": 3804300
        },
        "2017-09": {
            "month": "2017-09",
            "price": "452.05",
            "revenue": 4613372
        },
        "2017-10": {
            "month": "2017-10",
            "price": "430.89",
            "revenue": 4504281
        },
        "2017-11": {
            "month": "2017-11",
            "price": "451.11",
            "revenue": 4718252
        },
        "2017-12": {
            "month": "2017-12",
            "price": "460.48",
            "revenue": 6449630
        },
        "2018-01": {
            "month": "2018-01",
            "price": "478.86",
            "revenue": 3671418
        },
        "2018-02": {
            "month": "2018-02",
            "price": "476.35",
            "revenue": 3219844
        },
        "2018-03": {
            "month": "2018-03",
            "price": "498.93",
            "revenue": 3913623
        },
        "2018-04": {
            "month": "2018-04",
            "price": "482.36",
            "revenue": 3725206
        },
        "2018-05": {
            "month": "2018-05",
            "price": "482.16",
            "revenue": 3509516
        },
        "2018-06": {
            "month": "2018-06",
            "price": "453.90",
            "revenue": 6753820
        },
        "2018-07": {
            "month": "2018-07",
            "price": "385.86",
            "revenue": 6017679
        },
        "2018-08": {
            "month": "2018-08",
            "price": "326.72",
            "revenue": 6489680
        },
        "2018-09": {
            "month": "2018-09",
            "price": "274.95",
            "revenue": 7505435
        },
        "2018-10": {
            "month": "2018-10",
            "price": "231.43",
            "revenue": 6690659
        },
        "2018-11": {
            "month": "2018-11",
            "price": "229.91",
            "revenue": 7236704
        },
        "2018-12": {
            "month": "2018-12",
            "price": "257.02",
            "revenue": 9192048
        },
        "2019-01": {
            "month": "2019-01",
            "price": "244.71",
            "revenue": 6296908
        },
        "2019-02": {
            "month": "2019-02",
            "price": "265.27",
            "revenue": 5077168
        },
        "2019-03": {
            "month": "2019-03",
            "price": "278.98",
            "revenue": 6157713
        },
        "2019-04": {
            "month": "2019-04",
            "price": "276.90",
            "revenue": 5755357
        },
        "2019-05": {
            "month": "2019-05",
            "price": "228.36",
            "revenue": 5803436
        },
        "2019-06": {
            "month": "2019-06",
            "price": "218.97",
            "revenue": 7292168
        },
        "2019-07": {
            "month": "2019-07",
            "price": "230.30",
            "revenue": 6475585
        },
        "2019-08": {
            "month": "2019-08",
            "price": "214.90",
            "revenue": 6178147
        },
        "2019-09": {
            "month": "2019-09",
            "price": "228.34",
            "revenue": 8203592
        },
        "2019-10": {
            "month": "2019-10",
            "price": "218.05",
            "revenue": 6972847
        },
        "2019-11": {
            "month": "2019-11",
            "price": "239.57",
            "revenue": 7297604
        },
        "2019-12": {
            "month": "2019-12",
            "price": "251.95",
            "revenue": 10028362
        },
        "2020-01": {
            "month": "2020-01",
            "price": "248.83",
            "revenue": 6132514
        },
        "2020-02": {
            "month": "2020-02",
            "price": "228.84",
            "revenue": 5195301
        },
        "2020-03": {
            "month": "2020-03",
            "price": "175.25",
            "revenue": 6535207
        },
        "2020-04": {
            "month": "2020-04",
            "price": "173.52",
            "revenue": 5989341
        },
        "2020-05": {
            "month": "2020-05",
            "price": "190.02",
            "revenue": 5770649
        },
        "2020-06": {
            "month": "2020-06",
            "price": "229.75",
            "revenue": 7165842
        },
        "2020-07": {
            "month": "2020-07",
            "price": "273.76",
            "revenue": 6241571
        },
        "2020-08": {
            "month": "2020-08",
            "price": "293.50",
            "revenue": 6922681
        },
        "2020-09": {
            "month": "2020-09",
            "price": "250.73",
            "revenue": 8551786
        },
        "2020-10": {
            "month": "2020-10",
            "price": "236.79",
            "revenue": 7578835
        },
        "2020-11": {
            "month": "2020-11",
            "price": "233.05",
            "revenue": 7755674
        },
        "2020-12": {
            "month": "2020-12",
            "price": "248.57",
            "revenue": 9502252
        },
        "2021-01": {
            "month": "2021-01",
            "price": "259.45",
            "revenue": 6074373
        },
        "2021-02": {
            "month": "2021-02",
            "price": "257.69",
            "revenue": 5848459
        },
        "2021-03": {
            "month": "2021-03",
            "price": "240.57",
            "revenue": 8176248
        },
        "2021-04": {
            "month": "2021-04",
            "price": "238.08",
            "revenue": 7016323
        },
        "2021-05": {
            "month": "2021-05",
            "price": "201.98",
            "revenue": 7432676
        },
        "2021-06": {
            "month": "2021-06",
            "price": "212.29",
            "revenue": 8401461
        },
        "2021-07": {
            "month": "2021-07",
            "price": "226.18",
            "revenue": 6952659
        },
        "2021-08": {
            "month": "2021-08",
            "price": "208.11",
            "revenue": 7406452
        },
        "2021-09": {
            "month": "2021-09",
            "price": "193.52",
            "revenue": 9132193
        },
        "2021-10": {
            "month": "2021-10",
            "price": "181.58",
            "revenue": 8000355
        },
        "2021-11": {
            "month": "2021-11",
            "price": "218.80",
            "revenue": 10053061
        },
        "2021-12": {
            "month": "2021-12",
            "price": "232.82",
            "revenue": 11586117
        },
        "2022-01": {
            "month": "2022-01",
            "price": "235.81",
            "revenue": 7894356
        },
        "2022-02": {
            "month": "2022-02",
            "price": "212.90",
            "revenue": 6762987
        },
        "2022-03": {
            "month": "2022-03",
            "price": "198.70",
            "revenue": 9562628
        },
        "2022-04": {
            "month": "2022-04",
            "price": "203.53",
            "revenue": 8168743
        },
        "2022-05": {
            "month": "2022-05",
            "price": "200.40",
            "revenue": 8424984
        },
        "2022-06": {
            "month": "2022-06",
            "price": "209.76",
            "revenue": 10385427
        },
        "2022-07": {
            "month": "2022-07",
            "price": "215.02",
            "revenue": 9600256
        },
        "2022-08": {
            "month": "2022-08",
            "price": "227.13",
            "revenue": 10392386
        },
        "2022-09": {
            "month": "2022-09",
            "price": "203.21",
            "revenue": 11931083
        },
        "2022-10": {
            "month": "2022-10",
            "price": "187.85",
            "revenue": 10528306
        },
        "2022-11": {
            "month": "2022-11",
            "price": "199.61",
            "revenue": 12488751
        },
        "2022-12": {
            "month": "2022-12",
            "price": "205.02",
            "revenue": 14309522
        },
        "2023-01": {
            "month": "2023-01",
            "price": "220.04",
            "revenue": 8845490
        },
        "2023-02": {
            "month": "2023-02",
            "price": "230.22",
            "revenue": 9521467
        },
        "2023-03": {
            "month": "2023-03",
            "price": "243.37",
            "revenue": 10373974
        },
        "2023-04": {
            "month": "2023-04",
            "price": "253.41",
            "revenue": 9325141
        },
        "2023-05": {
            "month": "2023-05",
            "price": "271.25",
            "revenue": 9495447
        },
        "2023-06": {
            "month": "2023-06",
            "price": "276.85",
            "revenue": 10112928
        },
        "2023-07": {
            "month": "2023-07",
            "price": "297.21",
            "revenue": 9215653
        },
        "2023-08": {
            "month": "2023-08",
            "price": "268.23",
            "revenue": 9924202
        },
        "2023-09": {
            "month": "2023-09",
            "price": "269.30",
            "revenue": 10784809
        },
        "2023-10": {
            "month": "2023-10",
            "price": "256.95",
            "revenue": 10175924
        },
        "2023-11": {
            "month": "2023-11",
            "price": "265.20",
            "revenue": 11159473
        },
        "2023-12": {
            "month": "2023-12",
            "price": "270.76",
            "revenue": 12890483
        }
    }
}
