{
    "summary": {
        "stock_name": "矽力*-KY",
        "stock_id": "6415",
        "category": "半導體",
        "main_business": "電源管理IC 之研發設計及銷售",
        "website_url": "http://www.silergy.com",
        "ceo": "游步東及Michael Grimm",
        "pe_ratio": 32,
        "report_year_from": 2011,
        "report_year_to": 2023,
        "age": 12,
        "eps_negative_percentage": 0,
        "eps_growth_avg": {
            "last_all": 30.37,
            "last_2y": 25.74,
            "last_4y": 19.05,
            "last_8y": 30.37,
            "last_12y": null,
            "last_16y": null,
            "last_20y": null,
            "at_2006_last_3y": null,
            "at_2007_last_3y": null,
            "at_2008_last_3y": null,
            "at_2009_last_3y": null,
            "at_2010_last_3y": null,
            "at_2011_last_3y": null,
            "at_2012_last_3y": null,
            "at_2013_last_3y": null,
            "at_2014_last_3y": null,
            "at_2015_last_3y": null,
            "at_2016_last_3y": null,
            "at_2017_last_3y": 44.52,
            "at_2018_last_3y": 20.29,
            "at_2019_last_3y": 14.93,
            "at_2020_last_3y": 18.31,
            "at_2021_last_3y": 34.67,
            "at_2022_last_3y": 23.05,
            "at_2023_last_3y": 23.05,
            "at_2006_last_all": null,
            "at_2007_last_all": null,
            "at_2008_last_all": null,
            "at_2009_last_all": null,
            "at_2010_last_all": null,
            "at_2011_last_all": null,
            "at_2012_last_all": null,
            "at_2013_last_all": null,
            "at_2014_last_all": null,
            "at_2015_last_all": 68.21,
            "at_2016_last_all": 52.11,
            "at_2017_last_all": 44.52,
            "at_2018_last_all": 36.23,
            "at_2019_last_all": 32.69,
            "at_2020_last_all": 32.8,
            "at_2021_last_all": 39.59,
            "at_2022_last_all": 30.37,
            "at_2023_last_all": 30.37
        },
        "latest_eps": 12.25,
        "latest_price": 397,
        "latest_roe": 16.74,
        "latest_gross_margin": 44.54,
        "latest_equity": 30417325,
        "latest_revenue": 3434664,
        "latest_gross_profit": 1529910,
        "latest_net_income": 174866,
        "latest_debt_ratio": 14.58,
        "latest_current_ratio": 632.3,
        "latest_account_receivable_turnover_ratio": 2.27,
        "latest_inventory_turnover_ratio": 0.39,
        "latest_reinvestment_rate": 19.67,
        "latest_research_to_sale_ratio": 34.02
    },
    "eps_dividends": {
        "2001": {
            "cash": 0,
            "stock": 0,
            "eps": 0
        },
        "2002": {
            "cash": 0,
            "stock": 0,
            "eps": 0
        },
        "2003": {
            "cash": 0,
            "stock": 0,
            "eps": 0
        },
        "2004": {
            "cash": 0,
            "stock": 0,
            "eps": 0
        },
        "2005": {
            "cash": 0,
            "stock": 0,
            "eps": 0
        },
        "2006": {
            "cash": 0,
            "stock": 0,
            "eps": 0
        },
        "2007": {
            "cash": 0,
            "stock": 0,
            "eps": 0
        },
        "2008": {
            "cash": 0,
            "stock": 0,
            "eps": 0
        },
        "2009": {
            "cash": 0,
            "stock": 0,
            "eps": 0
        },
        "2010": {
            "cash": 0,
            "stock": 0,
            "eps": 0
        },
        "2011": {
            "cash": 0,
            "stock": 0,
            "eps": 0
        },
        "2012": {
            "cash": 0,
            "stock": 0,
            "eps": 0
        },
        "2013": {
            "cash": 0,
            "stock": 0,
            "eps": 3.12
        },
        "2014": {
            "cash": 3,
            "stock": 2,
            "eps": 8.54
        },
        "2015": {
            "cash": 4,
            "stock": 0,
            "eps": 11.65
        },
        "2016": {
            "cash": 2,
            "stock": 0,
            "eps": 13.97
        },
        "2017": {
            "cash": 5,
            "stock": 0,
            "eps": 17.01
        },
        "2018": {
            "cash": 6,
            "stock": 0,
            "eps": 17.53
        },
        "2019": {
            "cash": 6.5,
            "stock": 0,
            "eps": 20.16
        },
        "2020": {
            "cash": 7.5,
            "stock": 0,
            "eps": 26.9
        },
        "2021": {
            "cash": 10.5,
            "stock": 0,
            "eps": 50.35
        },
        "2022": {
            "cash": 18,
            "stock": 0,
            "eps": 28.5
        },
        "2023": {
            "cash": 4.5,
            "stock": 0,
            "eps": 0.57
        }
    },
    "dividends": {
        "2014-08-25": {
            "cash": 3,
            "stock": 2
        },
        "2015-08-05": {
            "cash": 4,
            "stock": 0
        },
        "2016-08-26": {
            "cash": 2,
            "stock": 0
        },
        "2017-07-27": {
            "cash": 5,
            "stock": 0
        },
        "2018-07-27": {
            "cash": 6,
            "stock": 0
        },
        "2019-08-09": {
            "cash": 6.5,
            "stock": 0
        },
        "2020-08-14": {
            "cash": 7.5,
            "stock": 0
        },
        "2021-08-13": {
            "cash": 10.5,
            "stock": 0
        },
        "2022-04-22": {
            "cash": 18,
            "stock": 0
        },
        "2023-04-21": {
            "cash": 4.5,
            "stock": 0
        }
    },
    "prices": {
        "200101": "無",
        "200102": "無",
        "200103": "無",
        "200104": "無",
        "200105": "無",
        "200106": "無",
        "200107": "無",
        "200108": "無",
        "200109": "無",
        "200110": "無",
        "200111": "無",
        "200112": "無",
        "200201": "無",
        "200202": "無",
        "200203": "無",
        "200204": "無",
        "200205": "無",
        "200206": "無",
        "200207": "無",
        "200208": "無",
        "200209": "無",
        "200210": "無",
        "200211": "無",
        "200212": "無",
        "200301": "無",
        "200302": "無",
        "200303": "無",
        "200304": "無",
        "200305": "無",
        "200306": "無",
        "200307": "無",
        "200308": "無",
        "200309": "無",
        "200310": "無",
        "200311": "無",
        "200312": "無",
        "200401": "無",
        "200402": "無",
        "200403": "無",
        "200404": "無",
        "200405": "無",
        "200406": "無",
        "200407": "無",
        "200408": "無",
        "200409": "無",
        "200410": "無",
        "200411": "無",
        "200412": "無",
        "200501": "無",
        "200502": "無",
        "200503": "無",
        "200504": "無",
        "200505": "無",
        "200506": "無",
        "200507": "無",
        "200508": "無",
        "200509": "無",
        "200510": "無",
        "200511": "無",
        "200512": "無",
        "200601": "無",
        "200602": "無",
        "200603": "無",
        "200604": "無",
        "200605": "無",
        "200606": "無",
        "200607": "無",
        "200608": "無",
        "200609": "無",
        "200610": "無",
        "200611": "無",
        "200612": "無",
        "200701": "無",
        "200702": "無",
        "200703": "無",
        "200704": "無",
        "200705": "無",
        "200706": "無",
        "200707": "無",
        "200708": "無",
        "200709": "無",
        "200710": "無",
        "200711": "無",
        "200712": "無",
        "200801": "無",
        "200802": "無",
        "200803": "無",
        "200804": "無",
        "200805": "無",
        "200806": "無",
        "200807": "無",
        "200808": "無",
        "200809": "無",
        "200810": "無",
        "200811": "無",
        "200812": "無",
        "200901": "無",
        "200902": "無",
        "200903": "無",
        "200904": "無",
        "200905": "無",
        "200906": "無",
        "200907": "無",
        "200908": "無",
        "200909": "無",
        "200910": "無",
        "200911": "無",
        "200912": "無",
        "201001": "無",
        "201002": "無",
        "201003": "無",
        "201004": "無",
        "201005": "無",
        "201006": "無",
        "201007": "無",
        "201008": "無",
        "201009": "無",
        "201010": "無",
        "201011": "無",
        "201012": "無",
        "201101": "無",
        "201102": "無",
        "201103": "無",
        "201104": "無",
        "201105": "無",
        "201106": "無",
        "201107": "無",
        "201108": "無",
        "201109": "無",
        "201110": "無",
        "201111": "無",
        "201112": "無",
        "201201": "無",
        "201202": "無",
        "201203": "無",
        "201204": "無",
        "201205": "無",
        "201206": "無",
        "201207": "無",
        "201208": "無",
        "201209": "無",
        "201210": "無",
        "201211": "無",
        "201212": "無",
        "201301": "無",
        "201302": "無",
        "201303": "無",
        "201304": "無",
        "201305": "無",
        "201306": "無",
        "201307": "無",
        "201308": "無",
        "201309": "無",
        "201310": "無",
        "201311": "無",
        "201312": "230.29",
        "201401": "219.44",
        "201402": "227.15",
        "201403": "285.50",
        "201404": "275.12",
        "201405": "256.12",
        "201406": "275.32",
        "201407": "277.82",
        "201408": "263.45",
        "201409": "248.86",
        "201410": "216.82",
        "201411": "238.02",
        "201412": "253.33",
        "201501": "237.52",
        "201502": "230.15",
        "201503": "228.45",
        "201504": "273.00",
        "201505": "305.58",
        "201506": "318.05",
        "201507": "315.73",
        "201508": "293.60",
        "201509": "294.72",
        "201510": "324.14",
        "201511": "358.36",
        "201512": "372.91",
        "201601": "384.79",
        "201602": "429.19",
        "201603": "429.07",
        "201604": "430.89",
        "201605": "399.98",
        "201606": "360.52",
        "201607": "380.58",
        "201608": "442.70",
        "201609": "464.50",
        "201610": "455.02",
        "201611": "475.59",
        "201612": "461.39",
        "201701": "476.25",
        "201702": "501.72",
        "201703": "547.07",
        "201704": "540.22",
        "201705": "572.70",
        "201706": "574.57",
        "201707": "585.24",
        "201708": "628.48",
        "201709": "676.55",
        "201710": "688.63",
        "201711": "650.23",
        "201712": "636.81",
        "201801": "644.64",
        "201802": "619.54",
        "201803": "645.57",
        "201804": "624.17",
        "201805": "646.36",
        "201806": "708.10",
        "201807": "710.32",
        "201808": "636.39",
        "201809": "574.00",
        "201810": "443.25",
        "201811": "431.70",
        "201812": "475.50",
        "201901": "454.90",
        "201902": "499.19",
        "201903": "497.32",
        "201904": "491.48",
        "201905": "481.05",
        "201906": "499.84",
        "201907": "623.48",
        "201908": "656.95",
        "201909": "723.74",
        "201910": "802.10",
        "201911": "904.10",
        "201912": "940.00",
        "202001": "1058.87",
        "202002": "1092.63",
        "202003": "957.64",
        "202004": "1164.75",
        "202005": "1385.00",
        "202006": "1703.75",
        "202007": "1829.13",
        "202008": "1791.67",
        "202009": "1752.27",
        "202010": "1893.16",
        "202011": "2213.81",
        "202012": "2369.57",
        "202101": "2617.50",
        "202102": "2896.54",
        "202103": "2397.50",
        "202104": "2632.11",
        "202105": "3078.57",
        "202106": "3424.76",
        "202107": "3842.50",
        "202108": "3774.09",
        "202109": "4192.75",
        "202110": "4117.50",
        "202111": "4855.23",
        "202112": "4654.09",
        "202201": "4078.61",
        "202202": "3783.00",
        "202203": "3376.52",
        "202204": "2814.74",
        "202205": "2697.86",
        "202206": "2595.00",
        "202207": "913.50",
        "202208": "574.09",
        "202209": "480.00",
        "202210": "408.42",
        "202211": "450.84",
        "202212": "478.57",
        "202301": "511.69",
        "202302": "598.33",
        "202303": "529.41",
        "202304": "485.24",
        "202305": "419.67"
    },
    "quarters": {
        "20011": {
            "year_quarter": 20011,
            "year": 2001,
            "quarter": 1,
            "eps": null,
            "eps_growth_year": null,
            "eps_4q": null,
            "eps_4q_growth_year": null,
            "roe": null,
            "roe_4q": 0,
            "gross_profit": null,
            "gross_margin": null,
            "gross_margin_4q_avg": 0,
            "net_income": null,
            "revenue": null,
            "common_shares": null,
            "book_valuer_per_share": null,
            "book_valuer_per_share_4q_avg": 0,
            "equity": null,
            "current_ratio": null,
            "debt_ratio": null,
            "inventory_turnover_ratio": null,
            "account_receivable_turnover_ratio": null,
            "reinvestment_rate": null,
            "research_to_sale_ratio": null,
            "price_fair": 0,
            "eps_avg_yearly": 0,
            "eps_latest_yearly": 0,
            "eps_growth_yearly": 0
        },
        "20012": {
            "year_quarter": 20012,
            "year": 2001,
            "quarter": 2,
            "eps": null,
            "eps_growth_year": null,
            "eps_4q": null,
            "eps_4q_growth_year": null,
            "roe": null,
            "roe_4q": 0,
            "gross_profit": null,
            "gross_margin": null,
            "gross_margin_4q_avg": 0,
            "net_income": null,
            "revenue": null,
            "common_shares": null,
            "book_valuer_per_share": null,
            "book_valuer_per_share_4q_avg": 0,
            "equity": null,
            "current_ratio": null,
            "debt_ratio": null,
            "inventory_turnover_ratio": null,
            "account_receivable_turnover_ratio": null,
            "reinvestment_rate": null,
            "research_to_sale_ratio": null,
            "price_fair": 0,
            "eps_avg_yearly": 0,
            "eps_latest_yearly": 0,
            "eps_growth_yearly": 0
        },
        "20013": {
            "year_quarter": 20013,
            "year": 2001,
            "quarter": 3,
            "eps": null,
            "eps_growth_year": null,
            "eps_4q": null,
            "eps_4q_growth_year": null,
            "roe": null,
            "roe_4q": 0,
            "gross_profit": null,
            "gross_margin": null,
            "gross_margin_4q_avg": 0,
            "net_income": null,
            "revenue": null,
            "common_shares": null,
            "book_valuer_per_share": null,
            "book_valuer_per_share_4q_avg": 0,
            "equity": null,
            "current_ratio": null,
            "debt_ratio": null,
            "inventory_turnover_ratio": null,
            "account_receivable_turnover_ratio": null,
            "reinvestment_rate": null,
            "research_to_sale_ratio": null,
            "price_fair": 0,
            "eps_avg_yearly": 0,
            "eps_latest_yearly": 0,
            "eps_growth_yearly": 0
        },
        "20014": {
            "year_quarter": 20014,
            "year": 2001,
            "quarter": 4,
            "eps": null,
            "eps_growth_year": null,
            "eps_4q": null,
            "eps_4q_growth_year": null,
            "roe": null,
            "roe_4q": 0,
            "gross_profit": null,
            "gross_margin": null,
            "gross_margin_4q_avg": 0,
            "net_income": null,
            "revenue": null,
            "common_shares": null,
            "book_valuer_per_share": null,
            "book_valuer_per_share_4q_avg": 0,
            "equity": null,
            "current_ratio": null,
            "debt_ratio": null,
            "inventory_turnover_ratio": null,
            "account_receivable_turnover_ratio": null,
            "reinvestment_rate": null,
            "research_to_sale_ratio": null,
            "price_fair": 0,
            "eps_avg_yearly": 0,
            "eps_latest_yearly": 0,
            "eps_growth_yearly": 0
        },
        "20021": {
            "year_quarter": 20021,
            "year": 2002,
            "quarter": 1,
            "eps": null,
            "eps_growth_year": null,
            "eps_4q": null,
            "eps_4q_growth_year": null,
            "roe": null,
            "roe_4q": 0,
            "gross_profit": null,
            "gross_margin": null,
            "gross_margin_4q_avg": 0,
            "net_income": null,
            "revenue": null,
            "common_shares": null,
            "book_valuer_per_share": null,
            "book_valuer_per_share_4q_avg": 0,
            "equity": null,
            "current_ratio": null,
            "debt_ratio": null,
            "inventory_turnover_ratio": null,
            "account_receivable_turnover_ratio": null,
            "reinvestment_rate": null,
            "research_to_sale_ratio": null,
            "price_fair": 0,
            "eps_avg_yearly": 0,
            "eps_latest_yearly": 0,
            "eps_growth_yearly": 0
        },
        "20022": {
            "year_quarter": 20022,
            "year": 2002,
            "quarter": 2,
            "eps": null,
            "eps_growth_year": null,
            "eps_4q": null,
            "eps_4q_growth_year": null,
            "roe": null,
            "roe_4q": 0,
            "gross_profit": null,
            "gross_margin": null,
            "gross_margin_4q_avg": 0,
            "net_income": null,
            "revenue": null,
            "common_shares": null,
            "book_valuer_per_share": null,
            "book_valuer_per_share_4q_avg": 0,
            "equity": null,
            "current_ratio": null,
            "debt_ratio": null,
            "inventory_turnover_ratio": null,
            "account_receivable_turnover_ratio": null,
            "reinvestment_rate": null,
            "research_to_sale_ratio": null,
            "price_fair": 0,
            "eps_avg_yearly": 0,
            "eps_latest_yearly": 0,
            "eps_growth_yearly": 0
        },
        "20023": {
            "year_quarter": 20023,
            "year": 2002,
            "quarter": 3,
            "eps": null,
            "eps_growth_year": null,
            "eps_4q": null,
            "eps_4q_growth_year": null,
            "roe": null,
            "roe_4q": 0,
            "gross_profit": null,
            "gross_margin": null,
            "gross_margin_4q_avg": 0,
            "net_income": null,
            "revenue": null,
            "common_shares": null,
            "book_valuer_per_share": null,
            "book_valuer_per_share_4q_avg": 0,
            "equity": null,
            "current_ratio": null,
            "debt_ratio": null,
            "inventory_turnover_ratio": null,
            "account_receivable_turnover_ratio": null,
            "reinvestment_rate": null,
            "research_to_sale_ratio": null,
            "price_fair": 0,
            "eps_avg_yearly": 0,
            "eps_latest_yearly": 0,
            "eps_growth_yearly": 0
        },
        "20024": {
            "year_quarter": 20024,
            "year": 2002,
            "quarter": 4,
            "eps": null,
            "eps_growth_year": null,
            "eps_4q": null,
            "eps_4q_growth_year": null,
            "roe": null,
            "roe_4q": 0,
            "gross_profit": null,
            "gross_margin": null,
            "gross_margin_4q_avg": 0,
            "net_income": null,
            "revenue": null,
            "common_shares": null,
            "book_valuer_per_share": null,
            "book_valuer_per_share_4q_avg": 0,
            "equity": null,
            "current_ratio": null,
            "debt_ratio": null,
            "inventory_turnover_ratio": null,
            "account_receivable_turnover_ratio": null,
            "reinvestment_rate": null,
            "research_to_sale_ratio": null,
            "price_fair": 0,
            "eps_avg_yearly": 0,
            "eps_latest_yearly": 0,
            "eps_growth_yearly": 0
        },
        "20031": {
            "year_quarter": 20031,
            "year": 2003,
            "quarter": 1,
            "eps": null,
            "eps_growth_year": null,
            "eps_4q": null,
            "eps_4q_growth_year": null,
            "roe": null,
            "roe_4q": 0,
            "gross_profit": null,
            "gross_margin": null,
            "gross_margin_4q_avg": 0,
            "net_income": null,
            "revenue": null,
            "common_shares": null,
            "book_valuer_per_share": null,
            "book_valuer_per_share_4q_avg": 0,
            "equity": null,
            "current_ratio": null,
            "debt_ratio": null,
            "inventory_turnover_ratio": null,
            "account_receivable_turnover_ratio": null,
            "reinvestment_rate": null,
            "research_to_sale_ratio": null,
            "price_fair": 0,
            "eps_avg_yearly": 0,
            "eps_latest_yearly": 0,
            "eps_growth_yearly": 0
        },
        "20032": {
            "year_quarter": 20032,
            "year": 2003,
            "quarter": 2,
            "eps": null,
            "eps_growth_year": null,
            "eps_4q": null,
            "eps_4q_growth_year": null,
            "roe": null,
            "roe_4q": 0,
            "gross_profit": null,
            "gross_margin": null,
            "gross_margin_4q_avg": 0,
            "net_income": null,
            "revenue": null,
            "common_shares": null,
            "book_valuer_per_share": null,
            "book_valuer_per_share_4q_avg": 0,
            "equity": null,
            "current_ratio": null,
            "debt_ratio": null,
            "inventory_turnover_ratio": null,
            "account_receivable_turnover_ratio": null,
            "reinvestment_rate": null,
            "research_to_sale_ratio": null,
            "price_fair": 0,
            "eps_avg_yearly": 0,
            "eps_latest_yearly": 0,
            "eps_growth_yearly": 0
        },
        "20033": {
            "year_quarter": 20033,
            "year": 2003,
            "quarter": 3,
            "eps": null,
            "eps_growth_year": null,
            "eps_4q": null,
            "eps_4q_growth_year": null,
            "roe": null,
            "roe_4q": 0,
            "gross_profit": null,
            "gross_margin": null,
            "gross_margin_4q_avg": 0,
            "net_income": null,
            "revenue": null,
            "common_shares": null,
            "book_valuer_per_share": null,
            "book_valuer_per_share_4q_avg": 0,
            "equity": null,
            "current_ratio": null,
            "debt_ratio": null,
            "inventory_turnover_ratio": null,
            "account_receivable_turnover_ratio": null,
            "reinvestment_rate": null,
            "research_to_sale_ratio": null,
            "price_fair": 0,
            "eps_avg_yearly": 0,
            "eps_latest_yearly": 0,
            "eps_growth_yearly": 0
        },
        "20034": {
            "year_quarter": 20034,
            "year": 2003,
            "quarter": 4,
            "eps": null,
            "eps_growth_year": null,
            "eps_4q": null,
            "eps_4q_growth_year": null,
            "roe": null,
            "roe_4q": 0,
            "gross_profit": null,
            "gross_margin": null,
            "gross_margin_4q_avg": 0,
            "net_income": null,
            "revenue": null,
            "common_shares": null,
            "book_valuer_per_share": null,
            "book_valuer_per_share_4q_avg": 0,
            "equity": null,
            "current_ratio": null,
            "debt_ratio": null,
            "inventory_turnover_ratio": null,
            "account_receivable_turnover_ratio": null,
            "reinvestment_rate": null,
            "research_to_sale_ratio": null,
            "price_fair": 0,
            "eps_avg_yearly": 0,
            "eps_latest_yearly": 0,
            "eps_growth_yearly": 0
        },
        "20041": {
            "year_quarter": 20041,
            "year": 2004,
            "quarter": 1,
            "eps": null,
            "eps_growth_year": null,
            "eps_4q": null,
            "eps_4q_growth_year": null,
            "roe": null,
            "roe_4q": 0,
            "gross_profit": null,
            "gross_margin": null,
            "gross_margin_4q_avg": 0,
            "net_income": null,
            "revenue": null,
            "common_shares": null,
            "book_valuer_per_share": null,
            "book_valuer_per_share_4q_avg": 0,
            "equity": null,
            "current_ratio": null,
            "debt_ratio": null,
            "inventory_turnover_ratio": null,
            "account_receivable_turnover_ratio": null,
            "reinvestment_rate": null,
            "research_to_sale_ratio": null,
            "price_fair": 0,
            "eps_avg_yearly": 0,
            "eps_latest_yearly": 0,
            "eps_growth_yearly": 0
        },
        "20042": {
            "year_quarter": 20042,
            "year": 2004,
            "quarter": 2,
            "eps": null,
            "eps_growth_year": null,
            "eps_4q": null,
            "eps_4q_growth_year": null,
            "roe": null,
            "roe_4q": 0,
            "gross_profit": null,
            "gross_margin": null,
            "gross_margin_4q_avg": 0,
            "net_income": null,
            "revenue": null,
            "common_shares": null,
            "book_valuer_per_share": null,
            "book_valuer_per_share_4q_avg": 0,
            "equity": null,
            "current_ratio": null,
            "debt_ratio": null,
            "inventory_turnover_ratio": null,
            "account_receivable_turnover_ratio": null,
            "reinvestment_rate": null,
            "research_to_sale_ratio": null,
            "price_fair": 0,
            "eps_avg_yearly": 0,
            "eps_latest_yearly": 0,
            "eps_growth_yearly": 0
        },
        "20043": {
            "year_quarter": 20043,
            "year": 2004,
            "quarter": 3,
            "eps": null,
            "eps_growth_year": null,
            "eps_4q": null,
            "eps_4q_growth_year": null,
            "roe": null,
            "roe_4q": 0,
            "gross_profit": null,
            "gross_margin": null,
            "gross_margin_4q_avg": 0,
            "net_income": null,
            "revenue": null,
            "common_shares": null,
            "book_valuer_per_share": null,
            "book_valuer_per_share_4q_avg": 0,
            "equity": null,
            "current_ratio": null,
            "debt_ratio": null,
            "inventory_turnover_ratio": null,
            "account_receivable_turnover_ratio": null,
            "reinvestment_rate": null,
            "research_to_sale_ratio": null,
            "price_fair": 0,
            "eps_avg_yearly": 0,
            "eps_latest_yearly": 0,
            "eps_growth_yearly": 0
        },
        "20044": {
            "year_quarter": 20044,
            "year": 2004,
            "quarter": 4,
            "eps": null,
            "eps_growth_year": null,
            "eps_4q": null,
            "eps_4q_growth_year": null,
            "roe": null,
            "roe_4q": 0,
            "gross_profit": null,
            "gross_margin": null,
            "gross_margin_4q_avg": 0,
            "net_income": null,
            "revenue": null,
            "common_shares": null,
            "book_valuer_per_share": null,
            "book_valuer_per_share_4q_avg": 0,
            "equity": null,
            "current_ratio": null,
            "debt_ratio": null,
            "inventory_turnover_ratio": null,
            "account_receivable_turnover_ratio": null,
            "reinvestment_rate": null,
            "research_to_sale_ratio": null,
            "price_fair": 0,
            "eps_avg_yearly": 0,
            "eps_latest_yearly": 0,
            "eps_growth_yearly": 0
        },
        "20051": {
            "year_quarter": 20051,
            "year": 2005,
            "quarter": 1,
            "eps": null,
            "eps_growth_year": null,
            "eps_4q": null,
            "eps_4q_growth_year": null,
            "roe": null,
            "roe_4q": 0,
            "gross_profit": null,
            "gross_margin": null,
            "gross_margin_4q_avg": 0,
            "net_income": null,
            "revenue": null,
            "common_shares": null,
            "book_valuer_per_share": null,
            "book_valuer_per_share_4q_avg": 0,
            "equity": null,
            "current_ratio": null,
            "debt_ratio": null,
            "inventory_turnover_ratio": null,
            "account_receivable_turnover_ratio": null,
            "reinvestment_rate": null,
            "research_to_sale_ratio": null,
            "price_fair": 0,
            "eps_avg_yearly": 0,
            "eps_latest_yearly": 0,
            "eps_growth_yearly": 0
        },
        "20052": {
            "year_quarter": 20052,
            "year": 2005,
            "quarter": 2,
            "eps": null,
            "eps_growth_year": null,
            "eps_4q": null,
            "eps_4q_growth_year": null,
            "roe": null,
            "roe_4q": 0,
            "gross_profit": null,
            "gross_margin": null,
            "gross_margin_4q_avg": 0,
            "net_income": null,
            "revenue": null,
            "common_shares": null,
            "book_valuer_per_share": null,
            "book_valuer_per_share_4q_avg": 0,
            "equity": null,
            "current_ratio": null,
            "debt_ratio": null,
            "inventory_turnover_ratio": null,
            "account_receivable_turnover_ratio": null,
            "reinvestment_rate": null,
            "research_to_sale_ratio": null,
            "price_fair": 0,
            "eps_avg_yearly": 0,
            "eps_latest_yearly": 0,
            "eps_growth_yearly": 0
        },
        "20053": {
            "year_quarter": 20053,
            "year": 2005,
            "quarter": 3,
            "eps": null,
            "eps_growth_year": null,
            "eps_4q": null,
            "eps_4q_growth_year": null,
            "roe": null,
            "roe_4q": 0,
            "gross_profit": null,
            "gross_margin": null,
            "gross_margin_4q_avg": 0,
            "net_income": null,
            "revenue": null,
            "common_shares": null,
            "book_valuer_per_share": null,
            "book_valuer_per_share_4q_avg": 0,
            "equity": null,
            "current_ratio": null,
            "debt_ratio": null,
            "inventory_turnover_ratio": null,
            "account_receivable_turnover_ratio": null,
            "reinvestment_rate": null,
            "research_to_sale_ratio": null,
            "price_fair": 0,
            "eps_avg_yearly": 0,
            "eps_latest_yearly": 0,
            "eps_growth_yearly": 0
        },
        "20054": {
            "year_quarter": 20054,
            "year": 2005,
            "quarter": 4,
            "eps": null,
            "eps_growth_year": null,
            "eps_4q": null,
            "eps_4q_growth_year": null,
            "roe": null,
            "roe_4q": 0,
            "gross_profit": null,
            "gross_margin": null,
            "gross_margin_4q_avg": 0,
            "net_income": null,
            "revenue": null,
            "common_shares": null,
            "book_valuer_per_share": null,
            "book_valuer_per_share_4q_avg": 0,
            "equity": null,
            "current_ratio": null,
            "debt_ratio": null,
            "inventory_turnover_ratio": null,
            "account_receivable_turnover_ratio": null,
            "reinvestment_rate": null,
            "research_to_sale_ratio": null,
            "price_fair": 0,
            "eps_avg_yearly": 0,
            "eps_latest_yearly": 0,
            "eps_growth_yearly": 0
        },
        "20061": {
            "year_quarter": 20061,
            "year": 2006,
            "quarter": 1,
            "eps": null,
            "eps_growth_year": null,
            "eps_4q": null,
            "eps_4q_growth_year": null,
            "roe": null,
            "roe_4q": 0,
            "gross_profit": null,
            "gross_margin": null,
            "gross_margin_4q_avg": 0,
            "net_income": null,
            "revenue": null,
            "common_shares": null,
            "book_valuer_per_share": null,
            "book_valuer_per_share_4q_avg": 0,
            "equity": null,
            "current_ratio": null,
            "debt_ratio": null,
            "inventory_turnover_ratio": null,
            "account_receivable_turnover_ratio": null,
            "reinvestment_rate": null,
            "research_to_sale_ratio": null,
            "price_fair": 0,
            "eps_avg_yearly": 0,
            "eps_latest_yearly": 0,
            "eps_growth_yearly": 0
        },
        "20062": {
            "year_quarter": 20062,
            "year": 2006,
            "quarter": 2,
            "eps": null,
            "eps_growth_year": null,
            "eps_4q": null,
            "eps_4q_growth_year": null,
            "roe": null,
            "roe_4q": 0,
            "gross_profit": null,
            "gross_margin": null,
            "gross_margin_4q_avg": 0,
            "net_income": null,
            "revenue": null,
            "common_shares": null,
            "book_valuer_per_share": null,
            "book_valuer_per_share_4q_avg": 0,
            "equity": null,
            "current_ratio": null,
            "debt_ratio": null,
            "inventory_turnover_ratio": null,
            "account_receivable_turnover_ratio": null,
            "reinvestment_rate": null,
            "research_to_sale_ratio": null,
            "price_fair": 0,
            "eps_avg_yearly": 0,
            "eps_latest_yearly": 0,
            "eps_growth_yearly": 0
        },
        "20063": {
            "year_quarter": 20063,
            "year": 2006,
            "quarter": 3,
            "eps": null,
            "eps_growth_year": null,
            "eps_4q": null,
            "eps_4q_growth_year": null,
            "roe": null,
            "roe_4q": 0,
            "gross_profit": null,
            "gross_margin": null,
            "gross_margin_4q_avg": 0,
            "net_income": null,
            "revenue": null,
            "common_shares": null,
            "book_valuer_per_share": null,
            "book_valuer_per_share_4q_avg": 0,
            "equity": null,
            "current_ratio": null,
            "debt_ratio": null,
            "inventory_turnover_ratio": null,
            "account_receivable_turnover_ratio": null,
            "reinvestment_rate": null,
            "research_to_sale_ratio": null,
            "price_fair": 0,
            "eps_avg_yearly": 0,
            "eps_latest_yearly": 0,
            "eps_growth_yearly": 0
        },
        "20064": {
            "year_quarter": 20064,
            "year": 2006,
            "quarter": 4,
            "eps": null,
            "eps_growth_year": null,
            "eps_4q": null,
            "eps_4q_growth_year": null,
            "roe": null,
            "roe_4q": 0,
            "gross_profit": null,
            "gross_margin": null,
            "gross_margin_4q_avg": 0,
            "net_income": null,
            "revenue": null,
            "common_shares": null,
            "book_valuer_per_share": null,
            "book_valuer_per_share_4q_avg": 0,
            "equity": null,
            "current_ratio": null,
            "debt_ratio": null,
            "inventory_turnover_ratio": null,
            "account_receivable_turnover_ratio": null,
            "reinvestment_rate": null,
            "research_to_sale_ratio": null,
            "price_fair": 0,
            "eps_avg_yearly": 0,
            "eps_latest_yearly": 0,
            "eps_growth_yearly": 0
        },
        "20071": {
            "year_quarter": 20071,
            "year": 2007,
            "quarter": 1,
            "eps": null,
            "eps_growth_year": null,
            "eps_4q": null,
            "eps_4q_growth_year": null,
            "roe": null,
            "roe_4q": 0,
            "gross_profit": null,
            "gross_margin": null,
            "gross_margin_4q_avg": 0,
            "net_income": null,
            "revenue": null,
            "common_shares": null,
            "book_valuer_per_share": null,
            "book_valuer_per_share_4q_avg": 0,
            "equity": null,
            "current_ratio": null,
            "debt_ratio": null,
            "inventory_turnover_ratio": null,
            "account_receivable_turnover_ratio": null,
            "reinvestment_rate": null,
            "research_to_sale_ratio": null,
            "price_fair": 0,
            "eps_avg_yearly": 0,
            "eps_latest_yearly": 0,
            "eps_growth_yearly": 0
        },
        "20072": {
            "year_quarter": 20072,
            "year": 2007,
            "quarter": 2,
            "eps": null,
            "eps_growth_year": null,
            "eps_4q": null,
            "eps_4q_growth_year": null,
            "roe": null,
            "roe_4q": 0,
            "gross_profit": null,
            "gross_margin": null,
            "gross_margin_4q_avg": 0,
            "net_income": null,
            "revenue": null,
            "common_shares": null,
            "book_valuer_per_share": null,
            "book_valuer_per_share_4q_avg": 0,
            "equity": null,
            "current_ratio": null,
            "debt_ratio": null,
            "inventory_turnover_ratio": null,
            "account_receivable_turnover_ratio": null,
            "reinvestment_rate": null,
            "research_to_sale_ratio": null,
            "price_fair": 0,
            "eps_avg_yearly": 0,
            "eps_latest_yearly": 0,
            "eps_growth_yearly": 0
        },
        "20073": {
            "year_quarter": 20073,
            "year": 2007,
            "quarter": 3,
            "eps": null,
            "eps_growth_year": null,
            "eps_4q": null,
            "eps_4q_growth_year": null,
            "roe": null,
            "roe_4q": 0,
            "gross_profit": null,
            "gross_margin": null,
            "gross_margin_4q_avg": 0,
            "net_income": null,
            "revenue": null,
            "common_shares": null,
            "book_valuer_per_share": null,
            "book_valuer_per_share_4q_avg": 0,
            "equity": null,
            "current_ratio": null,
            "debt_ratio": null,
            "inventory_turnover_ratio": null,
            "account_receivable_turnover_ratio": null,
            "reinvestment_rate": null,
            "research_to_sale_ratio": null,
            "price_fair": 0,
            "eps_avg_yearly": 0,
            "eps_latest_yearly": 0,
            "eps_growth_yearly": 0
        },
        "20074": {
            "year_quarter": 20074,
            "year": 2007,
            "quarter": 4,
            "eps": null,
            "eps_growth_year": null,
            "eps_4q": null,
            "eps_4q_growth_year": null,
            "roe": null,
            "roe_4q": 0,
            "gross_profit": null,
            "gross_margin": null,
            "gross_margin_4q_avg": 0,
            "net_income": null,
            "revenue": null,
            "common_shares": null,
            "book_valuer_per_share": null,
            "book_valuer_per_share_4q_avg": 0,
            "equity": null,
            "current_ratio": null,
            "debt_ratio": null,
            "inventory_turnover_ratio": null,
            "account_receivable_turnover_ratio": null,
            "reinvestment_rate": null,
            "research_to_sale_ratio": null,
            "price_fair": 0,
            "eps_avg_yearly": 0,
            "eps_latest_yearly": 0,
            "eps_growth_yearly": 0
        },
        "20081": {
            "year_quarter": 20081,
            "year": 2008,
            "quarter": 1,
            "eps": null,
            "eps_growth_year": null,
            "eps_4q": null,
            "eps_4q_growth_year": null,
            "roe": null,
            "roe_4q": 0,
            "gross_profit": null,
            "gross_margin": null,
            "gross_margin_4q_avg": 0,
            "net_income": null,
            "revenue": null,
            "common_shares": null,
            "book_valuer_per_share": null,
            "book_valuer_per_share_4q_avg": 0,
            "equity": null,
            "current_ratio": null,
            "debt_ratio": null,
            "inventory_turnover_ratio": null,
            "account_receivable_turnover_ratio": null,
            "reinvestment_rate": null,
            "research_to_sale_ratio": null,
            "price_fair": 0,
            "eps_avg_yearly": 0,
            "eps_latest_yearly": 0,
            "eps_growth_yearly": 0
        },
        "20082": {
            "year_quarter": 20082,
            "year": 2008,
            "quarter": 2,
            "eps": null,
            "eps_growth_year": null,
            "eps_4q": null,
            "eps_4q_growth_year": null,
            "roe": null,
            "roe_4q": 0,
            "gross_profit": null,
            "gross_margin": null,
            "gross_margin_4q_avg": 0,
            "net_income": null,
            "revenue": null,
            "common_shares": null,
            "book_valuer_per_share": null,
            "book_valuer_per_share_4q_avg": 0,
            "equity": null,
            "current_ratio": null,
            "debt_ratio": null,
            "inventory_turnover_ratio": null,
            "account_receivable_turnover_ratio": null,
            "reinvestment_rate": null,
            "research_to_sale_ratio": null,
            "price_fair": 0,
            "eps_avg_yearly": 0,
            "eps_latest_yearly": 0,
            "eps_growth_yearly": 0
        },
        "20083": {
            "year_quarter": 20083,
            "year": 2008,
            "quarter": 3,
            "eps": null,
            "eps_growth_year": null,
            "eps_4q": null,
            "eps_4q_growth_year": null,
            "roe": null,
            "roe_4q": 0,
            "gross_profit": null,
            "gross_margin": null,
            "gross_margin_4q_avg": 0,
            "net_income": null,
            "revenue": null,
            "common_shares": null,
            "book_valuer_per_share": null,
            "book_valuer_per_share_4q_avg": 0,
            "equity": null,
            "current_ratio": null,
            "debt_ratio": null,
            "inventory_turnover_ratio": null,
            "account_receivable_turnover_ratio": null,
            "reinvestment_rate": null,
            "research_to_sale_ratio": null,
            "price_fair": 0,
            "eps_avg_yearly": 0,
            "eps_latest_yearly": 0,
            "eps_growth_yearly": 0
        },
        "20084": {
            "year_quarter": 20084,
            "year": 2008,
            "quarter": 4,
            "eps": null,
            "eps_growth_year": null,
            "eps_4q": null,
            "eps_4q_growth_year": null,
            "roe": null,
            "roe_4q": 0,
            "gross_profit": null,
            "gross_margin": null,
            "gross_margin_4q_avg": 0,
            "net_income": null,
            "revenue": null,
            "common_shares": null,
            "book_valuer_per_share": null,
            "book_valuer_per_share_4q_avg": 0,
            "equity": null,
            "current_ratio": null,
            "debt_ratio": null,
            "inventory_turnover_ratio": null,
            "account_receivable_turnover_ratio": null,
            "reinvestment_rate": null,
            "research_to_sale_ratio": null,
            "price_fair": 0,
            "eps_avg_yearly": 0,
            "eps_latest_yearly": 0,
            "eps_growth_yearly": 0
        },
        "20091": {
            "year_quarter": 20091,
            "year": 2009,
            "quarter": 1,
            "eps": null,
            "eps_growth_year": null,
            "eps_4q": null,
            "eps_4q_growth_year": null,
            "roe": null,
            "roe_4q": 0,
            "gross_profit": null,
            "gross_margin": null,
            "gross_margin_4q_avg": 0,
            "net_income": null,
            "revenue": null,
            "common_shares": null,
            "book_valuer_per_share": null,
            "book_valuer_per_share_4q_avg": 0,
            "equity": null,
            "current_ratio": null,
            "debt_ratio": null,
            "inventory_turnover_ratio": null,
            "account_receivable_turnover_ratio": null,
            "reinvestment_rate": null,
            "research_to_sale_ratio": null,
            "price_fair": 0,
            "eps_avg_yearly": 0,
            "eps_latest_yearly": 0,
            "eps_growth_yearly": 0
        },
        "20092": {
            "year_quarter": 20092,
            "year": 2009,
            "quarter": 2,
            "eps": null,
            "eps_growth_year": null,
            "eps_4q": null,
            "eps_4q_growth_year": null,
            "roe": null,
            "roe_4q": 0,
            "gross_profit": null,
            "gross_margin": null,
            "gross_margin_4q_avg": 0,
            "net_income": null,
            "revenue": null,
            "common_shares": null,
            "book_valuer_per_share": null,
            "book_valuer_per_share_4q_avg": 0,
            "equity": null,
            "current_ratio": null,
            "debt_ratio": null,
            "inventory_turnover_ratio": null,
            "account_receivable_turnover_ratio": null,
            "reinvestment_rate": null,
            "research_to_sale_ratio": null,
            "price_fair": 0,
            "eps_avg_yearly": 0,
            "eps_latest_yearly": 0,
            "eps_growth_yearly": 0
        },
        "20093": {
            "year_quarter": 20093,
            "year": 2009,
            "quarter": 3,
            "eps": null,
            "eps_growth_year": null,
            "eps_4q": null,
            "eps_4q_growth_year": null,
            "roe": null,
            "roe_4q": 0,
            "gross_profit": null,
            "gross_margin": null,
            "gross_margin_4q_avg": 0,
            "net_income": null,
            "revenue": null,
            "common_shares": null,
            "book_valuer_per_share": null,
            "book_valuer_per_share_4q_avg": 0,
            "equity": null,
            "current_ratio": null,
            "debt_ratio": null,
            "inventory_turnover_ratio": null,
            "account_receivable_turnover_ratio": null,
            "reinvestment_rate": null,
            "research_to_sale_ratio": null,
            "price_fair": 0,
            "eps_avg_yearly": 0,
            "eps_latest_yearly": 0,
            "eps_growth_yearly": 0
        },
        "20094": {
            "year_quarter": 20094,
            "year": 2009,
            "quarter": 4,
            "eps": null,
            "eps_growth_year": null,
            "eps_4q": null,
            "eps_4q_growth_year": null,
            "roe": null,
            "roe_4q": 0,
            "gross_profit": null,
            "gross_margin": null,
            "gross_margin_4q_avg": 0,
            "net_income": null,
            "revenue": null,
            "common_shares": null,
            "book_valuer_per_share": null,
            "book_valuer_per_share_4q_avg": 0,
            "equity": null,
            "current_ratio": null,
            "debt_ratio": null,
            "inventory_turnover_ratio": null,
            "account_receivable_turnover_ratio": null,
            "reinvestment_rate": null,
            "research_to_sale_ratio": null,
            "price_fair": 0,
            "eps_avg_yearly": 0,
            "eps_latest_yearly": 0,
            "eps_growth_yearly": 0
        },
        "20101": {
            "year_quarter": 20101,
            "year": 2010,
            "quarter": 1,
            "eps": null,
            "eps_growth_year": null,
            "eps_4q": null,
            "eps_4q_growth_year": null,
            "roe": null,
            "roe_4q": 0,
            "gross_profit": null,
            "gross_margin": null,
            "gross_margin_4q_avg": 0,
            "net_income": null,
            "revenue": null,
            "common_shares": null,
            "book_valuer_per_share": null,
            "book_valuer_per_share_4q_avg": 0,
            "equity": null,
            "current_ratio": null,
            "debt_ratio": null,
            "inventory_turnover_ratio": null,
            "account_receivable_turnover_ratio": null,
            "reinvestment_rate": null,
            "research_to_sale_ratio": null,
            "price_fair": 0,
            "eps_avg_yearly": 0,
            "eps_latest_yearly": 0,
            "eps_growth_yearly": 0
        },
        "20102": {
            "year_quarter": 20102,
            "year": 2010,
            "quarter": 2,
            "eps": null,
            "eps_growth_year": null,
            "eps_4q": null,
            "eps_4q_growth_year": null,
            "roe": null,
            "roe_4q": 0,
            "gross_profit": null,
            "gross_margin": null,
            "gross_margin_4q_avg": 0,
            "net_income": null,
            "revenue": null,
            "common_shares": null,
            "book_valuer_per_share": null,
            "book_valuer_per_share_4q_avg": 0,
            "equity": null,
            "current_ratio": null,
            "debt_ratio": null,
            "inventory_turnover_ratio": null,
            "account_receivable_turnover_ratio": null,
            "reinvestment_rate": null,
            "research_to_sale_ratio": null,
            "price_fair": 0,
            "eps_avg_yearly": 0,
            "eps_latest_yearly": 0,
            "eps_growth_yearly": 0
        },
        "20103": {
            "year_quarter": 20103,
            "year": 2010,
            "quarter": 3,
            "eps": null,
            "eps_growth_year": null,
            "eps_4q": null,
            "eps_4q_growth_year": null,
            "roe": null,
            "roe_4q": 0,
            "gross_profit": null,
            "gross_margin": null,
            "gross_margin_4q_avg": 0,
            "net_income": null,
            "revenue": null,
            "common_shares": null,
            "book_valuer_per_share": null,
            "book_valuer_per_share_4q_avg": 0,
            "equity": null,
            "current_ratio": null,
            "debt_ratio": null,
            "inventory_turnover_ratio": null,
            "account_receivable_turnover_ratio": null,
            "reinvestment_rate": null,
            "research_to_sale_ratio": null,
            "price_fair": 0,
            "eps_avg_yearly": 0,
            "eps_latest_yearly": 0,
            "eps_growth_yearly": 0
        },
        "20104": {
            "year_quarter": 20104,
            "year": 2010,
            "quarter": 4,
            "eps": null,
            "eps_growth_year": null,
            "eps_4q": null,
            "eps_4q_growth_year": null,
            "roe": null,
            "roe_4q": 0,
            "gross_profit": null,
            "gross_margin": null,
            "gross_margin_4q_avg": 0,
            "net_income": null,
            "revenue": null,
            "common_shares": 54,
            "book_valuer_per_share": -3570.65,
            "book_valuer_per_share_4q_avg": -892.66,
            "equity": -77126,
            "current_ratio": 624.85,
            "debt_ratio": 135.62,
            "inventory_turnover_ratio": null,
            "account_receivable_turnover_ratio": null,
            "reinvestment_rate": null,
            "research_to_sale_ratio": null,
            "price_fair": 0,
            "eps_avg_yearly": 0,
            "eps_latest_yearly": 0,
            "eps_growth_yearly": 0
        },
        "20111": {
            "year_quarter": 20111,
            "year": 2011,
            "quarter": 1,
            "eps": null,
            "eps_growth_year": null,
            "eps_4q": null,
            "eps_4q_growth_year": null,
            "roe": null,
            "roe_4q": 0,
            "gross_profit": null,
            "gross_margin": null,
            "gross_margin_4q_avg": 0,
            "net_income": null,
            "revenue": null,
            "common_shares": null,
            "book_valuer_per_share": null,
            "book_valuer_per_share_4q_avg": -892.66,
            "equity": null,
            "current_ratio": null,
            "debt_ratio": null,
            "inventory_turnover_ratio": null,
            "account_receivable_turnover_ratio": null,
            "reinvestment_rate": null,
            "research_to_sale_ratio": null,
            "price_fair": 0,
            "eps_avg_yearly": 0,
            "eps_latest_yearly": 0,
            "eps_growth_yearly": 0
        },
        "20112": {
            "year_quarter": 20112,
            "year": 2011,
            "quarter": 2,
            "eps": null,
            "eps_growth_year": null,
            "eps_4q": null,
            "eps_4q_growth_year": null,
            "roe": null,
            "roe_4q": 0,
            "gross_profit": null,
            "gross_margin": null,
            "gross_margin_4q_avg": 0,
            "net_income": null,
            "revenue": null,
            "common_shares": null,
            "book_valuer_per_share": null,
            "book_valuer_per_share_4q_avg": -892.66,
            "equity": null,
            "current_ratio": null,
            "debt_ratio": null,
            "inventory_turnover_ratio": null,
            "account_receivable_turnover_ratio": null,
            "reinvestment_rate": null,
            "research_to_sale_ratio": null,
            "price_fair": 0,
            "eps_avg_yearly": 0,
            "eps_latest_yearly": 0,
            "eps_growth_yearly": 0
        },
        "20113": {
            "year_quarter": 20113,
            "year": 2011,
            "quarter": 3,
            "eps": null,
            "eps_growth_year": null,
            "eps_4q": null,
            "eps_4q_growth_year": null,
            "roe": null,
            "roe_4q": 0,
            "gross_profit": null,
            "gross_margin": null,
            "gross_margin_4q_avg": 0,
            "net_income": null,
            "revenue": null,
            "common_shares": null,
            "book_valuer_per_share": null,
            "book_valuer_per_share_4q_avg": -892.66,
            "equity": null,
            "current_ratio": null,
            "debt_ratio": null,
            "inventory_turnover_ratio": null,
            "account_receivable_turnover_ratio": null,
            "reinvestment_rate": null,
            "research_to_sale_ratio": null,
            "price_fair": 0,
            "eps_avg_yearly": 0,
            "eps_latest_yearly": 0,
            "eps_growth_yearly": 0
        },
        "20114": {
            "year_quarter": 20114,
            "year": 2011,
            "quarter": 4,
            "eps": null,
            "eps_growth_year": null,
            "eps_4q": null,
            "eps_4q_growth_year": null,
            "roe": null,
            "roe_4q": 0,
            "gross_profit": null,
            "gross_margin": null,
            "gross_margin_4q_avg": 0,
            "net_income": null,
            "revenue": null,
            "common_shares": 66,
            "book_valuer_per_share": -13912.12,
            "book_valuer_per_share_4q_avg": -3478.03,
            "equity": -91820,
            "current_ratio": 556.29,
            "debt_ratio": 112.53,
            "inventory_turnover_ratio": null,
            "account_receivable_turnover_ratio": null,
            "reinvestment_rate": null,
            "research_to_sale_ratio": null,
            "price_fair": 0,
            "eps_avg_yearly": 0,
            "eps_latest_yearly": 0,
            "eps_growth_yearly": 0
        },
        "20121": {
            "year_quarter": 20121,
            "year": 2012,
            "quarter": 1,
            "eps": null,
            "eps_growth_year": null,
            "eps_4q": null,
            "eps_4q_growth_year": null,
            "roe": null,
            "roe_4q": 0,
            "gross_profit": null,
            "gross_margin": null,
            "gross_margin_4q_avg": 0,
            "net_income": null,
            "revenue": null,
            "common_shares": null,
            "book_valuer_per_share": null,
            "book_valuer_per_share_4q_avg": -3478.03,
            "equity": null,
            "current_ratio": null,
            "debt_ratio": null,
            "inventory_turnover_ratio": null,
            "account_receivable_turnover_ratio": null,
            "reinvestment_rate": null,
            "research_to_sale_ratio": null,
            "price_fair": 0,
            "eps_avg_yearly": 0,
            "eps_latest_yearly": 0,
            "eps_growth_yearly": 0
        },
        "20122": {
            "year_quarter": 20122,
            "year": 2012,
            "quarter": 2,
            "eps": null,
            "eps_growth_year": null,
            "eps_4q": null,
            "eps_4q_growth_year": null,
            "roe": null,
            "roe_4q": 0,
            "gross_profit": null,
            "gross_margin": null,
            "gross_margin_4q_avg": 0,
            "net_income": null,
            "revenue": null,
            "common_shares": null,
            "book_valuer_per_share": null,
            "book_valuer_per_share_4q_avg": -3478.03,
            "equity": null,
            "current_ratio": null,
            "debt_ratio": null,
            "inventory_turnover_ratio": null,
            "account_receivable_turnover_ratio": null,
            "reinvestment_rate": null,
            "research_to_sale_ratio": null,
            "price_fair": 0,
            "eps_avg_yearly": 0,
            "eps_latest_yearly": 0,
            "eps_growth_yearly": 0
        },
        "20123": {
            "year_quarter": 20123,
            "year": 2012,
            "quarter": 3,
            "eps": null,
            "eps_growth_year": null,
            "eps_4q": null,
            "eps_4q_growth_year": null,
            "roe": null,
            "roe_4q": 0,
            "gross_profit": 183266,
            "gross_margin": null,
            "gross_margin_4q_avg": 0,
            "net_income": 102773,
            "revenue": 358413,
            "common_shares": 209,
            "book_valuer_per_share": null,
            "book_valuer_per_share_4q_avg": -3478.03,
            "equity": 841165,
            "current_ratio": null,
            "debt_ratio": null,
            "inventory_turnover_ratio": null,
            "account_receivable_turnover_ratio": null,
            "reinvestment_rate": null,
            "research_to_sale_ratio": null,
            "price_fair": 0,
            "eps_avg_yearly": 0,
            "eps_latest_yearly": 0,
            "eps_growth_yearly": 0
        },
        "20124": {
            "year_quarter": 20124,
            "year": 2012,
            "quarter": 4,
            "eps": null,
            "eps_growth_year": null,
            "eps_4q": null,
            "eps_4q_growth_year": null,
            "roe": null,
            "roe_4q": 0,
            "gross_profit": 227262,
            "gross_margin": null,
            "gross_margin_4q_avg": 0,
            "net_income": 135642,
            "revenue": 434320,
            "common_shares": 540000,
            "book_valuer_per_share": 19.16,
            "book_valuer_per_share_4q_avg": 4.79,
            "equity": 1034747,
            "current_ratio": 652.67,
            "debt_ratio": 14.61,
            "inventory_turnover_ratio": null,
            "account_receivable_turnover_ratio": null,
            "reinvestment_rate": null,
            "research_to_sale_ratio": null,
            "price_fair": 0,
            "eps_avg_yearly": 0,
            "eps_latest_yearly": 0,
            "eps_growth_yearly": 0
        },
        "20131": {
            "year_quarter": 20131,
            "year": 2013,
            "quarter": 1,
            "eps": null,
            "eps_growth_year": null,
            "eps_4q": null,
            "eps_4q_growth_year": null,
            "roe": null,
            "roe_4q": 0,
            "gross_profit": 186393,
            "gross_margin": null,
            "gross_margin_4q_avg": 0,
            "net_income": 94832,
            "revenue": 374734,
            "common_shares": 543633,
            "book_valuer_per_share": 5.41,
            "book_valuer_per_share_4q_avg": 6.14,
            "equity": 1177254,
            "current_ratio": 617.56,
            "debt_ratio": 15.36,
            "inventory_turnover_ratio": null,
            "account_receivable_turnover_ratio": null,
            "reinvestment_rate": null,
            "research_to_sale_ratio": null,
            "price_fair": 0,
            "eps_avg_yearly": 0,
            "eps_latest_yearly": 0,
            "eps_growth_yearly": 0
        },
        "20132": {
            "year_quarter": 20132,
            "year": 2013,
            "quarter": 2,
            "eps": null,
            "eps_growth_year": null,
            "eps_4q": null,
            "eps_4q_growth_year": null,
            "roe": null,
            "roe_4q": 0,
            "gross_profit": 231899,
            "gross_margin": null,
            "gross_margin_4q_avg": 0,
            "net_income": 120864,
            "revenue": 502726,
            "common_shares": 550597,
            "book_valuer_per_share": 6.07,
            "book_valuer_per_share_4q_avg": 7.66,
            "equity": 1336773,
            "current_ratio": 597.61,
            "debt_ratio": 15.85,
            "inventory_turnover_ratio": null,
            "account_receivable_turnover_ratio": null,
            "reinvestment_rate": null,
            "research_to_sale_ratio": null,
            "price_fair": 0,
            "eps_avg_yearly": 0,
            "eps_latest_yearly": 0,
            "eps_growth_yearly": 0
        },
        "20133": {
            "year_quarter": 20133,
            "year": 2013,
            "quarter": 3,
            "eps": 2.4,
            "eps_growth_year": null,
            "eps_4q": 0.6,
            "eps_4q_growth_year": null,
            "roe": 9.48,
            "roe_4q": 9.48,
            "gross_profit": 264022,
            "gross_margin": 49.03,
            "gross_margin_4q_avg": 12.26,
            "net_income": 132166,
            "revenue": 538477,
            "common_shares": 550597,
            "book_valuer_per_share": 26.37,
            "book_valuer_per_share_4q_avg": 14.25,
            "equity": 1451768,
            "current_ratio": 879.48,
            "debt_ratio": 10.79,
            "inventory_turnover_ratio": 0.67,
            "account_receivable_turnover_ratio": 7.38,
            "reinvestment_rate": null,
            "research_to_sale_ratio": 11.34,
            "price_fair": 0,
            "eps_avg_yearly": 0,
            "eps_latest_yearly": 0,
            "eps_growth_yearly": 0
        },
        "20134": {
            "year_quarter": 20134,
            "year": 2013,
            "quarter": 4,
            "eps": 0.72,
            "eps_growth_year": null,
            "eps_4q": 1.25,
            "eps_4q_growth_year": null,
            "roe": 8.8,
            "roe_4q": 18.28,
            "gross_profit": 324539,
            "gross_margin": 48.35,
            "gross_margin_4q_avg": 24.35,
            "net_income": 182439,
            "revenue": 671244,
            "common_shares": 630403,
            "book_valuer_per_share": 42.71,
            "book_valuer_per_share_4q_avg": 20.14,
            "equity": 2692346,
            "current_ratio": 1188.84,
            "debt_ratio": 8.12,
            "inventory_turnover_ratio": 1,
            "account_receivable_turnover_ratio": 4.34,
            "reinvestment_rate": null,
            "research_to_sale_ratio": 11.97,
            "price_fair": 8.64,
            "eps_avg_yearly": 2.88,
            "eps_latest_yearly": 2.88,
            "eps_growth_yearly": -280
        },
        "20141": {
            "year_quarter": 20141,
            "year": 2014,
            "quarter": 1,
            "eps": 1.82,
            "eps_growth_year": null,
            "eps_4q": 1.7,
            "eps_4q_growth_year": null,
            "roe": 4.13,
            "roe_4q": 22.41,
            "gross_profit": 266290,
            "gross_margin": 47.2,
            "gross_margin_4q_avg": 36.15,
            "net_income": 114667,
            "revenue": 564114,
            "common_shares": 630403,
            "book_valuer_per_share": 45.42,
            "book_valuer_per_share_4q_avg": 30.14,
            "equity": 2863597,
            "current_ratio": 1200.11,
            "debt_ratio": 8.06,
            "inventory_turnover_ratio": 0.93,
            "account_receivable_turnover_ratio": 3.38,
            "reinvestment_rate": null,
            "research_to_sale_ratio": 14.17,
            "price_fair": 177.8,
            "eps_avg_yearly": 5.08,
            "eps_latest_yearly": 7.28,
            "eps_growth_yearly": 165.56
        },
        "20142": {
            "year_quarter": 20142,
            "year": 2014,
            "quarter": 2,
            "eps": 3.12,
            "eps_growth_year": null,
            "eps_4q": 2.18,
            "eps_4q_growth_year": null,
            "roe": 8.25,
            "roe_4q": 30.66,
            "gross_profit": 396840,
            "gross_margin": 46.81,
            "gross_margin_4q_avg": 47.85,
            "net_income": 236158,
            "revenue": 847775,
            "common_shares": 635634,
            "book_valuer_per_share": 45.06,
            "book_valuer_per_share_4q_avg": 39.89,
            "equity": 2864165,
            "current_ratio": 602.67,
            "debt_ratio": 14.16,
            "inventory_turnover_ratio": 1.25,
            "account_receivable_turnover_ratio": 4.14,
            "reinvestment_rate": null,
            "research_to_sale_ratio": 11.48,
            "price_fair": 264.13,
            "eps_avg_yearly": 7.55,
            "eps_latest_yearly": 12.48,
            "eps_growth_yearly": 205.61
        },
        "20143": {
            "year_quarter": 20143,
            "year": 2014,
            "quarter": 3,
            "eps": 2.85,
            "eps_growth_year": 18.75,
            "eps_4q": 2.46,
            "eps_4q_growth_year": 310.19,
            "roe": 7.23,
            "roe_4q": 28.41,
            "gross_profit": 400588,
            "gross_margin": 43.79,
            "gross_margin_4q_avg": 46.54,
            "net_income": 216735,
            "revenue": 914720,
            "common_shares": 761715,
            "book_valuer_per_share": 41.16,
            "book_valuer_per_share_4q_avg": 43.59,
            "equity": 3134956,
            "current_ratio": 834.56,
            "debt_ratio": 9.94,
            "inventory_turnover_ratio": 1.25,
            "account_receivable_turnover_ratio": 3.43,
            "reinvestment_rate": null,
            "research_to_sale_ratio": 11.38,
            "price_fair": 297.85,
            "eps_avg_yearly": 8.51,
            "eps_latest_yearly": 11.4,
            "eps_growth_yearly": 145.55
        },
        "20144": {
            "year_quarter": 20144,
            "year": 2014,
            "quarter": 4,
            "eps": 0.75,
            "eps_growth_year": 4.1,
            "eps_4q": 2.59,
            "eps_4q_growth_year": 107.31,
            "roe": 7.02,
            "roe_4q": 26.63,
            "gross_profit": 424177,
            "gross_margin": 44.83,
            "gross_margin_4q_avg": 45.66,
            "net_income": 233170,
            "revenue": 946123,
            "common_shares": 773950,
            "book_valuer_per_share": 45.37,
            "book_valuer_per_share_4q_avg": 44.25,
            "equity": 3511516,
            "current_ratio": 820.61,
            "debt_ratio": 10.27,
            "inventory_turnover_ratio": 1.1,
            "account_receivable_turnover_ratio": 3.52,
            "reinvestment_rate": null,
            "research_to_sale_ratio": 11.53,
            "price_fair": 259.28,
            "eps_avg_yearly": 7.41,
            "eps_latest_yearly": 3,
            "eps_growth_yearly": 57.49
        },
        "20151": {
            "year_quarter": 20151,
            "year": 2015,
            "quarter": 1,
            "eps": 2.66,
            "eps_growth_year": 46.15,
            "eps_4q": 2.86,
            "eps_4q_growth_year": 68.26,
            "roe": 5.64,
            "roe_4q": 28.14,
            "gross_profit": 429749,
            "gross_margin": 47.54,
            "gross_margin_4q_avg": 45.74,
            "net_income": 203300,
            "revenue": 903951,
            "common_shares": 776218,
            "book_valuer_per_share": 47.57,
            "book_valuer_per_share_4q_avg": 44.79,
            "equity": 3692210,
            "current_ratio": 888.88,
            "debt_ratio": 9.3,
            "inventory_turnover_ratio": 0.91,
            "account_receivable_turnover_ratio": 3.4,
            "reinvestment_rate": null,
            "research_to_sale_ratio": 14.15,
            "price_fair": 278.13,
            "eps_avg_yearly": 7.95,
            "eps_latest_yearly": 10.64,
            "eps_growth_yearly": 217.69
        },
        "20152": {
            "year_quarter": 20152,
            "year": 2015,
            "quarter": 2,
            "eps": 4.01,
            "eps_growth_year": 28.53,
            "eps_4q": 3.09,
            "eps_4q_growth_year": 41.28,
            "roe": 8.36,
            "roe_4q": 28.25,
            "gross_profit": 590332,
            "gross_margin": 47.2,
            "gross_margin_4q_avg": 45.84,
            "net_income": 307326,
            "revenue": 1250695,
            "common_shares": 778285,
            "book_valuer_per_share": 47.07,
            "book_valuer_per_share_4q_avg": 45.29,
            "equity": 3663134,
            "current_ratio": 472.4,
            "debt_ratio": 17.44,
            "inventory_turnover_ratio": 1.15,
            "account_receivable_turnover_ratio": 3.74,
            "reinvestment_rate": null,
            "research_to_sale_ratio": 11.19,
            "price_fair": 318.6,
            "eps_avg_yearly": 9.1,
            "eps_latest_yearly": 16.04,
            "eps_growth_yearly": 215.59
        },
        "20153": {
            "year_quarter": 20153,
            "year": 2015,
            "quarter": 3,
            "eps": 3.68,
            "eps_growth_year": 29.12,
            "eps_4q": 3.28,
            "eps_4q_growth_year": 33.42,
            "roe": 7.21,
            "roe_4q": 28.23,
            "gross_profit": 553204,
            "gross_margin": 46.41,
            "gross_margin_4q_avg": 46.5,
            "net_income": 282575,
            "revenue": 1192005,
            "common_shares": 781302,
            "book_valuer_per_share": 53.39,
            "book_valuer_per_share_4q_avg": 48.35,
            "equity": 4171728,
            "current_ratio": 808.19,
            "debt_ratio": 10.06,
            "inventory_turnover_ratio": 0.86,
            "account_receivable_turnover_ratio": 3.24,
            "reinvestment_rate": null,
            "research_to_sale_ratio": 13.63,
            "price_fair": 343.18,
            "eps_avg_yearly": 9.81,
            "eps_latest_yearly": 14.72,
            "eps_growth_yearly": 184.53
        },
        "20154": {
            "year_quarter": 20154,
            "year": 2015,
            "quarter": 4,
            "eps": 1.3,
            "eps_growth_year": 73.15,
            "eps_4q": 3.84,
            "eps_4q_growth_year": 48.44,
            "roe": 9.3,
            "roe_4q": 30.51,
            "gross_profit": 607418,
            "gross_margin": 44.85,
            "gross_margin_4q_avg": 46.5,
            "net_income": 408040,
            "revenue": 1354330,
            "common_shares": 782206,
            "book_valuer_per_share": 58.91,
            "book_valuer_per_share_4q_avg": 51.74,
            "equity": 4607852,
            "current_ratio": 524.44,
            "debt_ratio": 13.63,
            "inventory_turnover_ratio": 0.79,
            "account_receivable_turnover_ratio": 3.97,
            "reinvestment_rate": null,
            "research_to_sale_ratio": 13.61,
            "price_fair": 325.27,
            "eps_avg_yearly": 9.29,
            "eps_latest_yearly": 5.2,
            "eps_growth_yearly": 135.28
        },
        "20161": {
            "year_quarter": 20161,
            "year": 2016,
            "quarter": 1,
            "eps": 3.09,
            "eps_growth_year": 16.17,
            "eps_4q": 3.95,
            "eps_4q_growth_year": 37.82,
            "roe": 5.06,
            "roe_4q": 29.93,
            "gross_profit": 597574,
            "gross_margin": 45.36,
            "gross_margin_4q_avg": 45.96,
            "net_income": 238548,
            "revenue": 1317347,
            "common_shares": 783013,
            "book_valuer_per_share": 61.48,
            "book_valuer_per_share_4q_avg": 55.21,
            "equity": 4813730,
            "current_ratio": 101.19,
            "debt_ratio": 44.64,
            "inventory_turnover_ratio": 0.67,
            "account_receivable_turnover_ratio": 3.99,
            "reinvestment_rate": null,
            "research_to_sale_ratio": 14.29,
            "price_fair": 336,
            "eps_avg_yearly": 9.6,
            "eps_latest_yearly": 12.36,
            "eps_growth_yearly": 176.83
        },
        "20162": {
            "year_quarter": 20162,
            "year": 2016,
            "quarter": 2,
            "eps": 4.43,
            "eps_growth_year": 10.47,
            "eps_4q": 4.06,
            "eps_4q_growth_year": 31.43,
            "roe": 6.98,
            "roe_4q": 28.55,
            "gross_profit": 845166,
            "gross_margin": 46.99,
            "gross_margin_4q_avg": 45.9,
            "net_income": 342515,
            "revenue": 1798697,
            "common_shares": 783995,
            "book_valuer_per_share": 63.79,
            "book_valuer_per_share_4q_avg": 59.39,
            "equity": 5001446,
            "current_ratio": 90.2,
            "debt_ratio": 45.97,
            "inventory_turnover_ratio": 0.86,
            "account_receivable_turnover_ratio": 3.24,
            "reinvestment_rate": 32.03,
            "research_to_sale_ratio": 13.87,
            "price_fair": 361.84,
            "eps_avg_yearly": 10.34,
            "eps_latest_yearly": 17.72,
            "eps_growth_yearly": 176.52
        },
        "20163": {
            "year_quarter": 20163,
            "year": 2016,
            "quarter": 3,
            "eps": 4.96,
            "eps_growth_year": 34.78,
            "eps_4q": 4.24,
            "eps_4q_growth_year": 28.96,
            "roe": 6.74,
            "roe_4q": 28.080000000000002,
            "gross_profit": 896962,
            "gross_margin": 47.39,
            "gross_margin_4q_avg": 46.15,
            "net_income": 387500,
            "revenue": 1892903,
            "common_shares": 812558,
            "book_valuer_per_share": 79.99,
            "book_valuer_per_share_4q_avg": 66.04,
            "equity": 6499934,
            "current_ratio": 601.88,
            "debt_ratio": 34.93,
            "inventory_turnover_ratio": 0.89,
            "account_receivable_turnover_ratio": 2.89,
            "reinvestment_rate": 28.93,
            "research_to_sale_ratio": 15.39,
            "price_fair": 389.55,
            "eps_avg_yearly": 11.13,
            "eps_latest_yearly": 19.84,
            "eps_growth_yearly": 165.8
        },
        "20164": {
            "year_quarter": 20164,
            "year": 2016,
            "quarter": 4,
            "eps": 1.49,
            "eps_growth_year": 14.32,
            "eps_4q": 4.37,
            "eps_4q_growth_year": 13.9,
            "roe": 6.82,
            "roe_4q": 25.599999999999998,
            "gross_profit": 1060908,
            "gross_margin": 49.81,
            "gross_margin_4q_avg": 47.39,
            "net_income": 501093,
            "revenue": 2129956,
            "common_shares": 840232,
            "book_valuer_per_share": 97.53,
            "book_valuer_per_share_4q_avg": 75.7,
            "equity": 8194760,
            "current_ratio": 672.36,
            "debt_ratio": 24.32,
            "inventory_turnover_ratio": 0.87,
            "account_receivable_turnover_ratio": 3.84,
            "reinvestment_rate": 28.43,
            "research_to_sale_ratio": 13.17,
            "price_fair": 375.63,
            "eps_avg_yearly": 10.73,
            "eps_latest_yearly": 5.96,
            "eps_growth_yearly": 131.52
        },
        "20171": {
            "year_quarter": 20171,
            "year": 2017,
            "quarter": 1,
            "eps": 4.34,
            "eps_growth_year": 40.45,
            "eps_4q": 4.64,
            "eps_4q_growth_year": 17.47,
            "roe": 4.28,
            "roe_4q": 24.820000000000004,
            "gross_profit": 881190,
            "gross_margin": 48.14,
            "gross_margin_4q_avg": 48.08,
            "net_income": 363886,
            "revenue": 1830566,
            "common_shares": 859852,
            "book_valuer_per_share": 25.66,
            "book_valuer_per_share_4q_avg": 66.74,
            "equity": 8824156,
            "current_ratio": 767.69,
            "debt_ratio": 16.46,
            "inventory_turnover_ratio": 0.69,
            "account_receivable_turnover_ratio": 3.31,
            "reinvestment_rate": 27.32,
            "research_to_sale_ratio": 14.1,
            "price_fair": 392.2,
            "eps_avg_yearly": 11.21,
            "eps_latest_yearly": 17.36,
            "eps_growth_yearly": 176.78
        },
        "20172": {
            "year_quarter": 20172,
            "year": 2017,
            "quarter": 2,
            "eps": 5.9,
            "eps_growth_year": 33.18,
            "eps_4q": 5.09,
            "eps_4q_growth_year": 25.63,
            "roe": 5.61,
            "roe_4q": 23.450000000000003,
            "gross_profit": 1060024,
            "gross_margin": 48.52,
            "gross_margin_4q_avg": 48.47,
            "net_income": 502821,
            "revenue": 2184607,
            "common_shares": 861402,
            "book_valuer_per_share": 105.51,
            "book_valuer_per_share_4q_avg": 77.17,
            "equity": 9088969,
            "current_ratio": 510.77,
            "debt_ratio": 19.32,
            "inventory_turnover_ratio": 0.75,
            "account_receivable_turnover_ratio": 3.68,
            "reinvestment_rate": 26.95,
            "research_to_sale_ratio": 13.84,
            "price_fair": 421.12,
            "eps_avg_yearly": 12.03,
            "eps_latest_yearly": 23.6,
            "eps_growth_yearly": 174.58
        },
        "20173": {
            "year_quarter": 20173,
            "year": 2017,
            "quarter": 3,
            "eps": 5.41,
            "eps_growth_year": 9.07,
            "eps_4q": 5.24,
            "eps_4q_growth_year": 23.69,
            "roe": 4.85,
            "roe_4q": 21.560000000000002,
            "gross_profit": 1084964,
            "gross_margin": 47.54,
            "gross_margin_4q_avg": 48.5,
            "net_income": 463420,
            "revenue": 2282365,
            "common_shares": 873905,
            "book_valuer_per_share": 114.68,
            "book_valuer_per_share_4q_avg": 85.85,
            "equity": 10021600,
            "current_ratio": 820.05,
            "debt_ratio": 12.8,
            "inventory_turnover_ratio": 0.75,
            "account_receivable_turnover_ratio": 3.25,
            "reinvestment_rate": 26.07,
            "research_to_sale_ratio": 13.26,
            "price_fair": 442.14,
            "eps_avg_yearly": 12.63,
            "eps_latest_yearly": 21.64,
            "eps_growth_yearly": 161.59
        },
        "20174": {
            "year_quarter": 20174,
            "year": 2017,
            "quarter": 4,
            "eps": 1.36,
            "eps_growth_year": -8.66,
            "eps_4q": 5.15,
            "eps_4q_growth_year": 17.82,
            "roe": 4.64,
            "roe_4q": 19.38,
            "gross_profit": 1078427,
            "gross_margin": 46.85,
            "gross_margin_4q_avg": 47.76,
            "net_income": 477890,
            "revenue": 2301699,
            "common_shares": 877326,
            "book_valuer_per_share": 120.48,
            "book_valuer_per_share_4q_avg": 91.58,
            "equity": 10570406,
            "current_ratio": 812.48,
            "debt_ratio": 12.58,
            "inventory_turnover_ratio": 0.75,
            "account_receivable_turnover_ratio": 3.48,
            "reinvestment_rate": 29.03,
            "research_to_sale_ratio": 13.23,
            "price_fair": 447.74,
            "eps_avg_yearly": 12.79,
            "eps_latest_yearly": 5.44,
            "eps_growth_yearly": 160.37
        },
        "20181": {
            "year_quarter": 20181,
            "year": 2018,
            "quarter": 1,
            "eps": 4.72,
            "eps_growth_year": 8.76,
            "eps_4q": 5.27,
            "eps_4q_growth_year": 13.62,
            "roe": 3.81,
            "roe_4q": 18.91,
            "gross_profit": 1010837,
            "gross_margin": 46.39,
            "gross_margin_4q_avg": 47.33,
            "net_income": 411304,
            "revenue": 2178917,
            "common_shares": 880316,
            "book_valuer_per_share": 125.36,
            "book_valuer_per_share_4q_avg": 116.51,
            "equity": 11035625,
            "current_ratio": 858.16,
            "debt_ratio": 12.04,
            "inventory_turnover_ratio": 0.72,
            "account_receivable_turnover_ratio": 3.45,
            "reinvestment_rate": 32.72,
            "research_to_sale_ratio": 13.97,
            "price_fair": 473.11,
            "eps_avg_yearly": 13.52,
            "eps_latest_yearly": 18.88,
            "eps_growth_yearly": 183.95
        },
        "20182": {
            "year_quarter": 20182,
            "year": 2018,
            "quarter": 2,
            "eps": 5.45,
            "eps_growth_year": -7.63,
            "eps_4q": 5.16,
            "eps_4q_growth_year": 1.26,
            "roe": 4.25,
            "roe_4q": 17.549999999999997,
            "gross_profit": 1094349,
            "gross_margin": 45.14,
            "gross_margin_4q_avg": 46.48,
            "net_income": 477553,
            "revenue": 2424588,
            "common_shares": 886932,
            "book_valuer_per_share": 129.05,
            "book_valuer_per_share_4q_avg": 122.39,
            "equity": 11445469,
            "current_ratio": 511.72,
            "debt_ratio": 16.1,
            "inventory_turnover_ratio": 0.83,
            "account_receivable_turnover_ratio": 3.43,
            "reinvestment_rate": 31.4,
            "research_to_sale_ratio": 14.22,
            "price_fair": 493.5,
            "eps_avg_yearly": 14.1,
            "eps_latest_yearly": 21.8,
            "eps_growth_yearly": 169.95
        },
        "20183": {
            "year_quarter": 20183,
            "year": 2018,
            "quarter": 3,
            "eps": 6.29,
            "eps_growth_year": 16.27,
            "eps_4q": 5.37,
            "eps_4q_growth_year": 2.54,
            "roe": 4.7,
            "roe_4q": 17.4,
            "gross_profit": 1204989,
            "gross_margin": 47.47,
            "gross_margin_4q_avg": 46.46,
            "net_income": 554607,
            "revenue": 2538324,
            "common_shares": 894233,
            "book_valuer_per_share": 135.76,
            "book_valuer_per_share_4q_avg": 127.66,
            "equity": 12139752,
            "current_ratio": 588.31,
            "debt_ratio": 9.26,
            "inventory_turnover_ratio": 0.82,
            "account_receivable_turnover_ratio": 3.32,
            "reinvestment_rate": 36.75,
            "research_to_sale_ratio": 14.79,
            "price_fair": 523.6,
            "eps_avg_yearly": 14.96,
            "eps_latest_yearly": 25.16,
            "eps_growth_yearly": 175.97
        },
        "20184": {
            "year_quarter": 20184,
            "year": 2018,
            "quarter": 4,
            "eps": 1.07,
            "eps_growth_year": -21.41,
            "eps_4q": 5.07,
            "eps_4q_growth_year": -1.62,
            "roe": 3.08,
            "roe_4q": 15.840000000000002,
            "gross_profit": 1087680,
            "gross_margin": 47.87,
            "gross_margin_4q_avg": 46.72,
            "net_income": 386387,
            "revenue": 2272330,
            "common_shares": 902566,
            "book_valuer_per_share": 143.34,
            "book_valuer_per_share_4q_avg": 133.38,
            "equity": 12937461,
            "current_ratio": 788.31,
            "debt_ratio": 6.77,
            "inventory_turnover_ratio": 0.72,
            "account_receivable_turnover_ratio": 3.3,
            "reinvestment_rate": 44.31,
            "research_to_sale_ratio": 16.45,
            "price_fair": 526.4,
            "eps_avg_yearly": 15.04,
            "eps_latest_yearly": 4.28,
            "eps_growth_yearly": 173.64
        },
        "20191": {
            "year_quarter": 20191,
            "year": 2019,
            "quarter": 1,
            "eps": 4.07,
            "eps_growth_year": -13.77,
            "eps_4q": 4.93,
            "eps_4q_growth_year": -6.4,
            "roe": 2.75,
            "roe_4q": 14.780000000000001,
            "gross_profit": 949092,
            "gross_margin": 46.19,
            "gross_margin_4q_avg": 46.67,
            "net_income": 364401,
            "revenue": 2054810,
            "common_shares": 903806,
            "book_valuer_per_share": 149.65,
            "book_valuer_per_share_4q_avg": 139.45,
            "equity": 13525663,
            "current_ratio": 851.65,
            "debt_ratio": 6.7,
            "inventory_turnover_ratio": 0.67,
            "account_receivable_turnover_ratio": 3.24,
            "reinvestment_rate": 48.49,
            "research_to_sale_ratio": 17.85,
            "price_fair": 538.74,
            "eps_avg_yearly": 15.39,
            "eps_latest_yearly": 16.28,
            "eps_growth_yearly": 180.07
        },
        "20192": {
            "year_quarter": 20192,
            "year": 2019,
            "quarter": 2,
            "eps": 7.68,
            "eps_growth_year": 40.92,
            "eps_4q": 5.5,
            "eps_4q_growth_year": 6.6,
            "roe": 5.06,
            "roe_4q": 15.59,
            "gross_profit": 1169876,
            "gross_margin": 46.38,
            "gross_margin_4q_avg": 46.98,
            "net_income": 689528,
            "revenue": 2522593,
            "common_shares": 906881,
            "book_valuer_per_share": 151.27,
            "book_valuer_per_share_4q_avg": 145.01,
            "equity": 13718055,
            "current_ratio": 481.12,
            "debt_ratio": 11.68,
            "inventory_turnover_ratio": 0.85,
            "account_receivable_turnover_ratio": 3.4,
            "reinvestment_rate": 42.57,
            "research_to_sale_ratio": 15.87,
            "price_fair": 570.85,
            "eps_avg_yearly": 16.31,
            "eps_latest_yearly": 30.72,
            "eps_growth_yearly": 189.56
        },
        "20193": {
            "year_quarter": 20193,
            "year": 2019,
            "quarter": 3,
            "eps": 6.54,
            "eps_growth_year": 3.97,
            "eps_4q": 5.57,
            "eps_4q_growth_year": 3.73,
            "roe": 4.2,
            "roe_4q": 15.09,
            "gross_profit": 1334885,
            "gross_margin": 46.38,
            "gross_margin_4q_avg": 46.71,
            "net_income": 588937,
            "revenue": 2878458,
            "common_shares": 910511,
            "book_valuer_per_share": 39.29,
            "book_valuer_per_share_4q_avg": 120.89,
            "equity": 14307771,
            "current_ratio": 777.39,
            "debt_ratio": 7.42,
            "inventory_turnover_ratio": 0.97,
            "account_receivable_turnover_ratio": 3.22,
            "reinvestment_rate": 41.45,
            "research_to_sale_ratio": 15.41,
            "price_fair": 595.88,
            "eps_avg_yearly": 17.03,
            "eps_latest_yearly": 26.16,
            "eps_growth_yearly": 187.9
        },
        "20194": {
            "year_quarter": 20194,
            "year": 2019,
            "quarter": 4,
            "eps": 1.87,
            "eps_growth_year": 74.41,
            "eps_4q": 6.36,
            "eps_4q_growth_year": 25.41,
            "roe": 4.63,
            "roe_4q": 16.64,
            "gross_profit": 1661442,
            "gross_margin": 50.01,
            "gross_margin_4q_avg": 47.24,
            "net_income": 683016,
            "revenue": 3321920,
            "common_shares": 914802,
            "book_valuer_per_share": 162.31,
            "book_valuer_per_share_4q_avg": 125.63,
            "equity": 15204785,
            "current_ratio": 720.28,
            "debt_ratio": 8.62,
            "inventory_turnover_ratio": 0.94,
            "account_receivable_turnover_ratio": 3.44,
            "reinvestment_rate": 31.06,
            "research_to_sale_ratio": 12.01,
            "price_fair": 600.86,
            "eps_avg_yearly": 17.17,
            "eps_latest_yearly": 7.48,
            "eps_growth_yearly": 186.22
        },
        "20201": {
            "year_quarter": 20201,
            "year": 2020,
            "quarter": 1,
            "eps": 7.67,
            "eps_growth_year": 88.45,
            "eps_4q": 7.25,
            "eps_4q_growth_year": 46.92,
            "roe": 4.44,
            "roe_4q": 18.33,
            "gross_profit": 1420842,
            "gross_margin": 49.79,
            "gross_margin_4q_avg": 48.14,
            "net_income": 694549,
            "revenue": 2853629,
            "common_shares": 918226,
            "book_valuer_per_share": 171.54,
            "book_valuer_per_share_4q_avg": 131.1,
            "equity": 16100993,
            "current_ratio": 694.39,
            "debt_ratio": 7.93,
            "inventory_turnover_ratio": 0.69,
            "account_receivable_turnover_ratio": 2.77,
            "reinvestment_rate": 31.14,
            "research_to_sale_ratio": 15.99,
            "price_fair": 640.94,
            "eps_avg_yearly": 18.31,
            "eps_latest_yearly": 30.68,
            "eps_growth_yearly": 229.34
        },
        "20202": {
            "year_quarter": 20202,
            "year": 2020,
            "quarter": 2,
            "eps": 7.91,
            "eps_growth_year": 2.99,
            "eps_4q": 7.31,
            "eps_4q_growth_year": 32.93,
            "roe": 4.45,
            "roe_4q": 17.72,
            "gross_profit": 1664154,
            "gross_margin": 50.42,
            "gross_margin_4q_avg": 49.15,
            "net_income": 716123,
            "revenue": 3300802,
            "common_shares": 921829,
            "book_valuer_per_share": 170.88,
            "book_valuer_per_share_4q_avg": 136.01,
            "equity": 16073383,
            "current_ratio": 511.23,
            "debt_ratio": 10.92,
            "inventory_turnover_ratio": 0.69,
            "account_receivable_turnover_ratio": 2.76,
            "reinvestment_rate": 42.18,
            "research_to_sale_ratio": 15.74,
            "price_fair": 671.39,
            "eps_avg_yearly": 19.18,
            "eps_latest_yearly": 31.64,
            "eps_growth_yearly": 219.28
        },
        "20203": {
            "year_quarter": 20203,
            "year": 2020,
            "quarter": 3,
            "eps": 8.41,
            "eps_growth_year": 28.59,
            "eps_4q": 7.78,
            "eps_4q_growth_year": 39.62,
            "roe": 4.63,
            "roe_4q": 18.15,
            "gross_profit": 1781912,
            "gross_margin": 48.9,
            "gross_margin_4q_avg": 49.78,
            "net_income": 767826,
            "revenue": 3643635,
            "common_shares": 925444,
            "book_valuer_per_share": 180.84,
            "book_valuer_per_share_4q_avg": 171.39,
            "equity": 17062951,
            "current_ratio": 835.2,
            "debt_ratio": 7.73,
            "inventory_turnover_ratio": 0.75,
            "account_receivable_turnover_ratio": 2.89,
            "reinvestment_rate": 28.88,
            "research_to_sale_ratio": 15.39,
            "price_fair": 701.58,
            "eps_avg_yearly": 20.05,
            "eps_latest_yearly": 33.64,
            "eps_growth_yearly": 217.87
        },
        "20204": {
            "year_quarter": 20204,
            "year": 2020,
            "quarter": 4,
            "eps": 2.91,
            "eps_growth_year": 55.97,
            "eps_4q": 8.82,
            "eps_4q_growth_year": 38.8,
            "roe": 6,
            "roe_4q": 19.52,
            "gross_profit": 1805214,
            "gross_margin": 44.26,
            "gross_margin_4q_avg": 48.34,
            "net_income": 1063297,
            "revenue": 4078379,
            "common_shares": 929014,
            "book_valuer_per_share": 194.09,
            "book_valuer_per_share_4q_avg": 179.34,
            "equity": 18350604,
            "current_ratio": 916.99,
            "debt_ratio": 7.63,
            "inventory_turnover_ratio": 0.95,
            "account_receivable_turnover_ratio": 3.61,
            "reinvestment_rate": 23.56,
            "research_to_sale_ratio": 15.31,
            "price_fair": 714,
            "eps_avg_yearly": 20.4,
            "eps_latest_yearly": 11.64,
            "eps_growth_yearly": 219.01
        },
        "20211": {
            "year_quarter": 20211,
            "year": 2021,
            "quarter": 1,
            "eps": 10.69,
            "eps_growth_year": 39.37,
            "eps_4q": 9.57,
            "eps_4q_growth_year": 32.04,
            "roe": 5.14,
            "roe_4q": 20.22,
            "gross_profit": 1995142,
            "gross_margin": 47.73,
            "gross_margin_4q_avg": 47.83,
            "net_income": 974703,
            "revenue": 4179928,
            "common_shares": 932936,
            "book_valuer_per_share": 206.66,
            "book_valuer_per_share_4q_avg": 188.12,
            "equity": 19587888,
            "current_ratio": 862.81,
            "debt_ratio": 8.1,
            "inventory_turnover_ratio": 0.93,
            "account_receivable_turnover_ratio": 3.55,
            "reinvestment_rate": 24.95,
            "research_to_sale_ratio": 15.04,
            "price_fair": 769.56,
            "eps_avg_yearly": 21.99,
            "eps_latest_yearly": 42.76,
            "eps_growth_yearly": 238.03
        },
        "20212": {
            "year_quarter": 20212,
            "year": 2021,
            "quarter": 2,
            "eps": 16.31,
            "eps_growth_year": 106.19,
            "eps_4q": 11.67,
            "eps_4q_growth_year": 59.64,
            "roe": 7.82,
            "roe_4q": 23.59,
            "gross_profit": 2808346,
            "gross_margin": 53.41,
            "gross_margin_4q_avg": 48.58,
            "net_income": 1554782,
            "revenue": 5258206,
            "common_shares": 935839,
            "book_valuer_per_share": 211.85,
            "book_valuer_per_share_4q_avg": 198.36,
            "equity": 20172501,
            "current_ratio": 596.13,
            "debt_ratio": 11.63,
            "inventory_turnover_ratio": 1.06,
            "account_receivable_turnover_ratio": 3.46,
            "reinvestment_rate": 25.2,
            "research_to_sale_ratio": 14,
            "price_fair": 860.65,
            "eps_avg_yearly": 24.59,
            "eps_latest_yearly": 65.24,
            "eps_growth_yearly": 242.19
        },
        "20213": {
            "year_quarter": 20213,
            "year": 2021,
            "quarter": 3,
            "eps": 19.69,
            "eps_growth_year": 134.13,
            "eps_4q": 14.47,
            "eps_4q_growth_year": 86.06,
            "roe": 8.93,
            "roe_4q": 27.89,
            "gross_profit": 3326658,
            "gross_margin": 56.25,
            "gross_margin_4q_avg": 50.41,
            "net_income": 1899764,
            "revenue": 5913889,
            "common_shares": 938656,
            "book_valuer_per_share": 233.95,
            "book_valuer_per_share_4q_avg": 211.64,
            "equity": 22375706,
            "current_ratio": 831.49,
            "debt_ratio": 8.16,
            "inventory_turnover_ratio": 1.1,
            "account_receivable_turnover_ratio": 3.2,
            "reinvestment_rate": 26.85,
            "research_to_sale_ratio": 14.17,
            "price_fair": 985.6,
            "eps_avg_yearly": 28.16,
            "eps_latest_yearly": 78.76,
            "eps_growth_yearly": 249.44
        },
        "20214": {
            "year_quarter": 20214,
            "year": 2021,
            "quarter": 4,
            "eps": 3.66,
            "eps_growth_year": 25.72,
            "eps_4q": 15.19,
            "eps_4q_growth_year": 72.19,
            "roe": 5.88,
            "roe_4q": 27.77,
            "gross_profit": 3325700,
            "gross_margin": 54.04,
            "gross_margin_4q_avg": 52.86,
            "net_income": 1368081,
            "revenue": 6154043,
            "common_shares": 943567,
            "book_valuer_per_share": 251.53,
            "book_valuer_per_share_4q_avg": 226,
            "equity": 24177952,
            "current_ratio": 771.15,
            "debt_ratio": 9.25,
            "inventory_turnover_ratio": 1.08,
            "account_receivable_turnover_ratio": 3.15,
            "reinvestment_rate": 28.32,
            "research_to_sale_ratio": 16.26,
            "price_fair": 1005.73,
            "eps_avg_yearly": 28.74,
            "eps_latest_yearly": 14.64,
            "eps_growth_yearly": 247.81
        },
        "20221": {
            "year_quarter": 20221,
            "year": 2022,
            "quarter": 1,
            "eps": 16.74,
            "eps_growth_year": 56.59,
            "eps_4q": 16.68,
            "eps_4q_growth_year": 74.32,
            "roe": 6.63,
            "roe_4q": 29.259999999999998,
            "gross_profit": 3224917,
            "gross_margin": 53.56,
            "gross_margin_4q_avg": 54.32,
            "net_income": 1643990,
            "revenue": 6020775,
            "common_shares": 947336,
            "book_valuer_per_share": 262.83,
            "book_valuer_per_share_4q_avg": 240.04,
            "equity": 25437316,
            "current_ratio": 488.7,
            "debt_ratio": 15.95,
            "inventory_turnover_ratio": 0.95,
            "account_receivable_turnover_ratio": 2.89,
            "reinvestment_rate": 27.57,
            "research_to_sale_ratio": 16.48,
            "price_fair": 1110.9,
            "eps_avg_yearly": 31.74,
            "eps_latest_yearly": 66.96,
            "eps_growth_yearly": 275.38
        },
        "20222": {
            "year_quarter": 20222,
            "year": 2022,
            "quarter": 2,
            "eps": 5.53,
            "eps_growth_year": -66.09,
            "eps_4q": 18.12,
            "eps_4q_growth_year": 55.3,
            "roe": 8.09,
            "roe_4q": 29.529999999999998,
            "gross_profit": 3640884,
            "gross_margin": 53.53,
            "gross_margin_4q_avg": 54.35,
            "net_income": 2162623,
            "revenue": 6800957,
            "common_shares": 950227,
            "book_valuer_per_share": 72.16,
            "book_valuer_per_share_4q_avg": 205.12,
            "equity": 28036429,
            "current_ratio": 861.61,
            "debt_ratio": 12.11,
            "inventory_turnover_ratio": 0.94,
            "account_receivable_turnover_ratio": 2.92,
            "reinvestment_rate": 25.02,
            "research_to_sale_ratio": 15.89,
            "price_fair": 1111.6,
            "eps_avg_yearly": 31.76,
            "eps_latest_yearly": 22.12,
            "eps_growth_yearly": 254.78
        },
        "20223": {
            "year_quarter": 20223,
            "year": 2022,
            "quarter": 3,
            "eps": 3.87,
            "eps_growth_year": -80.35,
            "eps_4q": 17.12,
            "eps_4q_growth_year": 18.27,
            "roe": 5.07,
            "roe_4q": 25.669999999999998,
            "gross_profit": 3103911,
            "gross_margin": 51.81,
            "gross_margin_4q_avg": 53.24,
            "net_income": 1490409,
            "revenue": 5991037,
            "common_shares": 952050,
            "book_valuer_per_share": 78.99,
            "book_valuer_per_share_4q_avg": 166.38,
            "equity": 30727657,
            "current_ratio": 806.52,
            "debt_ratio": 12.63,
            "inventory_turnover_ratio": 0.67,
            "account_receivable_turnover_ratio": 2.51,
            "reinvestment_rate": 22.84,
            "research_to_sale_ratio": 18.84,
            "price_fair": 1090.43,
            "eps_avg_yearly": 31.16,
            "eps_latest_yearly": 15.48,
            "eps_growth_yearly": 243.42
        },
        "20224": {
            "year_quarter": 20224,
            "year": 2022,
            "quarter": 4,
            "eps": 2.36,
            "eps_growth_year": -35.46,
            "eps_4q": 15.83,
            "eps_4q_growth_year": 4.18,
            "roe": 2.73,
            "roe_4q": 22.52,
            "gross_profit": 2389228,
            "gross_margin": 50.85,
            "gross_margin_4q_avg": 52.44,
            "net_income": 847890,
            "revenue": 4698317,
            "common_shares": 953900,
            "book_valuer_per_share": 80.69,
            "book_valuer_per_share_4q_avg": 123.67,
            "equity": 31492054,
            "current_ratio": 1016.07,
            "debt_ratio": 10.72,
            "inventory_turnover_ratio": 0.46,
            "account_receivable_turnover_ratio": 2.36,
            "reinvestment_rate": 19.98,
            "research_to_sale_ratio": 26.8,
            "price_fair": 1101.71,
            "eps_avg_yearly": 31.48,
            "eps_latest_yearly": 9.44,
            "eps_growth_yearly": 254.41
        },
        "20231": {
            "year_quarter": 20231,
            "year": 2023,
            "quarter": 1,
            "eps": 0.57,
            "eps_growth_year": -96.6,
            "eps_4q": 12.25,
            "eps_4q_growth_year": -26.57,
            "roe": 0.56,
            "roe_4q": 16.45,
            "gross_profit": 1529910,
            "gross_margin": 44.54,
            "gross_margin_4q_avg": 50.18,
            "net_income": 174866,
            "revenue": 3434664,
            "common_shares": 955101,
            "book_valuer_per_share": 77.83,
            "book_valuer_per_share_4q_avg": 77.42,
            "equity": 30417325,
            "current_ratio": 632.3,
            "debt_ratio": 14.58,
            "inventory_turnover_ratio": 0.39,
            "account_receivable_turnover_ratio": 2.27,
            "reinvestment_rate": 19.67,
            "research_to_sale_ratio": 34.02,
            "price_fair": 1071.09,
            "eps_avg_yearly": 30.6,
            "eps_latest_yearly": 2.28,
            "eps_growth_yearly": 165.36
        }
    },
    "months": {
        "2013-12": {
            "month": "2013-12",
            "price": "230.29",
            "revenue": 241134
        },
        "2014-01": {
            "month": "2014-01",
            "price": "219.44",
            "revenue": 183199
        },
        "2014-02": {
            "month": "2014-02",
            "price": "227.15",
            "revenue": 168395
        },
        "2014-03": {
            "month": "2014-03",
            "price": "285.50",
            "revenue": 212555
        },
        "2014-04": {
            "month": "2014-04",
            "price": "275.12",
            "revenue": 254176
        },
        "2014-05": {
            "month": "2014-05",
            "price": "256.12",
            "revenue": 303405
        },
        "2014-06": {
            "month": "2014-06",
            "price": "275.32",
            "revenue": 288935
        },
        "2014-07": {
            "month": "2014-07",
            "price": "277.82",
            "revenue": 275602
        },
        "2014-08": {
            "month": "2014-08",
            "price": "263.45",
            "revenue": 312127
        },
        "2014-09": {
            "month": "2014-09",
            "price": "248.86",
            "revenue": 325889
        },
        "2014-10": {
            "month": "2014-10",
            "price": "216.82",
            "revenue": 310370
        },
        "2014-11": {
            "month": "2014-11",
            "price": "238.02",
            "revenue": 317084
        },
        "2014-12": {
            "month": "2014-12",
            "price": "253.33",
            "revenue": 321228
        },
        "2015-01": {
            "month": "2015-01",
            "price": "237.52",
            "revenue": 318177
        },
        "2015-02": {
            "month": "2015-02",
            "price": "230.15",
            "revenue": 225285
        },
        "2015-03": {
            "month": "2015-03",
            "price": "228.45",
            "revenue": 360461
        },
        "2015-04": {
            "month": "2015-04",
            "price": "273.00",
            "revenue": 409917
        },
        "2015-05": {
            "month": "2015-05",
            "price": "305.58",
            "revenue": 431239
        },
        "2015-06": {
            "month": "2015-06",
            "price": "318.05",
            "revenue": 405619
        },
        "2015-07": {
            "month": "2015-07",
            "price": "315.73",
            "revenue": 380101
        },
        "2015-08": {
            "month": "2015-08",
            "price": "293.60",
            "revenue": 394039
        },
        "2015-09": {
            "month": "2015-09",
            "price": "294.72",
            "revenue": 419174
        },
        "2015-10": {
            "month": "2015-10",
            "price": "324.14",
            "revenue": 436008
        },
        "2015-11": {
            "month": "2015-11",
            "price": "358.36",
            "revenue": 471322
        },
        "2015-12": {
            "month": "2015-12",
            "price": "372.91",
            "revenue": 450173
        },
        "2016-01": {
            "month": "2016-01",
            "price": "384.79",
            "revenue": 531586
        },
        "2016-02": {
            "month": "2016-02",
            "price": "429.19",
            "revenue": 304332
        },
        "2016-03": {
            "month": "2016-03",
            "price": "429.07",
            "revenue": 480972
        },
        "2016-04": {
            "month": "2016-04",
            "price": "430.89",
            "revenue": 585144
        },
        "2016-05": {
            "month": "2016-05",
            "price": "399.98",
            "revenue": 599807
        },
        "2016-06": {
            "month": "2016-06",
            "price": "360.52",
            "revenue": 607792
        },
        "2016-07": {
            "month": "2016-07",
            "price": "380.58",
            "revenue": 606343
        },
        "2016-08": {
            "month": "2016-08",
            "price": "442.70",
            "revenue": 605325
        },
        "2016-09": {
            "month": "2016-09",
            "price": "464.50",
            "revenue": 670863
        },
        "2016-10": {
            "month": "2016-10",
            "price": "455.02",
            "revenue": 692810
        },
        "2016-11": {
            "month": "2016-11",
            "price": "475.59",
            "revenue": 707769
        },
        "2016-12": {
            "month": "2016-12",
            "price": "461.39",
            "revenue": 716462
        },
        "2017-01": {
            "month": "2017-01",
            "price": "476.25",
            "revenue": 631799
        },
        "2017-02": {
            "month": "2017-02",
            "price": "501.72",
            "revenue": 556895
        },
        "2017-03": {
            "month": "2017-03",
            "price": "547.07",
            "revenue": 641223
        },
        "2017-04": {
            "month": "2017-04",
            "price": "540.22",
            "revenue": 708793
        },
        "2017-05": {
            "month": "2017-05",
            "price": "572.70",
            "revenue": 731232
        },
        "2017-06": {
            "month": "2017-06",
            "price": "574.57",
            "revenue": 739918
        },
        "2017-07": {
            "month": "2017-07",
            "price": "585.24",
            "revenue": 736851
        },
        "2017-08": {
            "month": "2017-08",
            "price": "628.48",
            "revenue": 759496
        },
        "2017-09": {
            "month": "2017-09",
            "price": "676.55",
            "revenue": 786881
        },
        "2017-10": {
            "month": "2017-10",
            "price": "688.63",
            "revenue": 775656
        },
        "2017-11": {
            "month": "2017-11",
            "price": "650.23",
            "revenue": 778389
        },
        "2017-12": {
            "month": "2017-12",
            "price": "636.81",
            "revenue": 749682
        },
        "2018-01": {
            "month": "2018-01",
            "price": "644.64",
            "revenue": 780802
        },
        "2018-02": {
            "month": "2018-02",
            "price": "619.54",
            "revenue": 611120
        },
        "2018-03": {
            "month": "2018-03",
            "price": "645.57",
            "revenue": 786777
        },
        "2018-04": {
            "month": "2018-04",
            "price": "624.17",
            "revenue": 834222
        },
        "2018-05": {
            "month": "2018-05",
            "price": "646.36",
            "revenue": 829913
        },
        "2018-06": {
            "month": "2018-06",
            "price": "708.10",
            "revenue": 760996
        },
        "2018-07": {
            "month": "2018-07",
            "price": "710.32",
            "revenue": 831951
        },
        "2018-08": {
            "month": "2018-08",
            "price": "636.39",
            "revenue": 861283
        },
        "2018-09": {
            "month": "2018-09",
            "price": "574.00",
            "revenue": 846278
        },
        "2018-10": {
            "month": "2018-10",
            "price": "443.25",
            "revenue": 801956
        },
        "2018-11": {
            "month": "2018-11",
            "price": "431.70",
            "revenue": 805827
        },
        "2018-12": {
            "month": "2018-12",
            "price": "475.50",
            "revenue": 660676
        },
        "2019-01": {
            "month": "2019-01",
            "price": "454.90",
            "revenue": 761732
        },
        "2019-02": {
            "month": "2019-02",
            "price": "499.19",
            "revenue": 546796
        },
        "2019-03": {
            "month": "2019-03",
            "price": "497.32",
            "revenue": 746402
        },
        "2019-04": {
            "month": "2019-04",
            "price": "491.48",
            "revenue": 793597
        },
        "2019-05": {
            "month": "2019-05",
            "price": "481.05",
            "revenue": 901217
        },
        "2019-06": {
            "month": "2019-06",
            "price": "499.84",
            "revenue": 829501
        },
        "2019-07": {
            "month": "2019-07",
            "price": "623.48",
            "revenue": 896250
        },
        "2019-08": {
            "month": "2019-08",
            "price": "656.95",
            "revenue": 966917
        },
        "2019-09": {
            "month": "2019-09",
            "price": "723.74",
            "revenue": 1017126
        },
        "2019-10": {
            "month": "2019-10",
            "price": "802.10",
            "revenue": 1035235
        },
        "2019-11": {
            "month": "2019-11",
            "price": "904.10",
            "revenue": 1112060
        },
        "2019-12": {
            "month": "2019-12",
            "price": "940.00",
            "revenue": 1152572
        },
        "2020-01": {
            "month": "2020-01",
            "price": "1058.87",
            "revenue": 834576
        },
        "2020-02": {
            "month": "2020-02",
            "price": "1092.63",
            "revenue": 938358
        },
        "2020-03": {
            "month": "2020-03",
            "price": "957.64",
            "revenue": 1080684
        },
        "2020-04": {
            "month": "2020-04",
            "price": "1164.75",
            "revenue": 1180131
        },
        "2020-05": {
            "month": "2020-05",
            "price": "1385.00",
            "revenue": 1059035
        },
        "2020-06": {
            "month": "2020-06",
            "price": "1703.75",
            "revenue": 1056456
        },
        "2020-07": {
            "month": "2020-07",
            "price": "1829.13",
            "revenue": 1151968
        },
        "2020-08": {
            "month": "2020-08",
            "price": "1791.67",
            "revenue": 1190550
        },
        "2020-09": {
            "month": "2020-09",
            "price": "1752.27",
            "revenue": 1307267
        },
        "2020-10": {
            "month": "2020-10",
            "price": "1893.16",
            "revenue": 1327227
        },
        "2020-11": {
            "month": "2020-11",
            "price": "2213.81",
            "revenue": 1341704
        },
        "2020-12": {
            "month": "2020-12",
            "price": "2369.57",
            "revenue": 1431752
        },
        "2021-01": {
            "month": "2021-01",
            "price": "2617.50",
            "revenue": 1454851
        },
        "2021-02": {
            "month": "2021-02",
            "price": "2896.54",
            "revenue": 1144678
        },
        "2021-03": {
            "month": "2021-03",
            "price": "2397.50",
            "revenue": 1580173
        },
        "2021-04": {
            "month": "2021-04",
            "price": "2632.11",
            "revenue": 1767759
        },
        "2021-05": {
            "month": "2021-05",
            "price": "3078.57",
            "revenue": 1710065
        },
        "2021-06": {
            "month": "2021-06",
            "price": "3424.76",
            "revenue": 1775131
        },
        "2021-07": {
            "month": "2021-07",
            "price": "3842.50",
            "revenue": 1898617
        },
        "2021-08": {
            "month": "2021-08",
            "price": "3774.09",
            "revenue": 1911437
        },
        "2021-09": {
            "month": "2021-09",
            "price": "4192.75",
            "revenue": 2095023
        },
        "2021-10": {
            "month": "2021-10",
            "price": "4117.50",
            "revenue": 1913164
        },
        "2021-11": {
            "month": "2021-11",
            "price": "4855.23",
            "revenue": 1945327
        },
        "2021-12": {
            "month": "2021-12",
            "price": "4654.09",
            "revenue": 2284021
        },
        "2022-01": {
            "month": "2022-01",
            "price": "4078.61",
            "revenue": 1913308
        },
        "2022-02": {
            "month": "2022-02",
            "price": "3783.00",
            "revenue": 1890268
        },
        "2022-03": {
            "month": "2022-03",
            "price": "3376.52",
            "revenue": 2221940
        },
        "2022-04": {
            "month": "2022-04",
            "price": "2814.74",
            "revenue": 2364667
        },
        "2022-05": {
            "month": "2022-05",
            "price": "2697.86",
            "revenue": 2255028
        },
        "2022-06": {
            "month": "2022-06",
            "price": "2595.00",
            "revenue": 2186227
        },
        "2022-07": {
            "month": "2022-07",
            "price": "913.50",
            "revenue": 2080677
        },
        "2022-08": {
            "month": "2022-08",
            "price": "574.09",
            "revenue": 1992630
        },
        "2022-09": {
            "month": "2022-09",
            "price": "480.00",
            "revenue": 1905438
        },
        "2022-10": {
            "month": "2022-10",
            "price": "408.42",
            "revenue": 1585492
        },
        "2022-11": {
            "month": "2022-11",
            "price": "450.84",
            "revenue": 1591206
        },
        "2022-12": {
            "month": "2022-12",
            "price": "478.57",
            "revenue": 1491807
        },
        "2023-01": {
            "month": "2023-01",
            "price": "511.69",
            "revenue": 1029549
        },
        "2023-02": {
            "month": "2023-02",
            "price": "598.33",
            "revenue": 1093696
        },
        "2023-03": {
            "month": "2023-03",
            "price": "529.41",
            "revenue": 1308216
        },
        "2023-04": {
            "month": "2023-04",
            "price": "485.24",
            "revenue": 1153559
        }
    }
}
