{
    "summary": {
        "stock_name": "瑞祺電通",
        "stock_id": "6416",
        "category": "通信網路",
        "main_business": "電腦及其週邊設備製造業<br>資訊軟體服務業<br>除許可業務外，得經營法令非禁止或限制之業務",
        "website_url": "http://www.cas-well.com",
        "ceo": "洪德富",
        "pe_ratio": 16,
        "report_year_from": 2011,
        "report_year_to": 2023,
        "age": 12,
        "eps_negative_percentage": 0,
        "eps_growth_avg": {
            "last_all": 25.63,
            "last_2y": 25.15,
            "last_4y": 25.63,
            "last_8y": null,
            "last_12y": null,
            "last_16y": null,
            "last_20y": null,
            "at_2006_last_3y": null,
            "at_2007_last_3y": null,
            "at_2008_last_3y": null,
            "at_2009_last_3y": null,
            "at_2010_last_3y": null,
            "at_2011_last_3y": null,
            "at_2012_last_3y": null,
            "at_2013_last_3y": null,
            "at_2014_last_3y": null,
            "at_2015_last_3y": null,
            "at_2016_last_3y": null,
            "at_2017_last_3y": null,
            "at_2018_last_3y": null,
            "at_2019_last_3y": null,
            "at_2020_last_3y": null,
            "at_2021_last_3y": 8.29,
            "at_2022_last_3y": 13.71,
            "at_2023_last_3y": 13.71,
            "at_2006_last_all": null,
            "at_2007_last_all": null,
            "at_2008_last_all": null,
            "at_2009_last_all": null,
            "at_2010_last_all": null,
            "at_2011_last_all": null,
            "at_2012_last_all": null,
            "at_2013_last_all": null,
            "at_2014_last_all": null,
            "at_2015_last_all": null,
            "at_2016_last_all": null,
            "at_2017_last_all": null,
            "at_2018_last_all": null,
            "at_2019_last_all": 26.36,
            "at_2020_last_all": 25.52,
            "at_2021_last_all": 8.29,
            "at_2022_last_all": 25.63,
            "at_2023_last_all": 25.63
        },
        "latest_eps": 6.25,
        "latest_price": 100,
        "latest_roe": 14.46,
        "latest_gross_margin": 25.33,
        "latest_equity": 3397878,
        "latest_revenue": 1076550,
        "latest_gross_profit": 272721,
        "latest_net_income": 101506,
        "latest_debt_ratio": 35.03,
        "latest_current_ratio": 313.89,
        "latest_account_receivable_turnover_ratio": 1.44,
        "latest_inventory_turnover_ratio": 0.3,
        "latest_reinvestment_rate": 54.92,
        "latest_research_to_sale_ratio": 5.06
    },
    "eps_dividends": {
        "2001": {
            "cash": 0,
            "stock": 0,
            "eps": 0
        },
        "2002": {
            "cash": 0,
            "stock": 0,
            "eps": 0
        },
        "2003": {
            "cash": 0,
            "stock": 0,
            "eps": 0
        },
        "2004": {
            "cash": 0,
            "stock": 0,
            "eps": 0
        },
        "2005": {
            "cash": 0,
            "stock": 0,
            "eps": 0
        },
        "2006": {
            "cash": 0,
            "stock": 0,
            "eps": 0
        },
        "2007": {
            "cash": 0,
            "stock": 0,
            "eps": 0
        },
        "2008": {
            "cash": 0,
            "stock": 0,
            "eps": 0
        },
        "2009": {
            "cash": 0,
            "stock": 0,
            "eps": 0
        },
        "2010": {
            "cash": 0,
            "stock": 0,
            "eps": 0
        },
        "2011": {
            "cash": 0,
            "stock": 0,
            "eps": 0
        },
        "2012": {
            "cash": 0,
            "stock": 0,
            "eps": 0
        },
        "2013": {
            "cash": 2,
            "stock": 0,
            "eps": 0
        },
        "2014": {
            "cash": 2,
            "stock": 0,
            "eps": 0
        },
        "2015": {
            "cash": 3,
            "stock": 0,
            "eps": 0
        },
        "2016": {
            "cash": 5,
            "stock": 0,
            "eps": 0
        },
        "2017": {
            "cash": 5,
            "stock": 0,
            "eps": 3.11
        },
        "2018": {
            "cash": 4,
            "stock": 0,
            "eps": 5.39
        },
        "2019": {
            "cash": 4,
            "stock": 0,
            "eps": 4.28
        },
        "2020": {
            "cash": 3,
            "stock": 0,
            "eps": 5.3
        },
        "2021": {
            "cash": 4,
            "stock": 0,
            "eps": 3
        },
        "2022": {
            "cash": 2,
            "stock": 0,
            "eps": 5.85
        },
        "2023": {
            "cash": 4,
            "stock": 0,
            "eps": 1.3
        }
    },
    "dividends": {
        "2013-04-09": {
            "cash": 2,
            "stock": 0
        },
        "2014-03-14": {
            "cash": 2,
            "stock": 0
        },
        "2015-05-28": {
            "cash": 3,
            "stock": 0
        },
        "2016-05-27": {
            "cash": 4.6,
            "stock": 0
        },
        "2017-05-31": {
            "cash": 5,
            "stock": 0
        },
        "2018-06-28": {
            "cash": 4,
            "stock": 0
        },
        "2019-08-23": {
            "cash": 3.5,
            "stock": 0
        },
        "2020-08-28": {
            "cash": 3,
            "stock": 0
        },
        "2021-10-08": {
            "cash": 3.65,
            "stock": 0
        },
        "2022-09-12": {
            "cash": 2,
            "stock": 0
        },
        "2023-03-09": {
            "cash": 3.6,
            "stock": 0
        }
    },
    "prices": {
        "200101": "無",
        "200102": "無",
        "200103": "無",
        "200104": "無",
        "200105": "無",
        "200106": "無",
        "200107": "無",
        "200108": "無",
        "200109": "無",
        "200110": "無",
        "200111": "無",
        "200112": "無",
        "200201": "無",
        "200202": "無",
        "200203": "無",
        "200204": "無",
        "200205": "無",
        "200206": "無",
        "200207": "無",
        "200208": "無",
        "200209": "無",
        "200210": "無",
        "200211": "無",
        "200212": "無",
        "200301": "無",
        "200302": "無",
        "200303": "無",
        "200304": "無",
        "200305": "無",
        "200306": "無",
        "200307": "無",
        "200308": "無",
        "200309": "無",
        "200310": "無",
        "200311": "無",
        "200312": "無",
        "200401": "無",
        "200402": "無",
        "200403": "無",
        "200404": "無",
        "200405": "無",
        "200406": "無",
        "200407": "無",
        "200408": "無",
        "200409": "無",
        "200410": "無",
        "200411": "無",
        "200412": "無",
        "200501": "無",
        "200502": "無",
        "200503": "無",
        "200504": "無",
        "200505": "無",
        "200506": "無",
        "200507": "無",
        "200508": "無",
        "200509": "無",
        "200510": "無",
        "200511": "無",
        "200512": "無",
        "200601": "無",
        "200602": "無",
        "200603": "無",
        "200604": "無",
        "200605": "無",
        "200606": "無",
        "200607": "無",
        "200608": "無",
        "200609": "無",
        "200610": "無",
        "200611": "無",
        "200612": "無",
        "200701": "無",
        "200702": "無",
        "200703": "無",
        "200704": "無",
        "200705": "無",
        "200706": "無",
        "200707": "無",
        "200708": "無",
        "200709": "無",
        "200710": "無",
        "200711": "無",
        "200712": "無",
        "200801": "無",
        "200802": "無",
        "200803": "無",
        "200804": "無",
        "200805": "無",
        "200806": "無",
        "200807": "無",
        "200808": "無",
        "200809": "無",
        "200810": "無",
        "200811": "無",
        "200812": "無",
        "200901": "無",
        "200902": "無",
        "200903": "無",
        "200904": "無",
        "200905": "無",
        "200906": "無",
        "200907": "無",
        "200908": "無",
        "200909": "無",
        "200910": "無",
        "200911": "無",
        "200912": "無",
        "201001": "無",
        "201002": "無",
        "201003": "無",
        "201004": "無",
        "201005": "無",
        "201006": "無",
        "201007": "無",
        "201008": "無",
        "201009": "無",
        "201010": "無",
        "201011": "無",
        "201012": "無",
        "201101": "無",
        "201102": "無",
        "201103": "無",
        "201104": "無",
        "201105": "無",
        "201106": "無",
        "201107": "無",
        "201108": "無",
        "201109": "無",
        "201110": "無",
        "201111": "無",
        "201112": "無",
        "201201": "無",
        "201202": "無",
        "201203": "無",
        "201204": "無",
        "201205": "無",
        "201206": "無",
        "201207": "無",
        "201208": "無",
        "201209": "無",
        "201210": "無",
        "201211": "無",
        "201212": "無",
        "201301": "無",
        "201302": "無",
        "201303": "無",
        "201304": "41.74",
        "201305": "37.04",
        "201306": "36.54",
        "201307": "37.04",
        "201308": "38.69",
        "201309": "36.22",
        "201310": "36.14",
        "201311": "36.03",
        "201312": "39.67",
        "201401": "46.67",
        "201402": "45.44",
        "201403": "49.06",
        "201404": "48.88",
        "201405": "47.74",
        "201406": "51.78",
        "201407": "52.06",
        "201408": "47.94",
        "201409": "48.67",
        "201410": "61.97",
        "201411": "77.67",
        "201412": "91.71",
        "201501": "93.02",
        "201502": "104.73",
        "201503": "119.68",
        "201504": "137.70",
        "201505": "128.83",
        "201506": "130.39",
        "201507": "117.84",
        "201508": "96.66",
        "201509": "100.87",
        "201510": "117.11",
        "201511": "121.51",
        "201512": "126.78",
        "201601": "127.16",
        "201602": "137.66",
        "201603": "151.07",
        "201604": "157.21",
        "201605": "140.58",
        "201606": "141.26",
        "201607": "142.57",
        "201608": "148.84",
        "201609": "141.10",
        "201610": "140.50",
        "201611": "126.40",
        "201612": "106.88",
        "201701": "105.90",
        "201702": "121.58",
        "201703": "124.44",
        "201704": "115.76",
        "201705": "114.67",
        "201706": "111.95",
        "201707": "110.55",
        "201708": "107.71",
        "201709": "140.58",
        "201710": "149.91",
        "201711": "149.84",
        "201712": "143.31",
        "201801": "156.52",
        "201802": "151.32",
        "201803": "152.28",
        "201804": "146.70",
        "201805": "135.61",
        "201806": "147.02",
        "201807": "131.75",
        "201808": "120.37",
        "201809": "93.96",
        "201810": "83.66",
        "201811": "80.84",
        "201812": "93.13",
        "201901": "89.80",
        "201902": "92.95",
        "201903": "97.68",
        "201904": "91.80",
        "201905": "77.90",
        "201906": "75.63",
        "201907": "79.47",
        "201908": "77.11",
        "201909": "89.89",
        "201910": "86.90",
        "201911": "90.53",
        "201912": "94.52",
        "202001": "102.78",
        "202002": "114.34",
        "202003": "115.36",
        "202004": "123.70",
        "202005": "132.28",
        "202006": "140.60",
        "202007": "158.15",
        "202008": "146.64",
        "202009": "136.70",
        "202010": "131.18",
        "202011": "128.24",
        "202012": "125.00",
        "202101": "123.30",
        "202102": "118.96",
        "202103": "130.91",
        "202104": "169.92",
        "202105": "123.76",
        "202106": "117.95",
        "202107": "119.91",
        "202108": "105.08",
        "202109": "94.04",
        "202110": "90.06",
        "202111": "99.34",
        "202112": "100.72",
        "202201": "101.09",
        "202202": "92.73",
        "202203": "88.06",
        "202204": "87.63",
        "202205": "80.45",
        "202206": "82.22",
        "202207": "85.53",
        "202208": "94.53",
        "202209": "97.04",
        "202210": "83.64",
        "202211": "89.60",
        "202212": "92.99",
        "202301": "89.70",
        "202302": "93.57",
        "202303": "103.05",
        "202304": "107.72",
        "202305": "98.66"
    },
    "quarters": {
        "20011": {
            "year_quarter": 20011,
            "year": 2001,
            "quarter": 1,
            "eps": null,
            "eps_growth_year": null,
            "eps_4q": null,
            "eps_4q_growth_year": null,
            "roe": null,
            "roe_4q": 0,
            "gross_profit": null,
            "gross_margin": null,
            "gross_margin_4q_avg": 0,
            "net_income": null,
            "revenue": null,
            "common_shares": null,
            "book_valuer_per_share": null,
            "book_valuer_per_share_4q_avg": 0,
            "equity": null,
            "current_ratio": null,
            "debt_ratio": null,
            "inventory_turnover_ratio": null,
            "account_receivable_turnover_ratio": null,
            "reinvestment_rate": null,
            "research_to_sale_ratio": null,
            "price_fair": 0,
            "eps_avg_yearly": 0,
            "eps_latest_yearly": 0,
            "eps_growth_yearly": 0
        },
        "20012": {
            "year_quarter": 20012,
            "year": 2001,
            "quarter": 2,
            "eps": null,
            "eps_growth_year": null,
            "eps_4q": null,
            "eps_4q_growth_year": null,
            "roe": null,
            "roe_4q": 0,
            "gross_profit": null,
            "gross_margin": null,
            "gross_margin_4q_avg": 0,
            "net_income": null,
            "revenue": null,
            "common_shares": null,
            "book_valuer_per_share": null,
            "book_valuer_per_share_4q_avg": 0,
            "equity": null,
            "current_ratio": null,
            "debt_ratio": null,
            "inventory_turnover_ratio": null,
            "account_receivable_turnover_ratio": null,
            "reinvestment_rate": null,
            "research_to_sale_ratio": null,
            "price_fair": 0,
            "eps_avg_yearly": 0,
            "eps_latest_yearly": 0,
            "eps_growth_yearly": 0
        },
        "20013": {
            "year_quarter": 20013,
            "year": 2001,
            "quarter": 3,
            "eps": null,
            "eps_growth_year": null,
            "eps_4q": null,
            "eps_4q_growth_year": null,
            "roe": null,
            "roe_4q": 0,
            "gross_profit": null,
            "gross_margin": null,
            "gross_margin_4q_avg": 0,
            "net_income": null,
            "revenue": null,
            "common_shares": null,
            "book_valuer_per_share": null,
            "book_valuer_per_share_4q_avg": 0,
            "equity": null,
            "current_ratio": null,
            "debt_ratio": null,
            "inventory_turnover_ratio": null,
            "account_receivable_turnover_ratio": null,
            "reinvestment_rate": null,
            "research_to_sale_ratio": null,
            "price_fair": 0,
            "eps_avg_yearly": 0,
            "eps_latest_yearly": 0,
            "eps_growth_yearly": 0
        },
        "20014": {
            "year_quarter": 20014,
            "year": 2001,
            "quarter": 4,
            "eps": null,
            "eps_growth_year": null,
            "eps_4q": null,
            "eps_4q_growth_year": null,
            "roe": null,
            "roe_4q": 0,
            "gross_profit": null,
            "gross_margin": null,
            "gross_margin_4q_avg": 0,
            "net_income": null,
            "revenue": null,
            "common_shares": null,
            "book_valuer_per_share": null,
            "book_valuer_per_share_4q_avg": 0,
            "equity": null,
            "current_ratio": null,
            "debt_ratio": null,
            "inventory_turnover_ratio": null,
            "account_receivable_turnover_ratio": null,
            "reinvestment_rate": null,
            "research_to_sale_ratio": null,
            "price_fair": 0,
            "eps_avg_yearly": 0,
            "eps_latest_yearly": 0,
            "eps_growth_yearly": 0
        },
        "20021": {
            "year_quarter": 20021,
            "year": 2002,
            "quarter": 1,
            "eps": null,
            "eps_growth_year": null,
            "eps_4q": null,
            "eps_4q_growth_year": null,
            "roe": null,
            "roe_4q": 0,
            "gross_profit": null,
            "gross_margin": null,
            "gross_margin_4q_avg": 0,
            "net_income": null,
            "revenue": null,
            "common_shares": null,
            "book_valuer_per_share": null,
            "book_valuer_per_share_4q_avg": 0,
            "equity": null,
            "current_ratio": null,
            "debt_ratio": null,
            "inventory_turnover_ratio": null,
            "account_receivable_turnover_ratio": null,
            "reinvestment_rate": null,
            "research_to_sale_ratio": null,
            "price_fair": 0,
            "eps_avg_yearly": 0,
            "eps_latest_yearly": 0,
            "eps_growth_yearly": 0
        },
        "20022": {
            "year_quarter": 20022,
            "year": 2002,
            "quarter": 2,
            "eps": null,
            "eps_growth_year": null,
            "eps_4q": null,
            "eps_4q_growth_year": null,
            "roe": null,
            "roe_4q": 0,
            "gross_profit": null,
            "gross_margin": null,
            "gross_margin_4q_avg": 0,
            "net_income": null,
            "revenue": null,
            "common_shares": null,
            "book_valuer_per_share": null,
            "book_valuer_per_share_4q_avg": 0,
            "equity": null,
            "current_ratio": null,
            "debt_ratio": null,
            "inventory_turnover_ratio": null,
            "account_receivable_turnover_ratio": null,
            "reinvestment_rate": null,
            "research_to_sale_ratio": null,
            "price_fair": 0,
            "eps_avg_yearly": 0,
            "eps_latest_yearly": 0,
            "eps_growth_yearly": 0
        },
        "20023": {
            "year_quarter": 20023,
            "year": 2002,
            "quarter": 3,
            "eps": null,
            "eps_growth_year": null,
            "eps_4q": null,
            "eps_4q_growth_year": null,
            "roe": null,
            "roe_4q": 0,
            "gross_profit": null,
            "gross_margin": null,
            "gross_margin_4q_avg": 0,
            "net_income": null,
            "revenue": null,
            "common_shares": null,
            "book_valuer_per_share": null,
            "book_valuer_per_share_4q_avg": 0,
            "equity": null,
            "current_ratio": null,
            "debt_ratio": null,
            "inventory_turnover_ratio": null,
            "account_receivable_turnover_ratio": null,
            "reinvestment_rate": null,
            "research_to_sale_ratio": null,
            "price_fair": 0,
            "eps_avg_yearly": 0,
            "eps_latest_yearly": 0,
            "eps_growth_yearly": 0
        },
        "20024": {
            "year_quarter": 20024,
            "year": 2002,
            "quarter": 4,
            "eps": null,
            "eps_growth_year": null,
            "eps_4q": null,
            "eps_4q_growth_year": null,
            "roe": null,
            "roe_4q": 0,
            "gross_profit": null,
            "gross_margin": null,
            "gross_margin_4q_avg": 0,
            "net_income": null,
            "revenue": null,
            "common_shares": null,
            "book_valuer_per_share": null,
            "book_valuer_per_share_4q_avg": 0,
            "equity": null,
            "current_ratio": null,
            "debt_ratio": null,
            "inventory_turnover_ratio": null,
            "account_receivable_turnover_ratio": null,
            "reinvestment_rate": null,
            "research_to_sale_ratio": null,
            "price_fair": 0,
            "eps_avg_yearly": 0,
            "eps_latest_yearly": 0,
            "eps_growth_yearly": 0
        },
        "20031": {
            "year_quarter": 20031,
            "year": 2003,
            "quarter": 1,
            "eps": null,
            "eps_growth_year": null,
            "eps_4q": null,
            "eps_4q_growth_year": null,
            "roe": null,
            "roe_4q": 0,
            "gross_profit": null,
            "gross_margin": null,
            "gross_margin_4q_avg": 0,
            "net_income": null,
            "revenue": null,
            "common_shares": null,
            "book_valuer_per_share": null,
            "book_valuer_per_share_4q_avg": 0,
            "equity": null,
            "current_ratio": null,
            "debt_ratio": null,
            "inventory_turnover_ratio": null,
            "account_receivable_turnover_ratio": null,
            "reinvestment_rate": null,
            "research_to_sale_ratio": null,
            "price_fair": 0,
            "eps_avg_yearly": 0,
            "eps_latest_yearly": 0,
            "eps_growth_yearly": 0
        },
        "20032": {
            "year_quarter": 20032,
            "year": 2003,
            "quarter": 2,
            "eps": null,
            "eps_growth_year": null,
            "eps_4q": null,
            "eps_4q_growth_year": null,
            "roe": null,
            "roe_4q": 0,
            "gross_profit": null,
            "gross_margin": null,
            "gross_margin_4q_avg": 0,
            "net_income": null,
            "revenue": null,
            "common_shares": null,
            "book_valuer_per_share": null,
            "book_valuer_per_share_4q_avg": 0,
            "equity": null,
            "current_ratio": null,
            "debt_ratio": null,
            "inventory_turnover_ratio": null,
            "account_receivable_turnover_ratio": null,
            "reinvestment_rate": null,
            "research_to_sale_ratio": null,
            "price_fair": 0,
            "eps_avg_yearly": 0,
            "eps_latest_yearly": 0,
            "eps_growth_yearly": 0
        },
        "20033": {
            "year_quarter": 20033,
            "year": 2003,
            "quarter": 3,
            "eps": null,
            "eps_growth_year": null,
            "eps_4q": null,
            "eps_4q_growth_year": null,
            "roe": null,
            "roe_4q": 0,
            "gross_profit": null,
            "gross_margin": null,
            "gross_margin_4q_avg": 0,
            "net_income": null,
            "revenue": null,
            "common_shares": null,
            "book_valuer_per_share": null,
            "book_valuer_per_share_4q_avg": 0,
            "equity": null,
            "current_ratio": null,
            "debt_ratio": null,
            "inventory_turnover_ratio": null,
            "account_receivable_turnover_ratio": null,
            "reinvestment_rate": null,
            "research_to_sale_ratio": null,
            "price_fair": 0,
            "eps_avg_yearly": 0,
            "eps_latest_yearly": 0,
            "eps_growth_yearly": 0
        },
        "20034": {
            "year_quarter": 20034,
            "year": 2003,
            "quarter": 4,
            "eps": null,
            "eps_growth_year": null,
            "eps_4q": null,
            "eps_4q_growth_year": null,
            "roe": null,
            "roe_4q": 0,
            "gross_profit": null,
            "gross_margin": null,
            "gross_margin_4q_avg": 0,
            "net_income": null,
            "revenue": null,
            "common_shares": null,
            "book_valuer_per_share": null,
            "book_valuer_per_share_4q_avg": 0,
            "equity": null,
            "current_ratio": null,
            "debt_ratio": null,
            "inventory_turnover_ratio": null,
            "account_receivable_turnover_ratio": null,
            "reinvestment_rate": null,
            "research_to_sale_ratio": null,
            "price_fair": 0,
            "eps_avg_yearly": 0,
            "eps_latest_yearly": 0,
            "eps_growth_yearly": 0
        },
        "20041": {
            "year_quarter": 20041,
            "year": 2004,
            "quarter": 1,
            "eps": null,
            "eps_growth_year": null,
            "eps_4q": null,
            "eps_4q_growth_year": null,
            "roe": null,
            "roe_4q": 0,
            "gross_profit": null,
            "gross_margin": null,
            "gross_margin_4q_avg": 0,
            "net_income": null,
            "revenue": null,
            "common_shares": null,
            "book_valuer_per_share": null,
            "book_valuer_per_share_4q_avg": 0,
            "equity": null,
            "current_ratio": null,
            "debt_ratio": null,
            "inventory_turnover_ratio": null,
            "account_receivable_turnover_ratio": null,
            "reinvestment_rate": null,
            "research_to_sale_ratio": null,
            "price_fair": 0,
            "eps_avg_yearly": 0,
            "eps_latest_yearly": 0,
            "eps_growth_yearly": 0
        },
        "20042": {
            "year_quarter": 20042,
            "year": 2004,
            "quarter": 2,
            "eps": null,
            "eps_growth_year": null,
            "eps_4q": null,
            "eps_4q_growth_year": null,
            "roe": null,
            "roe_4q": 0,
            "gross_profit": null,
            "gross_margin": null,
            "gross_margin_4q_avg": 0,
            "net_income": null,
            "revenue": null,
            "common_shares": null,
            "book_valuer_per_share": null,
            "book_valuer_per_share_4q_avg": 0,
            "equity": null,
            "current_ratio": null,
            "debt_ratio": null,
            "inventory_turnover_ratio": null,
            "account_receivable_turnover_ratio": null,
            "reinvestment_rate": null,
            "research_to_sale_ratio": null,
            "price_fair": 0,
            "eps_avg_yearly": 0,
            "eps_latest_yearly": 0,
            "eps_growth_yearly": 0
        },
        "20043": {
            "year_quarter": 20043,
            "year": 2004,
            "quarter": 3,
            "eps": null,
            "eps_growth_year": null,
            "eps_4q": null,
            "eps_4q_growth_year": null,
            "roe": null,
            "roe_4q": 0,
            "gross_profit": null,
            "gross_margin": null,
            "gross_margin_4q_avg": 0,
            "net_income": null,
            "revenue": null,
            "common_shares": null,
            "book_valuer_per_share": null,
            "book_valuer_per_share_4q_avg": 0,
            "equity": null,
            "current_ratio": null,
            "debt_ratio": null,
            "inventory_turnover_ratio": null,
            "account_receivable_turnover_ratio": null,
            "reinvestment_rate": null,
            "research_to_sale_ratio": null,
            "price_fair": 0,
            "eps_avg_yearly": 0,
            "eps_latest_yearly": 0,
            "eps_growth_yearly": 0
        },
        "20044": {
            "year_quarter": 20044,
            "year": 2004,
            "quarter": 4,
            "eps": null,
            "eps_growth_year": null,
            "eps_4q": null,
            "eps_4q_growth_year": null,
            "roe": null,
            "roe_4q": 0,
            "gross_profit": null,
            "gross_margin": null,
            "gross_margin_4q_avg": 0,
            "net_income": null,
            "revenue": null,
            "common_shares": null,
            "book_valuer_per_share": null,
            "book_valuer_per_share_4q_avg": 0,
            "equity": null,
            "current_ratio": null,
            "debt_ratio": null,
            "inventory_turnover_ratio": null,
            "account_receivable_turnover_ratio": null,
            "reinvestment_rate": null,
            "research_to_sale_ratio": null,
            "price_fair": 0,
            "eps_avg_yearly": 0,
            "eps_latest_yearly": 0,
            "eps_growth_yearly": 0
        },
        "20051": {
            "year_quarter": 20051,
            "year": 2005,
            "quarter": 1,
            "eps": null,
            "eps_growth_year": null,
            "eps_4q": null,
            "eps_4q_growth_year": null,
            "roe": null,
            "roe_4q": 0,
            "gross_profit": null,
            "gross_margin": null,
            "gross_margin_4q_avg": 0,
            "net_income": null,
            "revenue": null,
            "common_shares": null,
            "book_valuer_per_share": null,
            "book_valuer_per_share_4q_avg": 0,
            "equity": null,
            "current_ratio": null,
            "debt_ratio": null,
            "inventory_turnover_ratio": null,
            "account_receivable_turnover_ratio": null,
            "reinvestment_rate": null,
            "research_to_sale_ratio": null,
            "price_fair": 0,
            "eps_avg_yearly": 0,
            "eps_latest_yearly": 0,
            "eps_growth_yearly": 0
        },
        "20052": {
            "year_quarter": 20052,
            "year": 2005,
            "quarter": 2,
            "eps": null,
            "eps_growth_year": null,
            "eps_4q": null,
            "eps_4q_growth_year": null,
            "roe": null,
            "roe_4q": 0,
            "gross_profit": null,
            "gross_margin": null,
            "gross_margin_4q_avg": 0,
            "net_income": null,
            "revenue": null,
            "common_shares": null,
            "book_valuer_per_share": null,
            "book_valuer_per_share_4q_avg": 0,
            "equity": null,
            "current_ratio": null,
            "debt_ratio": null,
            "inventory_turnover_ratio": null,
            "account_receivable_turnover_ratio": null,
            "reinvestment_rate": null,
            "research_to_sale_ratio": null,
            "price_fair": 0,
            "eps_avg_yearly": 0,
            "eps_latest_yearly": 0,
            "eps_growth_yearly": 0
        },
        "20053": {
            "year_quarter": 20053,
            "year": 2005,
            "quarter": 3,
            "eps": null,
            "eps_growth_year": null,
            "eps_4q": null,
            "eps_4q_growth_year": null,
            "roe": null,
            "roe_4q": 0,
            "gross_profit": null,
            "gross_margin": null,
            "gross_margin_4q_avg": 0,
            "net_income": null,
            "revenue": null,
            "common_shares": null,
            "book_valuer_per_share": null,
            "book_valuer_per_share_4q_avg": 0,
            "equity": null,
            "current_ratio": null,
            "debt_ratio": null,
            "inventory_turnover_ratio": null,
            "account_receivable_turnover_ratio": null,
            "reinvestment_rate": null,
            "research_to_sale_ratio": null,
            "price_fair": 0,
            "eps_avg_yearly": 0,
            "eps_latest_yearly": 0,
            "eps_growth_yearly": 0
        },
        "20054": {
            "year_quarter": 20054,
            "year": 2005,
            "quarter": 4,
            "eps": null,
            "eps_growth_year": null,
            "eps_4q": null,
            "eps_4q_growth_year": null,
            "roe": null,
            "roe_4q": 0,
            "gross_profit": null,
            "gross_margin": null,
            "gross_margin_4q_avg": 0,
            "net_income": null,
            "revenue": null,
            "common_shares": null,
            "book_valuer_per_share": null,
            "book_valuer_per_share_4q_avg": 0,
            "equity": null,
            "current_ratio": null,
            "debt_ratio": null,
            "inventory_turnover_ratio": null,
            "account_receivable_turnover_ratio": null,
            "reinvestment_rate": null,
            "research_to_sale_ratio": null,
            "price_fair": 0,
            "eps_avg_yearly": 0,
            "eps_latest_yearly": 0,
            "eps_growth_yearly": 0
        },
        "20061": {
            "year_quarter": 20061,
            "year": 2006,
            "quarter": 1,
            "eps": null,
            "eps_growth_year": null,
            "eps_4q": null,
            "eps_4q_growth_year": null,
            "roe": null,
            "roe_4q": 0,
            "gross_profit": null,
            "gross_margin": null,
            "gross_margin_4q_avg": 0,
            "net_income": null,
            "revenue": null,
            "common_shares": null,
            "book_valuer_per_share": null,
            "book_valuer_per_share_4q_avg": 0,
            "equity": null,
            "current_ratio": null,
            "debt_ratio": null,
            "inventory_turnover_ratio": null,
            "account_receivable_turnover_ratio": null,
            "reinvestment_rate": null,
            "research_to_sale_ratio": null,
            "price_fair": 0,
            "eps_avg_yearly": 0,
            "eps_latest_yearly": 0,
            "eps_growth_yearly": 0
        },
        "20062": {
            "year_quarter": 20062,
            "year": 2006,
            "quarter": 2,
            "eps": null,
            "eps_growth_year": null,
            "eps_4q": null,
            "eps_4q_growth_year": null,
            "roe": null,
            "roe_4q": 0,
            "gross_profit": null,
            "gross_margin": null,
            "gross_margin_4q_avg": 0,
            "net_income": null,
            "revenue": null,
            "common_shares": null,
            "book_valuer_per_share": null,
            "book_valuer_per_share_4q_avg": 0,
            "equity": null,
            "current_ratio": null,
            "debt_ratio": null,
            "inventory_turnover_ratio": null,
            "account_receivable_turnover_ratio": null,
            "reinvestment_rate": null,
            "research_to_sale_ratio": null,
            "price_fair": 0,
            "eps_avg_yearly": 0,
            "eps_latest_yearly": 0,
            "eps_growth_yearly": 0
        },
        "20063": {
            "year_quarter": 20063,
            "year": 2006,
            "quarter": 3,
            "eps": null,
            "eps_growth_year": null,
            "eps_4q": null,
            "eps_4q_growth_year": null,
            "roe": null,
            "roe_4q": 0,
            "gross_profit": null,
            "gross_margin": null,
            "gross_margin_4q_avg": 0,
            "net_income": null,
            "revenue": null,
            "common_shares": null,
            "book_valuer_per_share": null,
            "book_valuer_per_share_4q_avg": 0,
            "equity": null,
            "current_ratio": null,
            "debt_ratio": null,
            "inventory_turnover_ratio": null,
            "account_receivable_turnover_ratio": null,
            "reinvestment_rate": null,
            "research_to_sale_ratio": null,
            "price_fair": 0,
            "eps_avg_yearly": 0,
            "eps_latest_yearly": 0,
            "eps_growth_yearly": 0
        },
        "20064": {
            "year_quarter": 20064,
            "year": 2006,
            "quarter": 4,
            "eps": null,
            "eps_growth_year": null,
            "eps_4q": null,
            "eps_4q_growth_year": null,
            "roe": null,
            "roe_4q": 0,
            "gross_profit": null,
            "gross_margin": null,
            "gross_margin_4q_avg": 0,
            "net_income": null,
            "revenue": null,
            "common_shares": null,
            "book_valuer_per_share": null,
            "book_valuer_per_share_4q_avg": 0,
            "equity": null,
            "current_ratio": null,
            "debt_ratio": null,
            "inventory_turnover_ratio": null,
            "account_receivable_turnover_ratio": null,
            "reinvestment_rate": null,
            "research_to_sale_ratio": null,
            "price_fair": 0,
            "eps_avg_yearly": 0,
            "eps_latest_yearly": 0,
            "eps_growth_yearly": 0
        },
        "20071": {
            "year_quarter": 20071,
            "year": 2007,
            "quarter": 1,
            "eps": null,
            "eps_growth_year": null,
            "eps_4q": null,
            "eps_4q_growth_year": null,
            "roe": null,
            "roe_4q": 0,
            "gross_profit": null,
            "gross_margin": null,
            "gross_margin_4q_avg": 0,
            "net_income": null,
            "revenue": null,
            "common_shares": null,
            "book_valuer_per_share": null,
            "book_valuer_per_share_4q_avg": 0,
            "equity": null,
            "current_ratio": null,
            "debt_ratio": null,
            "inventory_turnover_ratio": null,
            "account_receivable_turnover_ratio": null,
            "reinvestment_rate": null,
            "research_to_sale_ratio": null,
            "price_fair": 0,
            "eps_avg_yearly": 0,
            "eps_latest_yearly": 0,
            "eps_growth_yearly": 0
        },
        "20072": {
            "year_quarter": 20072,
            "year": 2007,
            "quarter": 2,
            "eps": null,
            "eps_growth_year": null,
            "eps_4q": null,
            "eps_4q_growth_year": null,
            "roe": null,
            "roe_4q": 0,
            "gross_profit": null,
            "gross_margin": null,
            "gross_margin_4q_avg": 0,
            "net_income": null,
            "revenue": null,
            "common_shares": null,
            "book_valuer_per_share": null,
            "book_valuer_per_share_4q_avg": 0,
            "equity": null,
            "current_ratio": null,
            "debt_ratio": null,
            "inventory_turnover_ratio": null,
            "account_receivable_turnover_ratio": null,
            "reinvestment_rate": null,
            "research_to_sale_ratio": null,
            "price_fair": 0,
            "eps_avg_yearly": 0,
            "eps_latest_yearly": 0,
            "eps_growth_yearly": 0
        },
        "20073": {
            "year_quarter": 20073,
            "year": 2007,
            "quarter": 3,
            "eps": null,
            "eps_growth_year": null,
            "eps_4q": null,
            "eps_4q_growth_year": null,
            "roe": null,
            "roe_4q": 0,
            "gross_profit": null,
            "gross_margin": null,
            "gross_margin_4q_avg": 0,
            "net_income": null,
            "revenue": null,
            "common_shares": null,
            "book_valuer_per_share": null,
            "book_valuer_per_share_4q_avg": 0,
            "equity": null,
            "current_ratio": null,
            "debt_ratio": null,
            "inventory_turnover_ratio": null,
            "account_receivable_turnover_ratio": null,
            "reinvestment_rate": null,
            "research_to_sale_ratio": null,
            "price_fair": 0,
            "eps_avg_yearly": 0,
            "eps_latest_yearly": 0,
            "eps_growth_yearly": 0
        },
        "20074": {
            "year_quarter": 20074,
            "year": 2007,
            "quarter": 4,
            "eps": null,
            "eps_growth_year": null,
            "eps_4q": null,
            "eps_4q_growth_year": null,
            "roe": null,
            "roe_4q": 0,
            "gross_profit": null,
            "gross_margin": null,
            "gross_margin_4q_avg": 0,
            "net_income": null,
            "revenue": null,
            "common_shares": null,
            "book_valuer_per_share": null,
            "book_valuer_per_share_4q_avg": 0,
            "equity": null,
            "current_ratio": null,
            "debt_ratio": null,
            "inventory_turnover_ratio": null,
            "account_receivable_turnover_ratio": null,
            "reinvestment_rate": null,
            "research_to_sale_ratio": null,
            "price_fair": 0,
            "eps_avg_yearly": 0,
            "eps_latest_yearly": 0,
            "eps_growth_yearly": 0
        },
        "20081": {
            "year_quarter": 20081,
            "year": 2008,
            "quarter": 1,
            "eps": null,
            "eps_growth_year": null,
            "eps_4q": null,
            "eps_4q_growth_year": null,
            "roe": null,
            "roe_4q": 0,
            "gross_profit": null,
            "gross_margin": null,
            "gross_margin_4q_avg": 0,
            "net_income": null,
            "revenue": null,
            "common_shares": null,
            "book_valuer_per_share": null,
            "book_valuer_per_share_4q_avg": 0,
            "equity": null,
            "current_ratio": null,
            "debt_ratio": null,
            "inventory_turnover_ratio": null,
            "account_receivable_turnover_ratio": null,
            "reinvestment_rate": null,
            "research_to_sale_ratio": null,
            "price_fair": 0,
            "eps_avg_yearly": 0,
            "eps_latest_yearly": 0,
            "eps_growth_yearly": 0
        },
        "20082": {
            "year_quarter": 20082,
            "year": 2008,
            "quarter": 2,
            "eps": null,
            "eps_growth_year": null,
            "eps_4q": null,
            "eps_4q_growth_year": null,
            "roe": null,
            "roe_4q": 0,
            "gross_profit": null,
            "gross_margin": null,
            "gross_margin_4q_avg": 0,
            "net_income": null,
            "revenue": null,
            "common_shares": null,
            "book_valuer_per_share": null,
            "book_valuer_per_share_4q_avg": 0,
            "equity": null,
            "current_ratio": null,
            "debt_ratio": null,
            "inventory_turnover_ratio": null,
            "account_receivable_turnover_ratio": null,
            "reinvestment_rate": null,
            "research_to_sale_ratio": null,
            "price_fair": 0,
            "eps_avg_yearly": 0,
            "eps_latest_yearly": 0,
            "eps_growth_yearly": 0
        },
        "20083": {
            "year_quarter": 20083,
            "year": 2008,
            "quarter": 3,
            "eps": null,
            "eps_growth_year": null,
            "eps_4q": null,
            "eps_4q_growth_year": null,
            "roe": null,
            "roe_4q": 0,
            "gross_profit": null,
            "gross_margin": null,
            "gross_margin_4q_avg": 0,
            "net_income": null,
            "revenue": null,
            "common_shares": null,
            "book_valuer_per_share": null,
            "book_valuer_per_share_4q_avg": 0,
            "equity": null,
            "current_ratio": null,
            "debt_ratio": null,
            "inventory_turnover_ratio": null,
            "account_receivable_turnover_ratio": null,
            "reinvestment_rate": null,
            "research_to_sale_ratio": null,
            "price_fair": 0,
            "eps_avg_yearly": 0,
            "eps_latest_yearly": 0,
            "eps_growth_yearly": 0
        },
        "20084": {
            "year_quarter": 20084,
            "year": 2008,
            "quarter": 4,
            "eps": null,
            "eps_growth_year": null,
            "eps_4q": null,
            "eps_4q_growth_year": null,
            "roe": null,
            "roe_4q": 0,
            "gross_profit": null,
            "gross_margin": null,
            "gross_margin_4q_avg": 0,
            "net_income": null,
            "revenue": null,
            "common_shares": null,
            "book_valuer_per_share": null,
            "book_valuer_per_share_4q_avg": 0,
            "equity": null,
            "current_ratio": null,
            "debt_ratio": null,
            "inventory_turnover_ratio": null,
            "account_receivable_turnover_ratio": null,
            "reinvestment_rate": null,
            "research_to_sale_ratio": null,
            "price_fair": 0,
            "eps_avg_yearly": 0,
            "eps_latest_yearly": 0,
            "eps_growth_yearly": 0
        },
        "20091": {
            "year_quarter": 20091,
            "year": 2009,
            "quarter": 1,
            "eps": null,
            "eps_growth_year": null,
            "eps_4q": null,
            "eps_4q_growth_year": null,
            "roe": null,
            "roe_4q": 0,
            "gross_profit": null,
            "gross_margin": null,
            "gross_margin_4q_avg": 0,
            "net_income": null,
            "revenue": null,
            "common_shares": null,
            "book_valuer_per_share": null,
            "book_valuer_per_share_4q_avg": 0,
            "equity": null,
            "current_ratio": null,
            "debt_ratio": null,
            "inventory_turnover_ratio": null,
            "account_receivable_turnover_ratio": null,
            "reinvestment_rate": null,
            "research_to_sale_ratio": null,
            "price_fair": 0,
            "eps_avg_yearly": 0,
            "eps_latest_yearly": 0,
            "eps_growth_yearly": 0
        },
        "20092": {
            "year_quarter": 20092,
            "year": 2009,
            "quarter": 2,
            "eps": null,
            "eps_growth_year": null,
            "eps_4q": null,
            "eps_4q_growth_year": null,
            "roe": null,
            "roe_4q": 0,
            "gross_profit": null,
            "gross_margin": null,
            "gross_margin_4q_avg": 0,
            "net_income": null,
            "revenue": null,
            "common_shares": null,
            "book_valuer_per_share": null,
            "book_valuer_per_share_4q_avg": 0,
            "equity": null,
            "current_ratio": null,
            "debt_ratio": null,
            "inventory_turnover_ratio": null,
            "account_receivable_turnover_ratio": null,
            "reinvestment_rate": null,
            "research_to_sale_ratio": null,
            "price_fair": 0,
            "eps_avg_yearly": 0,
            "eps_latest_yearly": 0,
            "eps_growth_yearly": 0
        },
        "20093": {
            "year_quarter": 20093,
            "year": 2009,
            "quarter": 3,
            "eps": null,
            "eps_growth_year": null,
            "eps_4q": null,
            "eps_4q_growth_year": null,
            "roe": null,
            "roe_4q": 0,
            "gross_profit": null,
            "gross_margin": null,
            "gross_margin_4q_avg": 0,
            "net_income": null,
            "revenue": null,
            "common_shares": null,
            "book_valuer_per_share": null,
            "book_valuer_per_share_4q_avg": 0,
            "equity": null,
            "current_ratio": null,
            "debt_ratio": null,
            "inventory_turnover_ratio": null,
            "account_receivable_turnover_ratio": null,
            "reinvestment_rate": null,
            "research_to_sale_ratio": null,
            "price_fair": 0,
            "eps_avg_yearly": 0,
            "eps_latest_yearly": 0,
            "eps_growth_yearly": 0
        },
        "20094": {
            "year_quarter": 20094,
            "year": 2009,
            "quarter": 4,
            "eps": null,
            "eps_growth_year": null,
            "eps_4q": null,
            "eps_4q_growth_year": null,
            "roe": null,
            "roe_4q": 0,
            "gross_profit": null,
            "gross_margin": null,
            "gross_margin_4q_avg": 0,
            "net_income": null,
            "revenue": null,
            "common_shares": null,
            "book_valuer_per_share": null,
            "book_valuer_per_share_4q_avg": 0,
            "equity": null,
            "current_ratio": null,
            "debt_ratio": null,
            "inventory_turnover_ratio": null,
            "account_receivable_turnover_ratio": null,
            "reinvestment_rate": null,
            "research_to_sale_ratio": null,
            "price_fair": 0,
            "eps_avg_yearly": 0,
            "eps_latest_yearly": 0,
            "eps_growth_yearly": 0
        },
        "20101": {
            "year_quarter": 20101,
            "year": 2010,
            "quarter": 1,
            "eps": null,
            "eps_growth_year": null,
            "eps_4q": null,
            "eps_4q_growth_year": null,
            "roe": null,
            "roe_4q": 0,
            "gross_profit": null,
            "gross_margin": null,
            "gross_margin_4q_avg": 0,
            "net_income": null,
            "revenue": null,
            "common_shares": null,
            "book_valuer_per_share": null,
            "book_valuer_per_share_4q_avg": 0,
            "equity": null,
            "current_ratio": null,
            "debt_ratio": null,
            "inventory_turnover_ratio": null,
            "account_receivable_turnover_ratio": null,
            "reinvestment_rate": null,
            "research_to_sale_ratio": null,
            "price_fair": 0,
            "eps_avg_yearly": 0,
            "eps_latest_yearly": 0,
            "eps_growth_yearly": 0
        },
        "20102": {
            "year_quarter": 20102,
            "year": 2010,
            "quarter": 2,
            "eps": null,
            "eps_growth_year": null,
            "eps_4q": null,
            "eps_4q_growth_year": null,
            "roe": null,
            "roe_4q": 0,
            "gross_profit": null,
            "gross_margin": null,
            "gross_margin_4q_avg": 0,
            "net_income": null,
            "revenue": null,
            "common_shares": null,
            "book_valuer_per_share": null,
            "book_valuer_per_share_4q_avg": 0,
            "equity": null,
            "current_ratio": null,
            "debt_ratio": null,
            "inventory_turnover_ratio": null,
            "account_receivable_turnover_ratio": null,
            "reinvestment_rate": null,
            "research_to_sale_ratio": null,
            "price_fair": 0,
            "eps_avg_yearly": 0,
            "eps_latest_yearly": 0,
            "eps_growth_yearly": 0
        },
        "20103": {
            "year_quarter": 20103,
            "year": 2010,
            "quarter": 3,
            "eps": null,
            "eps_growth_year": null,
            "eps_4q": null,
            "eps_4q_growth_year": null,
            "roe": null,
            "roe_4q": 0,
            "gross_profit": null,
            "gross_margin": null,
            "gross_margin_4q_avg": 0,
            "net_income": null,
            "revenue": null,
            "common_shares": null,
            "book_valuer_per_share": null,
            "book_valuer_per_share_4q_avg": 0,
            "equity": null,
            "current_ratio": null,
            "debt_ratio": null,
            "inventory_turnover_ratio": null,
            "account_receivable_turnover_ratio": null,
            "reinvestment_rate": null,
            "research_to_sale_ratio": null,
            "price_fair": 0,
            "eps_avg_yearly": 0,
            "eps_latest_yearly": 0,
            "eps_growth_yearly": 0
        },
        "20104": {
            "year_quarter": 20104,
            "year": 2010,
            "quarter": 4,
            "eps": null,
            "eps_growth_year": null,
            "eps_4q": null,
            "eps_4q_growth_year": null,
            "roe": null,
            "roe_4q": 0,
            "gross_profit": null,
            "gross_margin": null,
            "gross_margin_4q_avg": 0,
            "net_income": null,
            "revenue": null,
            "common_shares": 442336,
            "book_valuer_per_share": null,
            "book_valuer_per_share_4q_avg": 0,
            "equity": 618788,
            "current_ratio": null,
            "debt_ratio": null,
            "inventory_turnover_ratio": null,
            "account_receivable_turnover_ratio": null,
            "reinvestment_rate": null,
            "research_to_sale_ratio": null,
            "price_fair": 0,
            "eps_avg_yearly": 0,
            "eps_latest_yearly": 0,
            "eps_growth_yearly": 0
        },
        "20111": {
            "year_quarter": 20111,
            "year": 2011,
            "quarter": 1,
            "eps": null,
            "eps_growth_year": null,
            "eps_4q": null,
            "eps_4q_growth_year": null,
            "roe": null,
            "roe_4q": 0,
            "gross_profit": null,
            "gross_margin": null,
            "gross_margin_4q_avg": 0,
            "net_income": null,
            "revenue": null,
            "common_shares": null,
            "book_valuer_per_share": null,
            "book_valuer_per_share_4q_avg": 0,
            "equity": null,
            "current_ratio": null,
            "debt_ratio": null,
            "inventory_turnover_ratio": null,
            "account_receivable_turnover_ratio": null,
            "reinvestment_rate": null,
            "research_to_sale_ratio": null,
            "price_fair": 0,
            "eps_avg_yearly": 0,
            "eps_latest_yearly": 0,
            "eps_growth_yearly": 0
        },
        "20112": {
            "year_quarter": 20112,
            "year": 2011,
            "quarter": 2,
            "eps": null,
            "eps_growth_year": null,
            "eps_4q": null,
            "eps_4q_growth_year": null,
            "roe": null,
            "roe_4q": 0,
            "gross_profit": null,
            "gross_margin": null,
            "gross_margin_4q_avg": 0,
            "net_income": null,
            "revenue": null,
            "common_shares": null,
            "book_valuer_per_share": null,
            "book_valuer_per_share_4q_avg": 0,
            "equity": null,
            "current_ratio": null,
            "debt_ratio": null,
            "inventory_turnover_ratio": null,
            "account_receivable_turnover_ratio": null,
            "reinvestment_rate": null,
            "research_to_sale_ratio": null,
            "price_fair": 0,
            "eps_avg_yearly": 0,
            "eps_latest_yearly": 0,
            "eps_growth_yearly": 0
        },
        "20113": {
            "year_quarter": 20113,
            "year": 2011,
            "quarter": 3,
            "eps": null,
            "eps_growth_year": null,
            "eps_4q": null,
            "eps_4q_growth_year": null,
            "roe": null,
            "roe_4q": 0,
            "gross_profit": null,
            "gross_margin": null,
            "gross_margin_4q_avg": 0,
            "net_income": null,
            "revenue": null,
            "common_shares": null,
            "book_valuer_per_share": null,
            "book_valuer_per_share_4q_avg": 0,
            "equity": null,
            "current_ratio": null,
            "debt_ratio": null,
            "inventory_turnover_ratio": null,
            "account_receivable_turnover_ratio": null,
            "reinvestment_rate": null,
            "research_to_sale_ratio": null,
            "price_fair": 0,
            "eps_avg_yearly": 0,
            "eps_latest_yearly": 0,
            "eps_growth_yearly": 0
        },
        "20114": {
            "year_quarter": 20114,
            "year": 2011,
            "quarter": 4,
            "eps": null,
            "eps_growth_year": null,
            "eps_4q": null,
            "eps_4q_growth_year": null,
            "roe": null,
            "roe_4q": 0,
            "gross_profit": null,
            "gross_margin": null,
            "gross_margin_4q_avg": 0,
            "net_income": null,
            "revenue": null,
            "common_shares": 600307,
            "book_valuer_per_share": 12.54,
            "book_valuer_per_share_4q_avg": 3.14,
            "equity": 752916,
            "current_ratio": 366.42,
            "debt_ratio": 25.11,
            "inventory_turnover_ratio": null,
            "account_receivable_turnover_ratio": null,
            "reinvestment_rate": null,
            "research_to_sale_ratio": null,
            "price_fair": 0,
            "eps_avg_yearly": 0,
            "eps_latest_yearly": 0,
            "eps_growth_yearly": 0
        },
        "20121": {
            "year_quarter": 20121,
            "year": 2012,
            "quarter": 1,
            "eps": null,
            "eps_growth_year": null,
            "eps_4q": null,
            "eps_4q_growth_year": null,
            "roe": null,
            "roe_4q": 0,
            "gross_profit": null,
            "gross_margin": null,
            "gross_margin_4q_avg": 0,
            "net_income": null,
            "revenue": null,
            "common_shares": null,
            "book_valuer_per_share": null,
            "book_valuer_per_share_4q_avg": 3.14,
            "equity": null,
            "current_ratio": null,
            "debt_ratio": null,
            "inventory_turnover_ratio": null,
            "account_receivable_turnover_ratio": null,
            "reinvestment_rate": null,
            "research_to_sale_ratio": null,
            "price_fair": 0,
            "eps_avg_yearly": 0,
            "eps_latest_yearly": 0,
            "eps_growth_yearly": 0
        },
        "20122": {
            "year_quarter": 20122,
            "year": 2012,
            "quarter": 2,
            "eps": null,
            "eps_growth_year": null,
            "eps_4q": null,
            "eps_4q_growth_year": null,
            "roe": null,
            "roe_4q": 0,
            "gross_profit": null,
            "gross_margin": null,
            "gross_margin_4q_avg": 0,
            "net_income": null,
            "revenue": null,
            "common_shares": 600307,
            "book_valuer_per_share": null,
            "book_valuer_per_share_4q_avg": 3.14,
            "equity": 784775,
            "current_ratio": null,
            "debt_ratio": null,
            "inventory_turnover_ratio": null,
            "account_receivable_turnover_ratio": null,
            "reinvestment_rate": null,
            "research_to_sale_ratio": null,
            "price_fair": 0,
            "eps_avg_yearly": 0,
            "eps_latest_yearly": 0,
            "eps_growth_yearly": 0
        },
        "20123": {
            "year_quarter": 20123,
            "year": 2012,
            "quarter": 3,
            "eps": null,
            "eps_growth_year": null,
            "eps_4q": null,
            "eps_4q_growth_year": null,
            "roe": null,
            "roe_4q": 0,
            "gross_profit": null,
            "gross_margin": null,
            "gross_margin_4q_avg": 0,
            "net_income": null,
            "revenue": null,
            "common_shares": null,
            "book_valuer_per_share": null,
            "book_valuer_per_share_4q_avg": 3.14,
            "equity": null,
            "current_ratio": null,
            "debt_ratio": null,
            "inventory_turnover_ratio": null,
            "account_receivable_turnover_ratio": null,
            "reinvestment_rate": null,
            "research_to_sale_ratio": null,
            "price_fair": 0,
            "eps_avg_yearly": 0,
            "eps_latest_yearly": 0,
            "eps_growth_yearly": 0
        },
        "20124": {
            "year_quarter": 20124,
            "year": 2012,
            "quarter": 4,
            "eps": null,
            "eps_growth_year": null,
            "eps_4q": null,
            "eps_4q_growth_year": null,
            "roe": null,
            "roe_4q": 0,
            "gross_profit": null,
            "gross_margin": null,
            "gross_margin_4q_avg": 0,
            "net_income": null,
            "revenue": null,
            "common_shares": 600307,
            "book_valuer_per_share": 14.82,
            "book_valuer_per_share_4q_avg": 3.71,
            "equity": 889520,
            "current_ratio": 396.8,
            "debt_ratio": 23.25,
            "inventory_turnover_ratio": null,
            "account_receivable_turnover_ratio": null,
            "reinvestment_rate": null,
            "research_to_sale_ratio": null,
            "price_fair": 0,
            "eps_avg_yearly": 0,
            "eps_latest_yearly": 0,
            "eps_growth_yearly": 0
        },
        "20131": {
            "year_quarter": 20131,
            "year": 2013,
            "quarter": 1,
            "eps": null,
            "eps_growth_year": null,
            "eps_4q": null,
            "eps_4q_growth_year": null,
            "roe": null,
            "roe_4q": 0,
            "gross_profit": null,
            "gross_margin": null,
            "gross_margin_4q_avg": 0,
            "net_income": null,
            "revenue": null,
            "common_shares": null,
            "book_valuer_per_share": null,
            "book_valuer_per_share_4q_avg": 3.71,
            "equity": null,
            "current_ratio": null,
            "debt_ratio": null,
            "inventory_turnover_ratio": null,
            "account_receivable_turnover_ratio": null,
            "reinvestment_rate": null,
            "research_to_sale_ratio": null,
            "price_fair": 0,
            "eps_avg_yearly": 0,
            "eps_latest_yearly": 0,
            "eps_growth_yearly": 0
        },
        "20132": {
            "year_quarter": 20132,
            "year": 2013,
            "quarter": 2,
            "eps": null,
            "eps_growth_year": null,
            "eps_4q": null,
            "eps_4q_growth_year": null,
            "roe": null,
            "roe_4q": 0,
            "gross_profit": null,
            "gross_margin": null,
            "gross_margin_4q_avg": 0,
            "net_income": null,
            "revenue": null,
            "common_shares": 600307,
            "book_valuer_per_share": 14.44,
            "book_valuer_per_share_4q_avg": 7.32,
            "equity": 866597,
            "current_ratio": 325.47,
            "debt_ratio": 28.23,
            "inventory_turnover_ratio": null,
            "account_receivable_turnover_ratio": null,
            "reinvestment_rate": null,
            "research_to_sale_ratio": null,
            "price_fair": 0,
            "eps_avg_yearly": 0,
            "eps_latest_yearly": 0,
            "eps_growth_yearly": 0
        },
        "20133": {
            "year_quarter": 20133,
            "year": 2013,
            "quarter": 3,
            "eps": null,
            "eps_growth_year": null,
            "eps_4q": null,
            "eps_4q_growth_year": null,
            "roe": null,
            "roe_4q": 0,
            "gross_profit": null,
            "gross_margin": null,
            "gross_margin_4q_avg": 0,
            "net_income": null,
            "revenue": null,
            "common_shares": null,
            "book_valuer_per_share": null,
            "book_valuer_per_share_4q_avg": 7.32,
            "equity": null,
            "current_ratio": null,
            "debt_ratio": null,
            "inventory_turnover_ratio": null,
            "account_receivable_turnover_ratio": null,
            "reinvestment_rate": null,
            "research_to_sale_ratio": null,
            "price_fair": 0,
            "eps_avg_yearly": 0,
            "eps_latest_yearly": 0,
            "eps_growth_yearly": 0
        },
        "20134": {
            "year_quarter": 20134,
            "year": 2013,
            "quarter": 4,
            "eps": null,
            "eps_growth_year": null,
            "eps_4q": null,
            "eps_4q_growth_year": null,
            "roe": null,
            "roe_4q": 0,
            "gross_profit": null,
            "gross_margin": null,
            "gross_margin_4q_avg": 0,
            "net_income": null,
            "revenue": null,
            "common_shares": 600307,
            "book_valuer_per_share": 15.91,
            "book_valuer_per_share_4q_avg": 7.59,
            "equity": 954826,
            "current_ratio": 380.26,
            "debt_ratio": 24.45,
            "inventory_turnover_ratio": null,
            "account_receivable_turnover_ratio": null,
            "reinvestment_rate": null,
            "research_to_sale_ratio": null,
            "price_fair": 0,
            "eps_avg_yearly": 0,
            "eps_latest_yearly": 0,
            "eps_growth_yearly": 0
        },
        "20141": {
            "year_quarter": 20141,
            "year": 2014,
            "quarter": 1,
            "eps": null,
            "eps_growth_year": null,
            "eps_4q": null,
            "eps_4q_growth_year": null,
            "roe": null,
            "roe_4q": 0,
            "gross_profit": null,
            "gross_margin": null,
            "gross_margin_4q_avg": 0,
            "net_income": null,
            "revenue": null,
            "common_shares": null,
            "book_valuer_per_share": null,
            "book_valuer_per_share_4q_avg": 7.59,
            "equity": null,
            "current_ratio": null,
            "debt_ratio": null,
            "inventory_turnover_ratio": null,
            "account_receivable_turnover_ratio": null,
            "reinvestment_rate": null,
            "research_to_sale_ratio": null,
            "price_fair": 0,
            "eps_avg_yearly": 0,
            "eps_latest_yearly": 0,
            "eps_growth_yearly": 0
        },
        "20142": {
            "year_quarter": 20142,
            "year": 2014,
            "quarter": 2,
            "eps": null,
            "eps_growth_year": null,
            "eps_4q": null,
            "eps_4q_growth_year": null,
            "roe": null,
            "roe_4q": 0,
            "gross_profit": null,
            "gross_margin": null,
            "gross_margin_4q_avg": 0,
            "net_income": null,
            "revenue": null,
            "common_shares": 600307,
            "book_valuer_per_share": 15.7,
            "book_valuer_per_share_4q_avg": 7.9,
            "equity": 942524,
            "current_ratio": 264.1,
            "debt_ratio": 35.18,
            "inventory_turnover_ratio": null,
            "account_receivable_turnover_ratio": null,
            "reinvestment_rate": null,
            "research_to_sale_ratio": null,
            "price_fair": 0,
            "eps_avg_yearly": 0,
            "eps_latest_yearly": 0,
            "eps_growth_yearly": 0
        },
        "20143": {
            "year_quarter": 20143,
            "year": 2014,
            "quarter": 3,
            "eps": null,
            "eps_growth_year": null,
            "eps_4q": null,
            "eps_4q_growth_year": null,
            "roe": null,
            "roe_4q": 0,
            "gross_profit": null,
            "gross_margin": null,
            "gross_margin_4q_avg": 0,
            "net_income": null,
            "revenue": null,
            "common_shares": null,
            "book_valuer_per_share": null,
            "book_valuer_per_share_4q_avg": 7.9,
            "equity": null,
            "current_ratio": null,
            "debt_ratio": null,
            "inventory_turnover_ratio": null,
            "account_receivable_turnover_ratio": null,
            "reinvestment_rate": null,
            "research_to_sale_ratio": null,
            "price_fair": 0,
            "eps_avg_yearly": 0,
            "eps_latest_yearly": 0,
            "eps_growth_yearly": 0
        },
        "20144": {
            "year_quarter": 20144,
            "year": 2014,
            "quarter": 4,
            "eps": null,
            "eps_growth_year": null,
            "eps_4q": null,
            "eps_4q_growth_year": null,
            "roe": null,
            "roe_4q": 0,
            "gross_profit": null,
            "gross_margin": null,
            "gross_margin_4q_avg": 0,
            "net_income": null,
            "revenue": null,
            "common_shares": 600307,
            "book_valuer_per_share": 18.67,
            "book_valuer_per_share_4q_avg": 8.59,
            "equity": 1120887,
            "current_ratio": 325.91,
            "debt_ratio": 27.94,
            "inventory_turnover_ratio": null,
            "account_receivable_turnover_ratio": null,
            "reinvestment_rate": null,
            "research_to_sale_ratio": null,
            "price_fair": 0,
            "eps_avg_yearly": 0,
            "eps_latest_yearly": 0,
            "eps_growth_yearly": 0
        },
        "20151": {
            "year_quarter": 20151,
            "year": 2015,
            "quarter": 1,
            "eps": null,
            "eps_growth_year": null,
            "eps_4q": null,
            "eps_4q_growth_year": null,
            "roe": null,
            "roe_4q": 0,
            "gross_profit": null,
            "gross_margin": null,
            "gross_margin_4q_avg": 0,
            "net_income": null,
            "revenue": null,
            "common_shares": null,
            "book_valuer_per_share": null,
            "book_valuer_per_share_4q_avg": 8.59,
            "equity": null,
            "current_ratio": null,
            "debt_ratio": null,
            "inventory_turnover_ratio": null,
            "account_receivable_turnover_ratio": null,
            "reinvestment_rate": null,
            "research_to_sale_ratio": null,
            "price_fair": 0,
            "eps_avg_yearly": 0,
            "eps_latest_yearly": 0,
            "eps_growth_yearly": 0
        },
        "20152": {
            "year_quarter": 20152,
            "year": 2015,
            "quarter": 2,
            "eps": null,
            "eps_growth_year": null,
            "eps_4q": null,
            "eps_4q_growth_year": null,
            "roe": null,
            "roe_4q": 0,
            "gross_profit": null,
            "gross_margin": null,
            "gross_margin_4q_avg": 0,
            "net_income": null,
            "revenue": null,
            "common_shares": 600307,
            "book_valuer_per_share": 17.85,
            "book_valuer_per_share_4q_avg": 9.13,
            "equity": 1071702,
            "current_ratio": 260.38,
            "debt_ratio": 37.98,
            "inventory_turnover_ratio": null,
            "account_receivable_turnover_ratio": null,
            "reinvestment_rate": null,
            "research_to_sale_ratio": null,
            "price_fair": 0,
            "eps_avg_yearly": 0,
            "eps_latest_yearly": 0,
            "eps_growth_yearly": 0
        },
        "20153": {
            "year_quarter": 20153,
            "year": 2015,
            "quarter": 3,
            "eps": null,
            "eps_growth_year": null,
            "eps_4q": null,
            "eps_4q_growth_year": null,
            "roe": null,
            "roe_4q": 0,
            "gross_profit": null,
            "gross_margin": null,
            "gross_margin_4q_avg": 0,
            "net_income": null,
            "revenue": null,
            "common_shares": null,
            "book_valuer_per_share": null,
            "book_valuer_per_share_4q_avg": 9.13,
            "equity": null,
            "current_ratio": null,
            "debt_ratio": null,
            "inventory_turnover_ratio": null,
            "account_receivable_turnover_ratio": null,
            "reinvestment_rate": null,
            "research_to_sale_ratio": null,
            "price_fair": 0,
            "eps_avg_yearly": 0,
            "eps_latest_yearly": 0,
            "eps_growth_yearly": 0
        },
        "20154": {
            "year_quarter": 20154,
            "year": 2015,
            "quarter": 4,
            "eps": null,
            "eps_growth_year": null,
            "eps_4q": null,
            "eps_4q_growth_year": null,
            "roe": null,
            "roe_4q": 0,
            "gross_profit": null,
            "gross_margin": null,
            "gross_margin_4q_avg": 0,
            "net_income": null,
            "revenue": null,
            "common_shares": 600307,
            "book_valuer_per_share": 21.07,
            "book_valuer_per_share_4q_avg": 9.73,
            "equity": 1281648,
            "current_ratio": 224.29,
            "debt_ratio": 44.17,
            "inventory_turnover_ratio": null,
            "account_receivable_turnover_ratio": null,
            "reinvestment_rate": null,
            "research_to_sale_ratio": null,
            "price_fair": 0,
            "eps_avg_yearly": 0,
            "eps_latest_yearly": 0,
            "eps_growth_yearly": 0
        },
        "20161": {
            "year_quarter": 20161,
            "year": 2016,
            "quarter": 1,
            "eps": null,
            "eps_growth_year": null,
            "eps_4q": null,
            "eps_4q_growth_year": null,
            "roe": null,
            "roe_4q": 0,
            "gross_profit": null,
            "gross_margin": null,
            "gross_margin_4q_avg": 0,
            "net_income": null,
            "revenue": null,
            "common_shares": null,
            "book_valuer_per_share": null,
            "book_valuer_per_share_4q_avg": 9.73,
            "equity": null,
            "current_ratio": null,
            "debt_ratio": null,
            "inventory_turnover_ratio": null,
            "account_receivable_turnover_ratio": null,
            "reinvestment_rate": null,
            "research_to_sale_ratio": null,
            "price_fair": 0,
            "eps_avg_yearly": 0,
            "eps_latest_yearly": 0,
            "eps_growth_yearly": 0
        },
        "20162": {
            "year_quarter": 20162,
            "year": 2016,
            "quarter": 2,
            "eps": null,
            "eps_growth_year": null,
            "eps_4q": null,
            "eps_4q_growth_year": null,
            "roe": null,
            "roe_4q": 0,
            "gross_profit": null,
            "gross_margin": null,
            "gross_margin_4q_avg": 0,
            "net_income": null,
            "revenue": null,
            "common_shares": 600307,
            "book_valuer_per_share": 20.35,
            "book_valuer_per_share_4q_avg": 10.36,
            "equity": 1238989,
            "current_ratio": 250.72,
            "debt_ratio": 39.61,
            "inventory_turnover_ratio": null,
            "account_receivable_turnover_ratio": null,
            "reinvestment_rate": null,
            "research_to_sale_ratio": null,
            "price_fair": 0,
            "eps_avg_yearly": 0,
            "eps_latest_yearly": 0,
            "eps_growth_yearly": 0
        },
        "20163": {
            "year_quarter": 20163,
            "year": 2016,
            "quarter": 3,
            "eps": null,
            "eps_growth_year": null,
            "eps_4q": null,
            "eps_4q_growth_year": null,
            "roe": null,
            "roe_4q": 0,
            "gross_profit": null,
            "gross_margin": null,
            "gross_margin_4q_avg": 0,
            "net_income": null,
            "revenue": null,
            "common_shares": null,
            "book_valuer_per_share": null,
            "book_valuer_per_share_4q_avg": 10.36,
            "equity": null,
            "current_ratio": null,
            "debt_ratio": null,
            "inventory_turnover_ratio": null,
            "account_receivable_turnover_ratio": null,
            "reinvestment_rate": null,
            "research_to_sale_ratio": null,
            "price_fair": 0,
            "eps_avg_yearly": 0,
            "eps_latest_yearly": 0,
            "eps_growth_yearly": 0
        },
        "20164": {
            "year_quarter": 20164,
            "year": 2016,
            "quarter": 4,
            "eps": null,
            "eps_growth_year": null,
            "eps_4q": null,
            "eps_4q_growth_year": null,
            "roe": null,
            "roe_4q": 0,
            "gross_profit": null,
            "gross_margin": null,
            "gross_margin_4q_avg": 0,
            "net_income": null,
            "revenue": null,
            "common_shares": 600307,
            "book_valuer_per_share": 22.85,
            "book_valuer_per_share_4q_avg": 10.8,
            "equity": 1394715,
            "current_ratio": 247.06,
            "debt_ratio": 39.68,
            "inventory_turnover_ratio": null,
            "account_receivable_turnover_ratio": null,
            "reinvestment_rate": null,
            "research_to_sale_ratio": null,
            "price_fair": 0,
            "eps_avg_yearly": 0,
            "eps_latest_yearly": 0,
            "eps_growth_yearly": 0
        },
        "20171": {
            "year_quarter": 20171,
            "year": 2017,
            "quarter": 1,
            "eps": null,
            "eps_growth_year": null,
            "eps_4q": null,
            "eps_4q_growth_year": null,
            "roe": null,
            "roe_4q": 0,
            "gross_profit": null,
            "gross_margin": null,
            "gross_margin_4q_avg": 0,
            "net_income": null,
            "revenue": null,
            "common_shares": null,
            "book_valuer_per_share": null,
            "book_valuer_per_share_4q_avg": 10.8,
            "equity": null,
            "current_ratio": null,
            "debt_ratio": null,
            "inventory_turnover_ratio": null,
            "account_receivable_turnover_ratio": null,
            "reinvestment_rate": null,
            "research_to_sale_ratio": null,
            "price_fair": 0,
            "eps_avg_yearly": 0,
            "eps_latest_yearly": 0,
            "eps_growth_yearly": 0
        },
        "20172": {
            "year_quarter": 20172,
            "year": 2017,
            "quarter": 2,
            "eps": null,
            "eps_growth_year": null,
            "eps_4q": null,
            "eps_4q_growth_year": null,
            "roe": null,
            "roe_4q": 0,
            "gross_profit": null,
            "gross_margin": null,
            "gross_margin_4q_avg": 0,
            "net_income": null,
            "revenue": null,
            "common_shares": 600307,
            "book_valuer_per_share": 20.29,
            "book_valuer_per_share_4q_avg": 10.79,
            "equity": 1242880,
            "current_ratio": 205.17,
            "debt_ratio": 47.76,
            "inventory_turnover_ratio": null,
            "account_receivable_turnover_ratio": null,
            "reinvestment_rate": null,
            "research_to_sale_ratio": null,
            "price_fair": 0,
            "eps_avg_yearly": 0,
            "eps_latest_yearly": 0,
            "eps_growth_yearly": 0
        },
        "20173": {
            "year_quarter": 20173,
            "year": 2017,
            "quarter": 3,
            "eps": 1.57,
            "eps_growth_year": null,
            "eps_4q": null,
            "eps_4q_growth_year": null,
            "roe": 7.27,
            "roe_4q": 7.27,
            "gross_profit": 195281,
            "gross_margin": 17.9,
            "gross_margin_4q_avg": 4.48,
            "net_income": 93791,
            "revenue": 1090906,
            "common_shares": 600307,
            "book_valuer_per_share": 21.87,
            "book_valuer_per_share_4q_avg": 16.25,
            "equity": 1338321,
            "current_ratio": 227.7,
            "debt_ratio": 43,
            "inventory_turnover_ratio": 0.75,
            "account_receivable_turnover_ratio": 1.29,
            "reinvestment_rate": null,
            "research_to_sale_ratio": 3.5,
            "price_fair": 0,
            "eps_avg_yearly": 0,
            "eps_latest_yearly": 0,
            "eps_growth_yearly": 0
        },
        "20174": {
            "year_quarter": 20174,
            "year": 2017,
            "quarter": 4,
            "eps": 1.54,
            "eps_growth_year": null,
            "eps_4q": null,
            "eps_4q_growth_year": null,
            "roe": 6.67,
            "roe_4q": 13.94,
            "gross_profit": 209492,
            "gross_margin": 18.34,
            "gross_margin_4q_avg": 9.06,
            "net_income": 92408,
            "revenue": 1142056,
            "common_shares": 600307,
            "book_valuer_per_share": 23.41,
            "book_valuer_per_share_4q_avg": 16.39,
            "equity": 1430526,
            "current_ratio": 217.56,
            "debt_ratio": 45.14,
            "inventory_turnover_ratio": 0.83,
            "account_receivable_turnover_ratio": 1.3,
            "reinvestment_rate": null,
            "research_to_sale_ratio": 4.04,
            "price_fair": 18.48,
            "eps_avg_yearly": 6.16,
            "eps_latest_yearly": 6.16,
            "eps_growth_yearly": -7.64
        },
        "20181": {
            "year_quarter": 20181,
            "year": 2018,
            "quarter": 1,
            "eps": 1.21,
            "eps_growth_year": null,
            "eps_4q": null,
            "eps_4q_growth_year": null,
            "roe": 5.14,
            "roe_4q": 19.08,
            "gross_profit": 179302,
            "gross_margin": 18.83,
            "gross_margin_4q_avg": 13.77,
            "net_income": 75628,
            "revenue": 952209,
            "common_shares": 600307,
            "book_valuer_per_share": 24.72,
            "book_valuer_per_share_4q_avg": 22.57,
            "equity": 1512896,
            "current_ratio": 263.35,
            "debt_ratio": 37.34,
            "inventory_turnover_ratio": 0.7,
            "account_receivable_turnover_ratio": 1.3,
            "reinvestment_rate": null,
            "research_to_sale_ratio": 3.81,
            "price_fair": 16.5,
            "eps_avg_yearly": 5.5,
            "eps_latest_yearly": 4.84,
            "eps_growth_yearly": -46.68
        },
        "20182": {
            "year_quarter": 20182,
            "year": 2018,
            "quarter": 2,
            "eps": 1.16,
            "eps_growth_year": null,
            "eps_4q": 4.95,
            "eps_4q_growth_year": null,
            "roe": 4.11,
            "roe_4q": 23.189999999999998,
            "gross_profit": 177600,
            "gross_margin": 18.71,
            "gross_margin_4q_avg": 18.45,
            "net_income": 78999,
            "revenue": 949459,
            "common_shares": 680357,
            "book_valuer_per_share": 33.85,
            "book_valuer_per_share_4q_avg": 25.96,
            "equity": 2332817,
            "current_ratio": 364.27,
            "debt_ratio": 27.17,
            "inventory_turnover_ratio": 0.66,
            "account_receivable_turnover_ratio": 1.39,
            "reinvestment_rate": null,
            "research_to_sale_ratio": 4.55,
            "price_fair": 15.64,
            "eps_avg_yearly": 5.21,
            "eps_latest_yearly": 4.64,
            "eps_growth_yearly": -36.63
        },
        "20183": {
            "year_quarter": 20183,
            "year": 2018,
            "quarter": 3,
            "eps": 1.54,
            "eps_growth_year": -1.91,
            "eps_4q": 5.11,
            "eps_4q_growth_year": null,
            "roe": 4.42,
            "roe_4q": 20.340000000000003,
            "gross_profit": 231749,
            "gross_margin": 20.56,
            "gross_margin_4q_avg": 19.11,
            "net_income": 105377,
            "revenue": 1126924,
            "common_shares": 680357,
            "book_valuer_per_share": 35.32,
            "book_valuer_per_share_4q_avg": 29.33,
            "equity": 2431787,
            "current_ratio": 278.28,
            "debt_ratio": 35.53,
            "inventory_turnover_ratio": 0.67,
            "account_receivable_turnover_ratio": 1.38,
            "reinvestment_rate": null,
            "research_to_sale_ratio": 4.19,
            "price_fair": 83.31,
            "eps_avg_yearly": 5.45,
            "eps_latest_yearly": 6.16,
            "eps_growth_yearly": 5.29
        },
        "20184": {
            "year_quarter": 20184,
            "year": 2018,
            "quarter": 4,
            "eps": 1.48,
            "eps_growth_year": -3.74,
            "eps_4q": 5.23,
            "eps_4q_growth_year": null,
            "roe": 4.18,
            "roe_4q": 17.85,
            "gross_profit": 231816,
            "gross_margin": 19.01,
            "gross_margin_4q_avg": 19.28,
            "net_income": 102684,
            "revenue": 1219170,
            "common_shares": 680357,
            "book_valuer_per_share": 36.08,
            "book_valuer_per_share_4q_avg": 32.49,
            "equity": 2486035,
            "current_ratio": 284.25,
            "debt_ratio": 34.81,
            "inventory_turnover_ratio": 0.67,
            "account_receivable_turnover_ratio": 1.24,
            "reinvestment_rate": null,
            "research_to_sale_ratio": 3.89,
            "price_fair": 61.61,
            "eps_avg_yearly": 5.54,
            "eps_latest_yearly": 5.92,
            "eps_growth_yearly": 1.11
        },
        "20191": {
            "year_quarter": 20191,
            "year": 2019,
            "quarter": 1,
            "eps": 1.01,
            "eps_growth_year": -16.53,
            "eps_4q": 5.22,
            "eps_4q_growth_year": null,
            "roe": 2.72,
            "roe_4q": 15.43,
            "gross_profit": 176788,
            "gross_margin": 19.6,
            "gross_margin_4q_avg": 19.47,
            "net_income": 68633,
            "revenue": 901797,
            "common_shares": 680357,
            "book_valuer_per_share": 37.47,
            "book_valuer_per_share_4q_avg": 35.68,
            "equity": 2559034,
            "current_ratio": 372.94,
            "debt_ratio": 27,
            "inventory_turnover_ratio": 0.48,
            "account_receivable_turnover_ratio": 0.99,
            "reinvestment_rate": null,
            "research_to_sale_ratio": 4.54,
            "price_fair": 15.88,
            "eps_avg_yearly": 5.29,
            "eps_latest_yearly": 4.04,
            "eps_growth_yearly": -20.24
        },
        "20192": {
            "year_quarter": 20192,
            "year": 2019,
            "quarter": 2,
            "eps": 0.74,
            "eps_growth_year": -36.21,
            "eps_4q": 4.8,
            "eps_4q_growth_year": -3.05,
            "roe": 2.06,
            "roe_4q": 13.38,
            "gross_profit": 161542,
            "gross_margin": 18.17,
            "gross_margin_4q_avg": 19.34,
            "net_income": 50932,
            "revenue": 889135,
            "common_shares": 680357,
            "book_valuer_per_share": 34.7,
            "book_valuer_per_share_4q_avg": 35.89,
            "equity": 2380339,
            "current_ratio": 297.53,
            "debt_ratio": 33.37,
            "inventory_turnover_ratio": 0.48,
            "account_receivable_turnover_ratio": 1.26,
            "reinvestment_rate": null,
            "research_to_sale_ratio": 4.43,
            "price_fair": 14.88,
            "eps_avg_yearly": 4.96,
            "eps_latest_yearly": 2.96,
            "eps_growth_yearly": -32.63
        },
        "20193": {
            "year_quarter": 20193,
            "year": 2019,
            "quarter": 3,
            "eps": 1.4,
            "eps_growth_year": -9.09,
            "eps_4q": 4.64,
            "eps_4q_growth_year": -9.28,
            "roe": 4.28,
            "roe_4q": 13.24,
            "gross_profit": 270504,
            "gross_margin": 22.41,
            "gross_margin_4q_avg": 19.8,
            "net_income": 107150,
            "revenue": 1207013,
            "common_shares": 680357,
            "book_valuer_per_share": 36.01,
            "book_valuer_per_share_4q_avg": 36.07,
            "equity": 2629142,
            "current_ratio": 301.87,
            "debt_ratio": 30.18,
            "inventory_turnover_ratio": 0.61,
            "account_receivable_turnover_ratio": 1.41,
            "reinvestment_rate": null,
            "research_to_sale_ratio": 4.39,
            "price_fair": 131.27,
            "eps_avg_yearly": 5.04,
            "eps_latest_yearly": 5.6,
            "eps_growth_yearly": 16.05
        },
        "20194": {
            "year_quarter": 20194,
            "year": 2019,
            "quarter": 4,
            "eps": 1.13,
            "eps_growth_year": -23.3,
            "eps_4q": 4.26,
            "eps_4q_growth_year": -18.61,
            "roe": 3.74,
            "roe_4q": 12.8,
            "gross_profit": 305567,
            "gross_margin": 21.31,
            "gross_margin_4q_avg": 20.37,
            "net_income": 100685,
            "revenue": 1433850,
            "common_shares": 680357,
            "book_valuer_per_share": 37.23,
            "book_valuer_per_share_4q_avg": 36.35,
            "equity": 2749393,
            "current_ratio": 267.78,
            "debt_ratio": 34.07,
            "inventory_turnover_ratio": 0.69,
            "account_receivable_turnover_ratio": 1.38,
            "reinvestment_rate": null,
            "research_to_sale_ratio": 4.02,
            "price_fair": 78.18,
            "eps_avg_yearly": 4.98,
            "eps_latest_yearly": 4.52,
            "eps_growth_yearly": 5.69
        },
        "20201": {
            "year_quarter": 20201,
            "year": 2020,
            "quarter": 1,
            "eps": 1.3,
            "eps_growth_year": 28.71,
            "eps_4q": 4.56,
            "eps_4q_growth_year": -12.62,
            "roe": 3.61,
            "roe_4q": 13.69,
            "gross_profit": 255849,
            "gross_margin": 20.18,
            "gross_margin_4q_avg": 20.52,
            "net_income": 101438,
            "revenue": 1267668,
            "common_shares": 680357,
            "book_valuer_per_share": 38.79,
            "book_valuer_per_share_4q_avg": 36.68,
            "equity": 2867785,
            "current_ratio": 360.29,
            "debt_ratio": 40.3,
            "inventory_turnover_ratio": 0.57,
            "account_receivable_turnover_ratio": 1.33,
            "reinvestment_rate": null,
            "research_to_sale_ratio": 4.35,
            "price_fair": 105.78,
            "eps_avg_yearly": 5,
            "eps_latest_yearly": 5.2,
            "eps_growth_yearly": 11.14
        },
        "20202": {
            "year_quarter": 20202,
            "year": 2020,
            "quarter": 2,
            "eps": 1.48,
            "eps_growth_year": 100,
            "eps_4q": 5.07,
            "eps_4q_growth_year": 5.67,
            "roe": 4.16,
            "roe_4q": 15.79,
            "gross_profit": 307801,
            "gross_margin": 21.19,
            "gross_margin_4q_avg": 21.27,
            "net_income": 123473,
            "revenue": 1452792,
            "common_shares": 712950,
            "book_valuer_per_share": 40.16,
            "book_valuer_per_share_4q_avg": 38.05,
            "equity": 3062463,
            "current_ratio": 272.14,
            "debt_ratio": 41.25,
            "inventory_turnover_ratio": 0.61,
            "account_receivable_turnover_ratio": 1.55,
            "reinvestment_rate": null,
            "research_to_sale_ratio": 3.94,
            "price_fair": 128.01,
            "eps_avg_yearly": 5.09,
            "eps_latest_yearly": 5.92,
            "eps_growth_yearly": 15.16
        },
        "20203": {
            "year_quarter": 20203,
            "year": 2020,
            "quarter": 3,
            "eps": 1.44,
            "eps_growth_year": 2.86,
            "eps_4q": 5.08,
            "eps_4q_growth_year": 9.63,
            "roe": 3.39,
            "roe_4q": 14.9,
            "gross_profit": 299985,
            "gross_margin": 21.8,
            "gross_margin_4q_avg": 21.12,
            "net_income": 105499,
            "revenue": 1375813,
            "common_shares": 730678,
            "book_valuer_per_share": 41.08,
            "book_valuer_per_share_4q_avg": 39.32,
            "equity": 3153384,
            "current_ratio": 289.98,
            "debt_ratio": 35.99,
            "inventory_turnover_ratio": 0.51,
            "account_receivable_turnover_ratio": 1.36,
            "reinvestment_rate": null,
            "research_to_sale_ratio": 4.86,
            "price_fair": 118.28,
            "eps_avg_yearly": 5.14,
            "eps_latest_yearly": 5.76,
            "eps_growth_yearly": 13
        },
        "20204": {
            "year_quarter": 20204,
            "year": 2020,
            "quarter": 4,
            "eps": 1.08,
            "eps_growth_year": -4.52,
            "eps_4q": 5.11,
            "eps_4q_growth_year": 19.95,
            "roe": 2.7,
            "roe_4q": 13.86,
            "gross_profit": 284861,
            "gross_margin": 20.8,
            "gross_margin_4q_avg": 20.99,
            "net_income": 86427,
            "revenue": 1369582,
            "common_shares": 730678,
            "book_valuer_per_share": 42.24,
            "book_valuer_per_share_4q_avg": 40.57,
            "equity": 3246761,
            "current_ratio": 319.8,
            "debt_ratio": 33.27,
            "inventory_turnover_ratio": 0.47,
            "account_receivable_turnover_ratio": 1.34,
            "reinvestment_rate": null,
            "research_to_sale_ratio": 4.11,
            "price_fair": 72.67,
            "eps_avg_yearly": 5.08,
            "eps_latest_yearly": 4.32,
            "eps_growth_yearly": 4.31
        },
        "20211": {
            "year_quarter": 20211,
            "year": 2021,
            "quarter": 1,
            "eps": 1,
            "eps_growth_year": -23.08,
            "eps_4q": 4.88,
            "eps_4q_growth_year": 7.17,
            "roe": 2.33,
            "roe_4q": 12.58,
            "gross_profit": 261264,
            "gross_margin": 21.05,
            "gross_margin_4q_avg": 21.21,
            "net_income": 76824,
            "revenue": 1241078,
            "common_shares": 730678,
            "book_valuer_per_share": 43.42,
            "book_valuer_per_share_4q_avg": 41.73,
            "equity": 3344589,
            "current_ratio": 355.74,
            "debt_ratio": 30.34,
            "inventory_turnover_ratio": 0.43,
            "account_receivable_turnover_ratio": 1.35,
            "reinvestment_rate": null,
            "research_to_sale_ratio": 4.79,
            "price_fair": 59.44,
            "eps_avg_yearly": 5,
            "eps_latest_yearly": 4,
            "eps_growth_yearly": 1.88
        },
        "20212": {
            "year_quarter": 20212,
            "year": 2021,
            "quarter": 2,
            "eps": 0.58,
            "eps_growth_year": -60.81,
            "eps_4q": 4.08,
            "eps_4q_growth_year": -19.42,
            "roe": 1.32,
            "roe_4q": 9.74,
            "gross_profit": 214238,
            "gross_margin": 19.16,
            "gross_margin_4q_avg": 20.7,
            "net_income": 44490,
            "revenue": 1118301,
            "common_shares": 731274,
            "book_valuer_per_share": 43.98,
            "book_valuer_per_share_4q_avg": 42.68,
            "equity": 3389439,
            "current_ratio": 402.79,
            "debt_ratio": 27.78,
            "inventory_turnover_ratio": 0.41,
            "account_receivable_turnover_ratio": 1.48,
            "reinvestment_rate": 4.98,
            "research_to_sale_ratio": 5.65,
            "price_fair": 14.47,
            "eps_avg_yearly": 4.82,
            "eps_latest_yearly": 2.32,
            "eps_growth_yearly": -9.44
        },
        "20213": {
            "year_quarter": 20213,
            "year": 2021,
            "quarter": 3,
            "eps": 0.61,
            "eps_growth_year": -57.64,
            "eps_4q": 3.27,
            "eps_4q_growth_year": -35.62,
            "roe": 1.43,
            "roe_4q": 7.78,
            "gross_profit": 198949,
            "gross_margin": 18.81,
            "gross_margin_4q_avg": 19.96,
            "net_income": 46941,
            "revenue": 1057423,
            "common_shares": 731889,
            "book_valuer_per_share": 40.88,
            "book_valuer_per_share_4q_avg": 42.63,
            "equity": 3158365,
            "current_ratio": 295.01,
            "debt_ratio": 35.61,
            "inventory_turnover_ratio": 0.38,
            "account_receivable_turnover_ratio": 1.54,
            "reinvestment_rate": 5.67,
            "research_to_sale_ratio": 5.45,
            "price_fair": 14.03,
            "eps_avg_yearly": 4.68,
            "eps_latest_yearly": 2.44,
            "eps_growth_yearly": -7.56
        },
        "20214": {
            "year_quarter": 20214,
            "year": 2021,
            "quarter": 4,
            "eps": 0.81,
            "eps_growth_year": -25.65,
            "eps_4q": 3,
            "eps_4q_growth_year": -41.3,
            "roe": 2.25,
            "roe_4q": 7.33,
            "gross_profit": 250415,
            "gross_margin": 19.92,
            "gross_margin_4q_avg": 19.74,
            "net_income": 71810,
            "revenue": 1257142,
            "common_shares": 731889,
            "book_valuer_per_share": 41.64,
            "book_valuer_per_share_4q_avg": 42.48,
            "equity": 3226401,
            "current_ratio": 301.33,
            "debt_ratio": 34.9,
            "inventory_turnover_ratio": 0.42,
            "account_receivable_turnover_ratio": 1.7,
            "reinvestment_rate": 6.36,
            "research_to_sale_ratio": 5.21,
            "price_fair": 49.93,
            "eps_avg_yearly": 4.49,
            "eps_latest_yearly": 3.24,
            "eps_growth_yearly": 1.11
        },
        "20221": {
            "year_quarter": 20221,
            "year": 2022,
            "quarter": 1,
            "eps": 0.89,
            "eps_growth_year": -11,
            "eps_4q": 2.89,
            "eps_4q_growth_year": -40.75,
            "roe": 2.12,
            "roe_4q": 7.12,
            "gross_profit": 213083,
            "gross_margin": 18.91,
            "gross_margin_4q_avg": 19.2,
            "net_income": 69349,
            "revenue": 1126891,
            "common_shares": 731889,
            "book_valuer_per_share": 42.7,
            "book_valuer_per_share_4q_avg": 42.3,
            "equity": 3307803,
            "current_ratio": 327.32,
            "debt_ratio": 29.15,
            "inventory_turnover_ratio": 0.37,
            "account_receivable_turnover_ratio": 1.58,
            "reinvestment_rate": 6.38,
            "research_to_sale_ratio": 4.99,
            "price_fair": 83.57,
            "eps_avg_yearly": 4.41,
            "eps_latest_yearly": 3.56,
            "eps_growth_yearly": 8.94
        },
        "20222": {
            "year_quarter": 20222,
            "year": 2022,
            "quarter": 2,
            "eps": 1.81,
            "eps_growth_year": 212.07,
            "eps_4q": 4.12,
            "eps_4q_growth_year": 0.82,
            "roe": 4.14,
            "roe_4q": 9.94,
            "gross_profit": 308739,
            "gross_margin": 24.59,
            "gross_margin_4q_avg": 20.56,
            "net_income": 136441,
            "revenue": 1255429,
            "common_shares": 731889,
            "book_valuer_per_share": 42.33,
            "book_valuer_per_share_4q_avg": 41.89,
            "equity": 3286500,
            "current_ratio": 261.86,
            "debt_ratio": 35.03,
            "inventory_turnover_ratio": 0.37,
            "account_receivable_turnover_ratio": 1.77,
            "reinvestment_rate": 5.9,
            "research_to_sale_ratio": 4.48,
            "price_fair": 160.13,
            "eps_avg_yearly": 4.58,
            "eps_latest_yearly": 7.24,
            "eps_growth_yearly": 35.82
        },
        "20223": {
            "year_quarter": 20223,
            "year": 2022,
            "quarter": 3,
            "eps": 1.9,
            "eps_growth_year": 211.48,
            "eps_4q": 5.41,
            "eps_4q_growth_year": 65.26,
            "roe": 4.39,
            "roe_4q": 12.899999999999999,
            "gross_profit": 322813,
            "gross_margin": 24.03,
            "gross_margin_4q_avg": 21.86,
            "net_income": 147780,
            "revenue": 1343190,
            "common_shares": 731889,
            "book_valuer_per_share": 44.34,
            "book_valuer_per_share_4q_avg": 42.75,
            "equity": 3442209,
            "current_ratio": 245.65,
            "debt_ratio": 37.38,
            "inventory_turnover_ratio": 0.37,
            "account_receivable_turnover_ratio": 1.46,
            "reinvestment_rate": 5.85,
            "research_to_sale_ratio": 4.67,
            "price_fair": 163.28,
            "eps_avg_yearly": 4.67,
            "eps_latest_yearly": 7.6,
            "eps_growth_yearly": 28.87
        },
        "20224": {
            "year_quarter": 20224,
            "year": 2022,
            "quarter": 4,
            "eps": 1.25,
            "eps_growth_year": 55.08,
            "eps_4q": 5.85,
            "eps_4q_growth_year": 95.09,
            "roe": 2.83,
            "roe_4q": 13.48,
            "gross_profit": 277406,
            "gross_margin": 22.07,
            "gross_margin_4q_avg": 22.4,
            "net_income": 98963,
            "revenue": 1257162,
            "common_shares": 731889,
            "book_valuer_per_share": 45.63,
            "book_valuer_per_share_4q_avg": 43.75,
            "equity": 3544773,
            "current_ratio": 275.6,
            "debt_ratio": 33.11,
            "inventory_turnover_ratio": 0.35,
            "account_receivable_turnover_ratio": 1.34,
            "reinvestment_rate": 6.99,
            "research_to_sale_ratio": 4.77,
            "price_fair": 144.17,
            "eps_avg_yearly": 4.61,
            "eps_latest_yearly": 5,
            "eps_growth_yearly": 21.29
        },
        "20231": {
            "year_quarter": 20231,
            "year": 2023,
            "quarter": 1,
            "eps": 1.3,
            "eps_growth_year": 46.07,
            "eps_4q": 6.25,
            "eps_4q_growth_year": 115.9,
            "roe": 2.92,
            "roe_4q": 14.280000000000001,
            "gross_profit": 272721,
            "gross_margin": 25.33,
            "gross_margin_4q_avg": 24.01,
            "net_income": 101506,
            "revenue": 1076550,
            "common_shares": 733485,
            "book_valuer_per_share": 43.44,
            "book_valuer_per_share_4q_avg": 43.94,
            "equity": 3397878,
            "current_ratio": 313.89,
            "debt_ratio": 35.03,
            "inventory_turnover_ratio": 0.3,
            "account_receivable_turnover_ratio": 1.44,
            "reinvestment_rate": 54.92,
            "research_to_sale_ratio": 5.06,
            "price_fair": 163.8,
            "eps_avg_yearly": 4.68,
            "eps_latest_yearly": 5.2,
            "eps_growth_yearly": 30.23
        }
    },
    "months": {
        "2013-04": {
            "month": "2013-04",
            "price": "41.74",
            "revenue": 154066
        },
        "2013-05": {
            "month": "2013-05",
            "price": "37.04",
            "revenue": 156868
        },
        "2013-06": {
            "month": "2013-06",
            "price": "36.54",
            "revenue": 239757
        },
        "2013-07": {
            "month": "2013-07",
            "price": "37.04",
            "revenue": 147852
        },
        "2013-08": {
            "month": "2013-08",
            "price": "38.69",
            "revenue": 165779
        },
        "2013-09": {
            "month": "2013-09",
            "price": "36.22",
            "revenue": 215172
        },
        "2013-10": {
            "month": "2013-10",
            "price": "36.14",
            "revenue": 132990
        },
        "2013-11": {
            "month": "2013-11",
            "price": "36.03",
            "revenue": 169498
        },
        "2013-12": {
            "month": "2013-12",
            "price": "39.67",
            "revenue": 269678
        },
        "2014-01": {
            "month": "2014-01",
            "price": "46.67",
            "revenue": 134156
        },
        "2014-02": {
            "month": "2014-02",
            "price": "45.44",
            "revenue": 136704
        },
        "2014-03": {
            "month": "2014-03",
            "price": "49.06",
            "revenue": 243058
        },
        "2014-04": {
            "month": "2014-04",
            "price": "48.88",
            "revenue": 210376
        },
        "2014-05": {
            "month": "2014-05",
            "price": "47.74",
            "revenue": 206476
        },
        "2014-06": {
            "month": "2014-06",
            "price": "51.78",
            "revenue": 310953
        },
        "2014-07": {
            "month": "2014-07",
            "price": "52.06",
            "revenue": 164104
        },
        "2014-08": {
            "month": "2014-08",
            "price": "47.94",
            "revenue": 237171
        },
        "2014-09": {
            "month": "2014-09",
            "price": "48.67",
            "revenue": 277926
        },
        "2014-10": {
            "month": "2014-10",
            "price": "61.97",
            "revenue": 210150
        },
        "2014-11": {
            "month": "2014-11",
            "price": "77.67",
            "revenue": 250155
        },
        "2014-12": {
            "month": "2014-12",
            "price": "91.71",
            "revenue": 309358
        },
        "2015-01": {
            "month": "2015-01",
            "price": "93.02",
            "revenue": 241429
        },
        "2015-02": {
            "month": "2015-02",
            "price": "104.73",
            "revenue": 214914
        },
        "2015-03": {
            "month": "2015-03",
            "price": "119.68",
            "revenue": 321964
        },
        "2015-04": {
            "month": "2015-04",
            "price": "137.70",
            "revenue": 282579
        },
        "2015-05": {
            "month": "2015-05",
            "price": "128.83",
            "revenue": 241912
        },
        "2015-06": {
            "month": "2015-06",
            "price": "130.39",
            "revenue": 283160
        },
        "2015-07": {
            "month": "2015-07",
            "price": "117.84",
            "revenue": 289795
        },
        "2015-08": {
            "month": "2015-08",
            "price": "96.66",
            "revenue": 295359
        },
        "2015-09": {
            "month": "2015-09",
            "price": "100.87",
            "revenue": 361185
        },
        "2015-10": {
            "month": "2015-10",
            "price": "117.11",
            "revenue": 316674
        },
        "2015-11": {
            "month": "2015-11",
            "price": "121.51",
            "revenue": 330286
        },
        "2015-12": {
            "month": "2015-12",
            "price": "126.78",
            "revenue": 364808
        },
        "2016-01": {
            "month": "2016-01",
            "price": "127.16",
            "revenue": 370317
        },
        "2016-02": {
            "month": "2016-02",
            "price": "137.66",
            "revenue": 305441
        },
        "2016-03": {
            "month": "2016-03",
            "price": "151.07",
            "revenue": 324342
        },
        "2016-04": {
            "month": "2016-04",
            "price": "157.21",
            "revenue": 288983
        },
        "2016-05": {
            "month": "2016-05",
            "price": "140.58",
            "revenue": 284095
        },
        "2016-06": {
            "month": "2016-06",
            "price": "141.26",
            "revenue": 332106
        },
        "2016-07": {
            "month": "2016-07",
            "price": "142.57",
            "revenue": 283473
        },
        "2016-08": {
            "month": "2016-08",
            "price": "148.84",
            "revenue": 263261
        },
        "2016-09": {
            "month": "2016-09",
            "price": "141.10",
            "revenue": 313571
        },
        "2016-10": {
            "month": "2016-10",
            "price": "140.50",
            "revenue": 258112
        },
        "2016-11": {
            "month": "2016-11",
            "price": "126.40",
            "revenue": 286898
        },
        "2016-12": {
            "month": "2016-12",
            "price": "106.88",
            "revenue": 354538
        },
        "2017-01": {
            "month": "2017-01",
            "price": "105.90",
            "revenue": 277922
        },
        "2017-02": {
            "month": "2017-02",
            "price": "121.58",
            "revenue": 248962
        },
        "2017-03": {
            "month": "2017-03",
            "price": "124.44",
            "revenue": 340279
        },
        "2017-04": {
            "month": "2017-04",
            "price": "115.76",
            "revenue": 249134
        },
        "2017-05": {
            "month": "2017-05",
            "price": "114.67",
            "revenue": 271880
        },
        "2017-06": {
            "month": "2017-06",
            "price": "111.95",
            "revenue": 415205
        },
        "2017-07": {
            "month": "2017-07",
            "price": "110.55",
            "revenue": 349866
        },
        "2017-08": {
            "month": "2017-08",
            "price": "107.71",
            "revenue": 309839
        },
        "2017-09": {
            "month": "2017-09",
            "price": "140.58",
            "revenue": 431202
        },
        "2017-10": {
            "month": "2017-10",
            "price": "149.91",
            "revenue": 338702
        },
        "2017-11": {
            "month": "2017-11",
            "price": "149.84",
            "revenue": 338450
        },
        "2017-12": {
            "month": "2017-12",
            "price": "143.31",
            "revenue": 464904
        },
        "2018-01": {
            "month": "2018-01",
            "price": "156.52",
            "revenue": 310003
        },
        "2018-02": {
            "month": "2018-02",
            "price": "151.32",
            "revenue": 251879
        },
        "2018-03": {
            "month": "2018-03",
            "price": "152.28",
            "revenue": 390327
        },
        "2018-04": {
            "month": "2018-04",
            "price": "146.70",
            "revenue": 301617
        },
        "2018-05": {
            "month": "2018-05",
            "price": "135.61",
            "revenue": 275555
        },
        "2018-06": {
            "month": "2018-06",
            "price": "147.02",
            "revenue": 372287
        },
        "2018-07": {
            "month": "2018-07",
            "price": "131.75",
            "revenue": 277023
        },
        "2018-08": {
            "month": "2018-08",
            "price": "120.37",
            "revenue": 347178
        },
        "2018-09": {
            "month": "2018-09",
            "price": "93.96",
            "revenue": 502723
        },
        "2018-10": {
            "month": "2018-10",
            "price": "83.66",
            "revenue": 357075
        },
        "2018-11": {
            "month": "2018-11",
            "price": "80.84",
            "revenue": 361835
        },
        "2018-12": {
            "month": "2018-12",
            "price": "93.13",
            "revenue": 500260
        },
        "2019-01": {
            "month": "2019-01",
            "price": "89.80",
            "revenue": 287685
        },
        "2019-02": {
            "month": "2019-02",
            "price": "92.95",
            "revenue": 232617
        },
        "2019-03": {
            "month": "2019-03",
            "price": "97.68",
            "revenue": 381496
        },
        "2019-04": {
            "month": "2019-04",
            "price": "91.80",
            "revenue": 238846
        },
        "2019-05": {
            "month": "2019-05",
            "price": "77.90",
            "revenue": 269010
        },
        "2019-06": {
            "month": "2019-06",
            "price": "75.63",
            "revenue": 381279
        },
        "2019-07": {
            "month": "2019-07",
            "price": "79.47",
            "revenue": 306774
        },
        "2019-08": {
            "month": "2019-08",
            "price": "77.11",
            "revenue": 358174
        },
        "2019-09": {
            "month": "2019-09",
            "price": "89.89",
            "revenue": 542064
        },
        "2019-10": {
            "month": "2019-10",
            "price": "86.90",
            "revenue": 407903
        },
        "2019-11": {
            "month": "2019-11",
            "price": "90.53",
            "revenue": 450077
        },
        "2019-12": {
            "month": "2019-12",
            "price": "94.52",
            "revenue": 575870
        },
        "2020-01": {
            "month": "2020-01",
            "price": "102.78",
            "revenue": 448734
        },
        "2020-02": {
            "month": "2020-02",
            "price": "114.34",
            "revenue": 343337
        },
        "2020-03": {
            "month": "2020-03",
            "price": "115.36",
            "revenue": 475597
        },
        "2020-04": {
            "month": "2020-04",
            "price": "123.70",
            "revenue": 425848
        },
        "2020-05": {
            "month": "2020-05",
            "price": "132.28",
            "revenue": 450801
        },
        "2020-06": {
            "month": "2020-06",
            "price": "140.60",
            "revenue": 576143
        },
        "2020-07": {
            "month": "2020-07",
            "price": "158.15",
            "revenue": 401537
        },
        "2020-08": {
            "month": "2020-08",
            "price": "146.64",
            "revenue": 444654
        },
        "2020-09": {
            "month": "2020-09",
            "price": "136.70",
            "revenue": 529622
        },
        "2020-10": {
            "month": "2020-10",
            "price": "131.18",
            "revenue": 382601
        },
        "2020-11": {
            "month": "2020-11",
            "price": "128.24",
            "revenue": 431046
        },
        "2020-12": {
            "month": "2020-12",
            "price": "125.00",
            "revenue": 555935
        },
        "2021-01": {
            "month": "2021-01",
            "price": "123.30",
            "revenue": 415107
        },
        "2021-02": {
            "month": "2021-02",
            "price": "118.96",
            "revenue": 388741
        },
        "2021-03": {
            "month": "2021-03",
            "price": "130.91",
            "revenue": 437230
        },
        "2021-04": {
            "month": "2021-04",
            "price": "169.92",
            "revenue": 300463
        },
        "2021-05": {
            "month": "2021-05",
            "price": "123.76",
            "revenue": 385523
        },
        "2021-06": {
            "month": "2021-06",
            "price": "117.95",
            "revenue": 432315
        },
        "2021-07": {
            "month": "2021-07",
            "price": "119.91",
            "revenue": 338551
        },
        "2021-08": {
            "month": "2021-08",
            "price": "105.08",
            "revenue": 300152
        },
        "2021-09": {
            "month": "2021-09",
            "price": "94.04",
            "revenue": 418720
        },
        "2021-10": {
            "month": "2021-10",
            "price": "90.06",
            "revenue": 374806
        },
        "2021-11": {
            "month": "2021-11",
            "price": "99.34",
            "revenue": 380266
        },
        "2021-12": {
            "month": "2021-12",
            "price": "100.72",
            "revenue": 502070
        },
        "2022-01": {
            "month": "2022-01",
            "price": "101.09",
            "revenue": 354265
        },
        "2022-02": {
            "month": "2022-02",
            "price": "92.73",
            "revenue": 331333
        },
        "2022-03": {
            "month": "2022-03",
            "price": "88.06",
            "revenue": 441293
        },
        "2022-04": {
            "month": "2022-04",
            "price": "87.63",
            "revenue": 382034
        },
        "2022-05": {
            "month": "2022-05",
            "price": "80.45",
            "revenue": 358350
        },
        "2022-06": {
            "month": "2022-06",
            "price": "82.22",
            "revenue": 515045
        },
        "2022-07": {
            "month": "2022-07",
            "price": "85.53",
            "revenue": 371382
        },
        "2022-08": {
            "month": "2022-08",
            "price": "94.53",
            "revenue": 421679
        },
        "2022-09": {
            "month": "2022-09",
            "price": "97.04",
            "revenue": 550129
        },
        "2022-10": {
            "month": "2022-10",
            "price": "83.64",
            "revenue": 360386
        },
        "2022-11": {
            "month": "2022-11",
            "price": "89.60",
            "revenue": 400788
        },
        "2022-12": {
            "month": "2022-12",
            "price": "92.99",
            "revenue": 495988
        },
        "2023-01": {
            "month": "2023-01",
            "price": "89.70",
            "revenue": 300265
        },
        "2023-02": {
            "month": "2023-02",
            "price": "93.57",
            "revenue": 352269
        },
        "2023-03": {
            "month": "2023-03",
            "price": "103.05",
            "revenue": 424016
        },
        "2023-04": {
            "month": "2023-04",
            "price": "107.72",
            "revenue": 311614
        }
    }
}
