{
    "summary": {
        "stock_name": "韋僑",
        "stock_id": "6417",
        "category": "通信網路",
        "main_business": "無線射頻識別詢答器相關產品設計研發及製造<br>代理前項進出口貿易<br>其他",
        "website_url": "http://www.sag.com.tw",
        "ceo": "江鴻佑",
        "pe_ratio": 31,
        "report_year_from": 2012,
        "report_year_to": 2023,
        "age": 11,
        "eps_negative_percentage": 0,
        "eps_growth_avg": {
            "last_all": 26.25,
            "last_2y": 28.08,
            "last_4y": 31.24,
            "last_8y": null,
            "last_12y": null,
            "last_16y": null,
            "last_20y": null,
            "at_2006_last_3y": null,
            "at_2007_last_3y": null,
            "at_2008_last_3y": null,
            "at_2009_last_3y": null,
            "at_2010_last_3y": null,
            "at_2011_last_3y": null,
            "at_2012_last_3y": null,
            "at_2013_last_3y": null,
            "at_2014_last_3y": null,
            "at_2015_last_3y": null,
            "at_2016_last_3y": null,
            "at_2017_last_3y": null,
            "at_2018_last_3y": 11.19,
            "at_2019_last_3y": 6.43,
            "at_2020_last_3y": 11.84,
            "at_2021_last_3y": 26.67,
            "at_2022_last_3y": 41.31,
            "at_2023_last_3y": 41.31,
            "at_2006_last_all": null,
            "at_2007_last_all": null,
            "at_2008_last_all": null,
            "at_2009_last_all": null,
            "at_2010_last_all": null,
            "at_2011_last_all": null,
            "at_2012_last_all": null,
            "at_2013_last_all": null,
            "at_2014_last_all": null,
            "at_2015_last_all": null,
            "at_2016_last_all": 50.6,
            "at_2017_last_all": 17.92,
            "at_2018_last_all": 11.19,
            "at_2019_last_all": 25.15,
            "at_2020_last_all": 24.76,
            "at_2021_last_all": 22.92,
            "at_2022_last_all": 26.25,
            "at_2023_last_all": 26.25
        },
        "latest_eps": 4.91,
        "latest_price": 153,
        "latest_roe": 14.83,
        "latest_gross_margin": 31.66,
        "latest_equity": 1472783,
        "latest_revenue": 329799,
        "latest_gross_profit": 104413,
        "latest_net_income": 40250,
        "latest_debt_ratio": 37.89,
        "latest_current_ratio": 262.03,
        "latest_account_receivable_turnover_ratio": 2.9,
        "latest_inventory_turnover_ratio": 0.48,
        "latest_reinvestment_rate": 136.77,
        "latest_research_to_sale_ratio": 5.87
    },
    "eps_dividends": {
        "2001": {
            "cash": 0,
            "stock": 0,
            "eps": 0
        },
        "2002": {
            "cash": 0,
            "stock": 0,
            "eps": 0
        },
        "2003": {
            "cash": 0,
            "stock": 0,
            "eps": 0
        },
        "2004": {
            "cash": 0,
            "stock": 0,
            "eps": 0
        },
        "2005": {
            "cash": 0,
            "stock": 0,
            "eps": 0
        },
        "2006": {
            "cash": 0,
            "stock": 0,
            "eps": 0
        },
        "2007": {
            "cash": 0,
            "stock": 0,
            "eps": 0
        },
        "2008": {
            "cash": 0,
            "stock": 0,
            "eps": 0
        },
        "2009": {
            "cash": 0,
            "stock": 0,
            "eps": 0
        },
        "2010": {
            "cash": 0,
            "stock": 0,
            "eps": 0
        },
        "2011": {
            "cash": 0,
            "stock": 0,
            "eps": 0
        },
        "2012": {
            "cash": 0,
            "stock": 0,
            "eps": 0
        },
        "2013": {
            "cash": 1,
            "stock": 0,
            "eps": 0
        },
        "2014": {
            "cash": 0,
            "stock": 0,
            "eps": 0.25
        },
        "2015": {
            "cash": 1,
            "stock": 0,
            "eps": 2.5
        },
        "2016": {
            "cash": 2,
            "stock": 0,
            "eps": 2.53
        },
        "2017": {
            "cash": 2,
            "stock": 0,
            "eps": 1.33
        },
        "2018": {
            "cash": 1,
            "stock": 0,
            "eps": 1.21
        },
        "2019": {
            "cash": 1,
            "stock": 0,
            "eps": 2.19
        },
        "2020": {
            "cash": 1,
            "stock": 0,
            "eps": 2.69
        },
        "2021": {
            "cash": 1,
            "stock": 0,
            "eps": 3.01
        },
        "2022": {
            "cash": 2,
            "stock": 0,
            "eps": 4.5
        },
        "2023": {
            "cash": 2,
            "stock": 0,
            "eps": 0.95
        }
    },
    "dividends": {
        "2013-06-04": {
            "cash": 0.7,
            "stock": 0
        },
        "2014-09-19": {
            "cash": 0.2,
            "stock": 0
        },
        "2015-09-08": {
            "cash": 0.8,
            "stock": 0
        },
        "2016-08-30": {
            "cash": 1.5,
            "stock": 0
        },
        "2017-09-15": {
            "cash": 1.5,
            "stock": 0
        },
        "2018-09-13": {
            "cash": 0.7,
            "stock": 0
        },
        "2019-08-30": {
            "cash": 0.6,
            "stock": 0
        },
        "2020-09-11": {
            "cash": 1.1,
            "stock": 0
        },
        "2021-08-27": {
            "cash": 1.3,
            "stock": 0
        },
        "2022-08-18": {
            "cash": 1.5,
            "stock": 0
        },
        "2023-02-24": {
            "cash": 2.2,
            "stock": 0
        }
    },
    "prices": {
        "200101": "無",
        "200102": "無",
        "200103": "無",
        "200104": "無",
        "200105": "無",
        "200106": "無",
        "200107": "無",
        "200108": "無",
        "200109": "無",
        "200110": "無",
        "200111": "無",
        "200112": "無",
        "200201": "無",
        "200202": "無",
        "200203": "無",
        "200204": "無",
        "200205": "無",
        "200206": "無",
        "200207": "無",
        "200208": "無",
        "200209": "無",
        "200210": "無",
        "200211": "無",
        "200212": "無",
        "200301": "無",
        "200302": "無",
        "200303": "無",
        "200304": "無",
        "200305": "無",
        "200306": "無",
        "200307": "無",
        "200308": "無",
        "200309": "無",
        "200310": "無",
        "200311": "無",
        "200312": "無",
        "200401": "無",
        "200402": "無",
        "200403": "無",
        "200404": "無",
        "200405": "無",
        "200406": "無",
        "200407": "無",
        "200408": "無",
        "200409": "無",
        "200410": "無",
        "200411": "無",
        "200412": "無",
        "200501": "無",
        "200502": "無",
        "200503": "無",
        "200504": "無",
        "200505": "無",
        "200506": "無",
        "200507": "無",
        "200508": "無",
        "200509": "無",
        "200510": "無",
        "200511": "無",
        "200512": "無",
        "200601": "無",
        "200602": "無",
        "200603": "無",
        "200604": "無",
        "200605": "無",
        "200606": "無",
        "200607": "無",
        "200608": "無",
        "200609": "無",
        "200610": "無",
        "200611": "無",
        "200612": "無",
        "200701": "無",
        "200702": "無",
        "200703": "無",
        "200704": "無",
        "200705": "無",
        "200706": "無",
        "200707": "無",
        "200708": "無",
        "200709": "無",
        "200710": "無",
        "200711": "無",
        "200712": "無",
        "200801": "無",
        "200802": "無",
        "200803": "無",
        "200804": "無",
        "200805": "無",
        "200806": "無",
        "200807": "無",
        "200808": "無",
        "200809": "無",
        "200810": "無",
        "200811": "無",
        "200812": "無",
        "200901": "無",
        "200902": "無",
        "200903": "無",
        "200904": "無",
        "200905": "無",
        "200906": "無",
        "200907": "無",
        "200908": "無",
        "200909": "無",
        "200910": "無",
        "200911": "無",
        "200912": "無",
        "201001": "無",
        "201002": "無",
        "201003": "無",
        "201004": "無",
        "201005": "無",
        "201006": "無",
        "201007": "無",
        "201008": "無",
        "201009": "無",
        "201010": "無",
        "201011": "無",
        "201012": "無",
        "201101": "無",
        "201102": "無",
        "201103": "無",
        "201104": "無",
        "201105": "無",
        "201106": "無",
        "201107": "無",
        "201108": "無",
        "201109": "無",
        "201110": "無",
        "201111": "無",
        "201112": "無",
        "201201": "無",
        "201202": "無",
        "201203": "無",
        "201204": "無",
        "201205": "無",
        "201206": "無",
        "201207": "無",
        "201208": "無",
        "201209": "無",
        "201210": "無",
        "201211": "無",
        "201212": "無",
        "201301": "無",
        "201302": "無",
        "201303": "25.43",
        "201304": "26.43",
        "201305": "25.72",
        "201306": "26.66",
        "201307": "24.44",
        "201308": "24.13",
        "201309": "23.16",
        "201310": "18.35",
        "201311": "13.65",
        "201312": "13.38",
        "201401": "15.10",
        "201402": "14.37",
        "201403": "14.30",
        "201404": "18.39",
        "201405": "18.36",
        "201406": "19.05",
        "201407": "19.02",
        "201408": "19.94",
        "201409": "26.45",
        "201410": "29.00",
        "201411": "30.16",
        "201412": "34.85",
        "201501": "34.08",
        "201502": "34.17",
        "201503": "37.90",
        "201504": "39.65",
        "201505": "39.01",
        "201506": "39.18",
        "201507": "39.06",
        "201508": "36.69",
        "201509": "38.23",
        "201510": "50.76",
        "201511": "51.13",
        "201512": "44.31",
        "201601": "38.95",
        "201602": "38.38",
        "201603": "40.15",
        "201604": "40.22",
        "201605": "36.34",
        "201606": "34.33",
        "201607": "32.81",
        "201608": "31.22",
        "201609": "30.82",
        "201610": "33.19",
        "201611": "31.74",
        "201612": "34.93",
        "201701": "37.78",
        "201702": "39.93",
        "201703": "42.96",
        "201704": "39.21",
        "201705": "37.06",
        "201706": "36.41",
        "201707": "35.41",
        "201708": "34.10",
        "201709": "34.13",
        "201710": "33.84",
        "201711": "38.18",
        "201712": "36.72",
        "201801": "35.61",
        "201802": "34.75",
        "201803": "34.78",
        "201804": "34.35",
        "201805": "34.28",
        "201806": "35.99",
        "201807": "36.36",
        "201808": "35.53",
        "201809": "35.51",
        "201810": "35.88",
        "201811": "37.66",
        "201812": "43.41",
        "201901": "45.84",
        "201902": "49.48",
        "201903": "48.53",
        "201904": "49.57",
        "201905": "51.75",
        "201906": "51.51",
        "201907": "52.63",
        "201908": "54.77",
        "201909": "61.68",
        "201910": "60.84",
        "201911": "64.29",
        "201912": "65.32",
        "202001": "65.31",
        "202002": "65.96",
        "202003": "57.92",
        "202004": "56.54",
        "202005": "56.18",
        "202006": "54.35",
        "202007": "55.08",
        "202008": "60.91",
        "202009": "61.65",
        "202010": "61.05",
        "202011": "65.71",
        "202012": "68.21",
        "202101": "73.24",
        "202102": "75.37",
        "202103": "75.68",
        "202104": "75.82",
        "202105": "75.47",
        "202106": "75.91",
        "202107": "75.40",
        "202108": "74.52",
        "202109": "65.79",
        "202110": "59.75",
        "202111": "71.89",
        "202112": "81.36",
        "202201": "81.28",
        "202202": "80.13",
        "202203": "78.78",
        "202204": "76.51",
        "202205": "74.71",
        "202206": "74.01",
        "202207": "73.75",
        "202208": "76.69",
        "202209": "88.14",
        "202210": "87.29",
        "202211": "87.98",
        "202212": "86.32",
        "202301": "84.56",
        "202302": "92.48",
        "202303": "130.78",
        "202304": "159.29",
        "202305": "152.85"
    },
    "quarters": {
        "20011": {
            "year_quarter": 20011,
            "year": 2001,
            "quarter": 1,
            "eps": null,
            "eps_growth_year": null,
            "eps_4q": null,
            "eps_4q_growth_year": null,
            "roe": null,
            "roe_4q": 0,
            "gross_profit": null,
            "gross_margin": null,
            "gross_margin_4q_avg": 0,
            "net_income": null,
            "revenue": null,
            "common_shares": null,
            "book_valuer_per_share": null,
            "book_valuer_per_share_4q_avg": 0,
            "equity": null,
            "current_ratio": null,
            "debt_ratio": null,
            "inventory_turnover_ratio": null,
            "account_receivable_turnover_ratio": null,
            "reinvestment_rate": null,
            "research_to_sale_ratio": null,
            "price_fair": 0,
            "eps_avg_yearly": 0,
            "eps_latest_yearly": 0,
            "eps_growth_yearly": 0
        },
        "20012": {
            "year_quarter": 20012,
            "year": 2001,
            "quarter": 2,
            "eps": null,
            "eps_growth_year": null,
            "eps_4q": null,
            "eps_4q_growth_year": null,
            "roe": null,
            "roe_4q": 0,
            "gross_profit": null,
            "gross_margin": null,
            "gross_margin_4q_avg": 0,
            "net_income": null,
            "revenue": null,
            "common_shares": null,
            "book_valuer_per_share": null,
            "book_valuer_per_share_4q_avg": 0,
            "equity": null,
            "current_ratio": null,
            "debt_ratio": null,
            "inventory_turnover_ratio": null,
            "account_receivable_turnover_ratio": null,
            "reinvestment_rate": null,
            "research_to_sale_ratio": null,
            "price_fair": 0,
            "eps_avg_yearly": 0,
            "eps_latest_yearly": 0,
            "eps_growth_yearly": 0
        },
        "20013": {
            "year_quarter": 20013,
            "year": 2001,
            "quarter": 3,
            "eps": null,
            "eps_growth_year": null,
            "eps_4q": null,
            "eps_4q_growth_year": null,
            "roe": null,
            "roe_4q": 0,
            "gross_profit": null,
            "gross_margin": null,
            "gross_margin_4q_avg": 0,
            "net_income": null,
            "revenue": null,
            "common_shares": null,
            "book_valuer_per_share": null,
            "book_valuer_per_share_4q_avg": 0,
            "equity": null,
            "current_ratio": null,
            "debt_ratio": null,
            "inventory_turnover_ratio": null,
            "account_receivable_turnover_ratio": null,
            "reinvestment_rate": null,
            "research_to_sale_ratio": null,
            "price_fair": 0,
            "eps_avg_yearly": 0,
            "eps_latest_yearly": 0,
            "eps_growth_yearly": 0
        },
        "20014": {
            "year_quarter": 20014,
            "year": 2001,
            "quarter": 4,
            "eps": null,
            "eps_growth_year": null,
            "eps_4q": null,
            "eps_4q_growth_year": null,
            "roe": null,
            "roe_4q": 0,
            "gross_profit": null,
            "gross_margin": null,
            "gross_margin_4q_avg": 0,
            "net_income": null,
            "revenue": null,
            "common_shares": null,
            "book_valuer_per_share": null,
            "book_valuer_per_share_4q_avg": 0,
            "equity": null,
            "current_ratio": null,
            "debt_ratio": null,
            "inventory_turnover_ratio": null,
            "account_receivable_turnover_ratio": null,
            "reinvestment_rate": null,
            "research_to_sale_ratio": null,
            "price_fair": 0,
            "eps_avg_yearly": 0,
            "eps_latest_yearly": 0,
            "eps_growth_yearly": 0
        },
        "20021": {
            "year_quarter": 20021,
            "year": 2002,
            "quarter": 1,
            "eps": null,
            "eps_growth_year": null,
            "eps_4q": null,
            "eps_4q_growth_year": null,
            "roe": null,
            "roe_4q": 0,
            "gross_profit": null,
            "gross_margin": null,
            "gross_margin_4q_avg": 0,
            "net_income": null,
            "revenue": null,
            "common_shares": null,
            "book_valuer_per_share": null,
            "book_valuer_per_share_4q_avg": 0,
            "equity": null,
            "current_ratio": null,
            "debt_ratio": null,
            "inventory_turnover_ratio": null,
            "account_receivable_turnover_ratio": null,
            "reinvestment_rate": null,
            "research_to_sale_ratio": null,
            "price_fair": 0,
            "eps_avg_yearly": 0,
            "eps_latest_yearly": 0,
            "eps_growth_yearly": 0
        },
        "20022": {
            "year_quarter": 20022,
            "year": 2002,
            "quarter": 2,
            "eps": null,
            "eps_growth_year": null,
            "eps_4q": null,
            "eps_4q_growth_year": null,
            "roe": null,
            "roe_4q": 0,
            "gross_profit": null,
            "gross_margin": null,
            "gross_margin_4q_avg": 0,
            "net_income": null,
            "revenue": null,
            "common_shares": null,
            "book_valuer_per_share": null,
            "book_valuer_per_share_4q_avg": 0,
            "equity": null,
            "current_ratio": null,
            "debt_ratio": null,
            "inventory_turnover_ratio": null,
            "account_receivable_turnover_ratio": null,
            "reinvestment_rate": null,
            "research_to_sale_ratio": null,
            "price_fair": 0,
            "eps_avg_yearly": 0,
            "eps_latest_yearly": 0,
            "eps_growth_yearly": 0
        },
        "20023": {
            "year_quarter": 20023,
            "year": 2002,
            "quarter": 3,
            "eps": null,
            "eps_growth_year": null,
            "eps_4q": null,
            "eps_4q_growth_year": null,
            "roe": null,
            "roe_4q": 0,
            "gross_profit": null,
            "gross_margin": null,
            "gross_margin_4q_avg": 0,
            "net_income": null,
            "revenue": null,
            "common_shares": null,
            "book_valuer_per_share": null,
            "book_valuer_per_share_4q_avg": 0,
            "equity": null,
            "current_ratio": null,
            "debt_ratio": null,
            "inventory_turnover_ratio": null,
            "account_receivable_turnover_ratio": null,
            "reinvestment_rate": null,
            "research_to_sale_ratio": null,
            "price_fair": 0,
            "eps_avg_yearly": 0,
            "eps_latest_yearly": 0,
            "eps_growth_yearly": 0
        },
        "20024": {
            "year_quarter": 20024,
            "year": 2002,
            "quarter": 4,
            "eps": null,
            "eps_growth_year": null,
            "eps_4q": null,
            "eps_4q_growth_year": null,
            "roe": null,
            "roe_4q": 0,
            "gross_profit": null,
            "gross_margin": null,
            "gross_margin_4q_avg": 0,
            "net_income": null,
            "revenue": null,
            "common_shares": null,
            "book_valuer_per_share": null,
            "book_valuer_per_share_4q_avg": 0,
            "equity": null,
            "current_ratio": null,
            "debt_ratio": null,
            "inventory_turnover_ratio": null,
            "account_receivable_turnover_ratio": null,
            "reinvestment_rate": null,
            "research_to_sale_ratio": null,
            "price_fair": 0,
            "eps_avg_yearly": 0,
            "eps_latest_yearly": 0,
            "eps_growth_yearly": 0
        },
        "20031": {
            "year_quarter": 20031,
            "year": 2003,
            "quarter": 1,
            "eps": null,
            "eps_growth_year": null,
            "eps_4q": null,
            "eps_4q_growth_year": null,
            "roe": null,
            "roe_4q": 0,
            "gross_profit": null,
            "gross_margin": null,
            "gross_margin_4q_avg": 0,
            "net_income": null,
            "revenue": null,
            "common_shares": null,
            "book_valuer_per_share": null,
            "book_valuer_per_share_4q_avg": 0,
            "equity": null,
            "current_ratio": null,
            "debt_ratio": null,
            "inventory_turnover_ratio": null,
            "account_receivable_turnover_ratio": null,
            "reinvestment_rate": null,
            "research_to_sale_ratio": null,
            "price_fair": 0,
            "eps_avg_yearly": 0,
            "eps_latest_yearly": 0,
            "eps_growth_yearly": 0
        },
        "20032": {
            "year_quarter": 20032,
            "year": 2003,
            "quarter": 2,
            "eps": null,
            "eps_growth_year": null,
            "eps_4q": null,
            "eps_4q_growth_year": null,
            "roe": null,
            "roe_4q": 0,
            "gross_profit": null,
            "gross_margin": null,
            "gross_margin_4q_avg": 0,
            "net_income": null,
            "revenue": null,
            "common_shares": null,
            "book_valuer_per_share": null,
            "book_valuer_per_share_4q_avg": 0,
            "equity": null,
            "current_ratio": null,
            "debt_ratio": null,
            "inventory_turnover_ratio": null,
            "account_receivable_turnover_ratio": null,
            "reinvestment_rate": null,
            "research_to_sale_ratio": null,
            "price_fair": 0,
            "eps_avg_yearly": 0,
            "eps_latest_yearly": 0,
            "eps_growth_yearly": 0
        },
        "20033": {
            "year_quarter": 20033,
            "year": 2003,
            "quarter": 3,
            "eps": null,
            "eps_growth_year": null,
            "eps_4q": null,
            "eps_4q_growth_year": null,
            "roe": null,
            "roe_4q": 0,
            "gross_profit": null,
            "gross_margin": null,
            "gross_margin_4q_avg": 0,
            "net_income": null,
            "revenue": null,
            "common_shares": null,
            "book_valuer_per_share": null,
            "book_valuer_per_share_4q_avg": 0,
            "equity": null,
            "current_ratio": null,
            "debt_ratio": null,
            "inventory_turnover_ratio": null,
            "account_receivable_turnover_ratio": null,
            "reinvestment_rate": null,
            "research_to_sale_ratio": null,
            "price_fair": 0,
            "eps_avg_yearly": 0,
            "eps_latest_yearly": 0,
            "eps_growth_yearly": 0
        },
        "20034": {
            "year_quarter": 20034,
            "year": 2003,
            "quarter": 4,
            "eps": null,
            "eps_growth_year": null,
            "eps_4q": null,
            "eps_4q_growth_year": null,
            "roe": null,
            "roe_4q": 0,
            "gross_profit": null,
            "gross_margin": null,
            "gross_margin_4q_avg": 0,
            "net_income": null,
            "revenue": null,
            "common_shares": null,
            "book_valuer_per_share": null,
            "book_valuer_per_share_4q_avg": 0,
            "equity": null,
            "current_ratio": null,
            "debt_ratio": null,
            "inventory_turnover_ratio": null,
            "account_receivable_turnover_ratio": null,
            "reinvestment_rate": null,
            "research_to_sale_ratio": null,
            "price_fair": 0,
            "eps_avg_yearly": 0,
            "eps_latest_yearly": 0,
            "eps_growth_yearly": 0
        },
        "20041": {
            "year_quarter": 20041,
            "year": 2004,
            "quarter": 1,
            "eps": null,
            "eps_growth_year": null,
            "eps_4q": null,
            "eps_4q_growth_year": null,
            "roe": null,
            "roe_4q": 0,
            "gross_profit": null,
            "gross_margin": null,
            "gross_margin_4q_avg": 0,
            "net_income": null,
            "revenue": null,
            "common_shares": null,
            "book_valuer_per_share": null,
            "book_valuer_per_share_4q_avg": 0,
            "equity": null,
            "current_ratio": null,
            "debt_ratio": null,
            "inventory_turnover_ratio": null,
            "account_receivable_turnover_ratio": null,
            "reinvestment_rate": null,
            "research_to_sale_ratio": null,
            "price_fair": 0,
            "eps_avg_yearly": 0,
            "eps_latest_yearly": 0,
            "eps_growth_yearly": 0
        },
        "20042": {
            "year_quarter": 20042,
            "year": 2004,
            "quarter": 2,
            "eps": null,
            "eps_growth_year": null,
            "eps_4q": null,
            "eps_4q_growth_year": null,
            "roe": null,
            "roe_4q": 0,
            "gross_profit": null,
            "gross_margin": null,
            "gross_margin_4q_avg": 0,
            "net_income": null,
            "revenue": null,
            "common_shares": null,
            "book_valuer_per_share": null,
            "book_valuer_per_share_4q_avg": 0,
            "equity": null,
            "current_ratio": null,
            "debt_ratio": null,
            "inventory_turnover_ratio": null,
            "account_receivable_turnover_ratio": null,
            "reinvestment_rate": null,
            "research_to_sale_ratio": null,
            "price_fair": 0,
            "eps_avg_yearly": 0,
            "eps_latest_yearly": 0,
            "eps_growth_yearly": 0
        },
        "20043": {
            "year_quarter": 20043,
            "year": 2004,
            "quarter": 3,
            "eps": null,
            "eps_growth_year": null,
            "eps_4q": null,
            "eps_4q_growth_year": null,
            "roe": null,
            "roe_4q": 0,
            "gross_profit": null,
            "gross_margin": null,
            "gross_margin_4q_avg": 0,
            "net_income": null,
            "revenue": null,
            "common_shares": null,
            "book_valuer_per_share": null,
            "book_valuer_per_share_4q_avg": 0,
            "equity": null,
            "current_ratio": null,
            "debt_ratio": null,
            "inventory_turnover_ratio": null,
            "account_receivable_turnover_ratio": null,
            "reinvestment_rate": null,
            "research_to_sale_ratio": null,
            "price_fair": 0,
            "eps_avg_yearly": 0,
            "eps_latest_yearly": 0,
            "eps_growth_yearly": 0
        },
        "20044": {
            "year_quarter": 20044,
            "year": 2004,
            "quarter": 4,
            "eps": null,
            "eps_growth_year": null,
            "eps_4q": null,
            "eps_4q_growth_year": null,
            "roe": null,
            "roe_4q": 0,
            "gross_profit": null,
            "gross_margin": null,
            "gross_margin_4q_avg": 0,
            "net_income": null,
            "revenue": null,
            "common_shares": null,
            "book_valuer_per_share": null,
            "book_valuer_per_share_4q_avg": 0,
            "equity": null,
            "current_ratio": null,
            "debt_ratio": null,
            "inventory_turnover_ratio": null,
            "account_receivable_turnover_ratio": null,
            "reinvestment_rate": null,
            "research_to_sale_ratio": null,
            "price_fair": 0,
            "eps_avg_yearly": 0,
            "eps_latest_yearly": 0,
            "eps_growth_yearly": 0
        },
        "20051": {
            "year_quarter": 20051,
            "year": 2005,
            "quarter": 1,
            "eps": null,
            "eps_growth_year": null,
            "eps_4q": null,
            "eps_4q_growth_year": null,
            "roe": null,
            "roe_4q": 0,
            "gross_profit": null,
            "gross_margin": null,
            "gross_margin_4q_avg": 0,
            "net_income": null,
            "revenue": null,
            "common_shares": null,
            "book_valuer_per_share": null,
            "book_valuer_per_share_4q_avg": 0,
            "equity": null,
            "current_ratio": null,
            "debt_ratio": null,
            "inventory_turnover_ratio": null,
            "account_receivable_turnover_ratio": null,
            "reinvestment_rate": null,
            "research_to_sale_ratio": null,
            "price_fair": 0,
            "eps_avg_yearly": 0,
            "eps_latest_yearly": 0,
            "eps_growth_yearly": 0
        },
        "20052": {
            "year_quarter": 20052,
            "year": 2005,
            "quarter": 2,
            "eps": null,
            "eps_growth_year": null,
            "eps_4q": null,
            "eps_4q_growth_year": null,
            "roe": null,
            "roe_4q": 0,
            "gross_profit": null,
            "gross_margin": null,
            "gross_margin_4q_avg": 0,
            "net_income": null,
            "revenue": null,
            "common_shares": null,
            "book_valuer_per_share": null,
            "book_valuer_per_share_4q_avg": 0,
            "equity": null,
            "current_ratio": null,
            "debt_ratio": null,
            "inventory_turnover_ratio": null,
            "account_receivable_turnover_ratio": null,
            "reinvestment_rate": null,
            "research_to_sale_ratio": null,
            "price_fair": 0,
            "eps_avg_yearly": 0,
            "eps_latest_yearly": 0,
            "eps_growth_yearly": 0
        },
        "20053": {
            "year_quarter": 20053,
            "year": 2005,
            "quarter": 3,
            "eps": null,
            "eps_growth_year": null,
            "eps_4q": null,
            "eps_4q_growth_year": null,
            "roe": null,
            "roe_4q": 0,
            "gross_profit": null,
            "gross_margin": null,
            "gross_margin_4q_avg": 0,
            "net_income": null,
            "revenue": null,
            "common_shares": null,
            "book_valuer_per_share": null,
            "book_valuer_per_share_4q_avg": 0,
            "equity": null,
            "current_ratio": null,
            "debt_ratio": null,
            "inventory_turnover_ratio": null,
            "account_receivable_turnover_ratio": null,
            "reinvestment_rate": null,
            "research_to_sale_ratio": null,
            "price_fair": 0,
            "eps_avg_yearly": 0,
            "eps_latest_yearly": 0,
            "eps_growth_yearly": 0
        },
        "20054": {
            "year_quarter": 20054,
            "year": 2005,
            "quarter": 4,
            "eps": null,
            "eps_growth_year": null,
            "eps_4q": null,
            "eps_4q_growth_year": null,
            "roe": null,
            "roe_4q": 0,
            "gross_profit": null,
            "gross_margin": null,
            "gross_margin_4q_avg": 0,
            "net_income": null,
            "revenue": null,
            "common_shares": null,
            "book_valuer_per_share": null,
            "book_valuer_per_share_4q_avg": 0,
            "equity": null,
            "current_ratio": null,
            "debt_ratio": null,
            "inventory_turnover_ratio": null,
            "account_receivable_turnover_ratio": null,
            "reinvestment_rate": null,
            "research_to_sale_ratio": null,
            "price_fair": 0,
            "eps_avg_yearly": 0,
            "eps_latest_yearly": 0,
            "eps_growth_yearly": 0
        },
        "20061": {
            "year_quarter": 20061,
            "year": 2006,
            "quarter": 1,
            "eps": null,
            "eps_growth_year": null,
            "eps_4q": null,
            "eps_4q_growth_year": null,
            "roe": null,
            "roe_4q": 0,
            "gross_profit": null,
            "gross_margin": null,
            "gross_margin_4q_avg": 0,
            "net_income": null,
            "revenue": null,
            "common_shares": null,
            "book_valuer_per_share": null,
            "book_valuer_per_share_4q_avg": 0,
            "equity": null,
            "current_ratio": null,
            "debt_ratio": null,
            "inventory_turnover_ratio": null,
            "account_receivable_turnover_ratio": null,
            "reinvestment_rate": null,
            "research_to_sale_ratio": null,
            "price_fair": 0,
            "eps_avg_yearly": 0,
            "eps_latest_yearly": 0,
            "eps_growth_yearly": 0
        },
        "20062": {
            "year_quarter": 20062,
            "year": 2006,
            "quarter": 2,
            "eps": null,
            "eps_growth_year": null,
            "eps_4q": null,
            "eps_4q_growth_year": null,
            "roe": null,
            "roe_4q": 0,
            "gross_profit": null,
            "gross_margin": null,
            "gross_margin_4q_avg": 0,
            "net_income": null,
            "revenue": null,
            "common_shares": null,
            "book_valuer_per_share": null,
            "book_valuer_per_share_4q_avg": 0,
            "equity": null,
            "current_ratio": null,
            "debt_ratio": null,
            "inventory_turnover_ratio": null,
            "account_receivable_turnover_ratio": null,
            "reinvestment_rate": null,
            "research_to_sale_ratio": null,
            "price_fair": 0,
            "eps_avg_yearly": 0,
            "eps_latest_yearly": 0,
            "eps_growth_yearly": 0
        },
        "20063": {
            "year_quarter": 20063,
            "year": 2006,
            "quarter": 3,
            "eps": null,
            "eps_growth_year": null,
            "eps_4q": null,
            "eps_4q_growth_year": null,
            "roe": null,
            "roe_4q": 0,
            "gross_profit": null,
            "gross_margin": null,
            "gross_margin_4q_avg": 0,
            "net_income": null,
            "revenue": null,
            "common_shares": null,
            "book_valuer_per_share": null,
            "book_valuer_per_share_4q_avg": 0,
            "equity": null,
            "current_ratio": null,
            "debt_ratio": null,
            "inventory_turnover_ratio": null,
            "account_receivable_turnover_ratio": null,
            "reinvestment_rate": null,
            "research_to_sale_ratio": null,
            "price_fair": 0,
            "eps_avg_yearly": 0,
            "eps_latest_yearly": 0,
            "eps_growth_yearly": 0
        },
        "20064": {
            "year_quarter": 20064,
            "year": 2006,
            "quarter": 4,
            "eps": null,
            "eps_growth_year": null,
            "eps_4q": null,
            "eps_4q_growth_year": null,
            "roe": null,
            "roe_4q": 0,
            "gross_profit": null,
            "gross_margin": null,
            "gross_margin_4q_avg": 0,
            "net_income": null,
            "revenue": null,
            "common_shares": null,
            "book_valuer_per_share": null,
            "book_valuer_per_share_4q_avg": 0,
            "equity": null,
            "current_ratio": null,
            "debt_ratio": null,
            "inventory_turnover_ratio": null,
            "account_receivable_turnover_ratio": null,
            "reinvestment_rate": null,
            "research_to_sale_ratio": null,
            "price_fair": 0,
            "eps_avg_yearly": 0,
            "eps_latest_yearly": 0,
            "eps_growth_yearly": 0
        },
        "20071": {
            "year_quarter": 20071,
            "year": 2007,
            "quarter": 1,
            "eps": null,
            "eps_growth_year": null,
            "eps_4q": null,
            "eps_4q_growth_year": null,
            "roe": null,
            "roe_4q": 0,
            "gross_profit": null,
            "gross_margin": null,
            "gross_margin_4q_avg": 0,
            "net_income": null,
            "revenue": null,
            "common_shares": null,
            "book_valuer_per_share": null,
            "book_valuer_per_share_4q_avg": 0,
            "equity": null,
            "current_ratio": null,
            "debt_ratio": null,
            "inventory_turnover_ratio": null,
            "account_receivable_turnover_ratio": null,
            "reinvestment_rate": null,
            "research_to_sale_ratio": null,
            "price_fair": 0,
            "eps_avg_yearly": 0,
            "eps_latest_yearly": 0,
            "eps_growth_yearly": 0
        },
        "20072": {
            "year_quarter": 20072,
            "year": 2007,
            "quarter": 2,
            "eps": null,
            "eps_growth_year": null,
            "eps_4q": null,
            "eps_4q_growth_year": null,
            "roe": null,
            "roe_4q": 0,
            "gross_profit": null,
            "gross_margin": null,
            "gross_margin_4q_avg": 0,
            "net_income": null,
            "revenue": null,
            "common_shares": null,
            "book_valuer_per_share": null,
            "book_valuer_per_share_4q_avg": 0,
            "equity": null,
            "current_ratio": null,
            "debt_ratio": null,
            "inventory_turnover_ratio": null,
            "account_receivable_turnover_ratio": null,
            "reinvestment_rate": null,
            "research_to_sale_ratio": null,
            "price_fair": 0,
            "eps_avg_yearly": 0,
            "eps_latest_yearly": 0,
            "eps_growth_yearly": 0
        },
        "20073": {
            "year_quarter": 20073,
            "year": 2007,
            "quarter": 3,
            "eps": null,
            "eps_growth_year": null,
            "eps_4q": null,
            "eps_4q_growth_year": null,
            "roe": null,
            "roe_4q": 0,
            "gross_profit": null,
            "gross_margin": null,
            "gross_margin_4q_avg": 0,
            "net_income": null,
            "revenue": null,
            "common_shares": null,
            "book_valuer_per_share": null,
            "book_valuer_per_share_4q_avg": 0,
            "equity": null,
            "current_ratio": null,
            "debt_ratio": null,
            "inventory_turnover_ratio": null,
            "account_receivable_turnover_ratio": null,
            "reinvestment_rate": null,
            "research_to_sale_ratio": null,
            "price_fair": 0,
            "eps_avg_yearly": 0,
            "eps_latest_yearly": 0,
            "eps_growth_yearly": 0
        },
        "20074": {
            "year_quarter": 20074,
            "year": 2007,
            "quarter": 4,
            "eps": null,
            "eps_growth_year": null,
            "eps_4q": null,
            "eps_4q_growth_year": null,
            "roe": null,
            "roe_4q": 0,
            "gross_profit": null,
            "gross_margin": null,
            "gross_margin_4q_avg": 0,
            "net_income": null,
            "revenue": null,
            "common_shares": 320000,
            "book_valuer_per_share": 5.4,
            "book_valuer_per_share_4q_avg": 1.35,
            "equity": 172787,
            "current_ratio": 266.77,
            "debt_ratio": 24.19,
            "inventory_turnover_ratio": null,
            "account_receivable_turnover_ratio": null,
            "reinvestment_rate": null,
            "research_to_sale_ratio": null,
            "price_fair": 0,
            "eps_avg_yearly": 0,
            "eps_latest_yearly": 0,
            "eps_growth_yearly": 0
        },
        "20081": {
            "year_quarter": 20081,
            "year": 2008,
            "quarter": 1,
            "eps": null,
            "eps_growth_year": null,
            "eps_4q": null,
            "eps_4q_growth_year": null,
            "roe": null,
            "roe_4q": 0,
            "gross_profit": null,
            "gross_margin": null,
            "gross_margin_4q_avg": 0,
            "net_income": null,
            "revenue": null,
            "common_shares": null,
            "book_valuer_per_share": null,
            "book_valuer_per_share_4q_avg": 1.35,
            "equity": null,
            "current_ratio": null,
            "debt_ratio": null,
            "inventory_turnover_ratio": null,
            "account_receivable_turnover_ratio": null,
            "reinvestment_rate": null,
            "research_to_sale_ratio": null,
            "price_fair": 0,
            "eps_avg_yearly": 0,
            "eps_latest_yearly": 0,
            "eps_growth_yearly": 0
        },
        "20082": {
            "year_quarter": 20082,
            "year": 2008,
            "quarter": 2,
            "eps": null,
            "eps_growth_year": null,
            "eps_4q": null,
            "eps_4q_growth_year": null,
            "roe": null,
            "roe_4q": 0,
            "gross_profit": null,
            "gross_margin": null,
            "gross_margin_4q_avg": 0,
            "net_income": null,
            "revenue": null,
            "common_shares": null,
            "book_valuer_per_share": null,
            "book_valuer_per_share_4q_avg": 1.35,
            "equity": null,
            "current_ratio": null,
            "debt_ratio": null,
            "inventory_turnover_ratio": null,
            "account_receivable_turnover_ratio": null,
            "reinvestment_rate": null,
            "research_to_sale_ratio": null,
            "price_fair": 0,
            "eps_avg_yearly": 0,
            "eps_latest_yearly": 0,
            "eps_growth_yearly": 0
        },
        "20083": {
            "year_quarter": 20083,
            "year": 2008,
            "quarter": 3,
            "eps": null,
            "eps_growth_year": null,
            "eps_4q": null,
            "eps_4q_growth_year": null,
            "roe": null,
            "roe_4q": 0,
            "gross_profit": null,
            "gross_margin": null,
            "gross_margin_4q_avg": 0,
            "net_income": null,
            "revenue": null,
            "common_shares": null,
            "book_valuer_per_share": null,
            "book_valuer_per_share_4q_avg": 1.35,
            "equity": null,
            "current_ratio": null,
            "debt_ratio": null,
            "inventory_turnover_ratio": null,
            "account_receivable_turnover_ratio": null,
            "reinvestment_rate": null,
            "research_to_sale_ratio": null,
            "price_fair": 0,
            "eps_avg_yearly": 0,
            "eps_latest_yearly": 0,
            "eps_growth_yearly": 0
        },
        "20084": {
            "year_quarter": 20084,
            "year": 2008,
            "quarter": 4,
            "eps": null,
            "eps_growth_year": null,
            "eps_4q": null,
            "eps_4q_growth_year": null,
            "roe": null,
            "roe_4q": 0,
            "gross_profit": null,
            "gross_margin": null,
            "gross_margin_4q_avg": 0,
            "net_income": null,
            "revenue": null,
            "common_shares": 320000,
            "book_valuer_per_share": 5.57,
            "book_valuer_per_share_4q_avg": 1.39,
            "equity": 178290,
            "current_ratio": 221.8,
            "debt_ratio": 34.17,
            "inventory_turnover_ratio": null,
            "account_receivable_turnover_ratio": null,
            "reinvestment_rate": null,
            "research_to_sale_ratio": null,
            "price_fair": 0,
            "eps_avg_yearly": 0,
            "eps_latest_yearly": 0,
            "eps_growth_yearly": 0
        },
        "20091": {
            "year_quarter": 20091,
            "year": 2009,
            "quarter": 1,
            "eps": null,
            "eps_growth_year": null,
            "eps_4q": null,
            "eps_4q_growth_year": null,
            "roe": null,
            "roe_4q": 0,
            "gross_profit": null,
            "gross_margin": null,
            "gross_margin_4q_avg": 0,
            "net_income": null,
            "revenue": null,
            "common_shares": null,
            "book_valuer_per_share": null,
            "book_valuer_per_share_4q_avg": 1.39,
            "equity": null,
            "current_ratio": null,
            "debt_ratio": null,
            "inventory_turnover_ratio": null,
            "account_receivable_turnover_ratio": null,
            "reinvestment_rate": null,
            "research_to_sale_ratio": null,
            "price_fair": 0,
            "eps_avg_yearly": 0,
            "eps_latest_yearly": 0,
            "eps_growth_yearly": 0
        },
        "20092": {
            "year_quarter": 20092,
            "year": 2009,
            "quarter": 2,
            "eps": null,
            "eps_growth_year": null,
            "eps_4q": null,
            "eps_4q_growth_year": null,
            "roe": null,
            "roe_4q": 0,
            "gross_profit": null,
            "gross_margin": null,
            "gross_margin_4q_avg": 0,
            "net_income": null,
            "revenue": null,
            "common_shares": null,
            "book_valuer_per_share": null,
            "book_valuer_per_share_4q_avg": 1.39,
            "equity": null,
            "current_ratio": null,
            "debt_ratio": null,
            "inventory_turnover_ratio": null,
            "account_receivable_turnover_ratio": null,
            "reinvestment_rate": null,
            "research_to_sale_ratio": null,
            "price_fair": 0,
            "eps_avg_yearly": 0,
            "eps_latest_yearly": 0,
            "eps_growth_yearly": 0
        },
        "20093": {
            "year_quarter": 20093,
            "year": 2009,
            "quarter": 3,
            "eps": null,
            "eps_growth_year": null,
            "eps_4q": null,
            "eps_4q_growth_year": null,
            "roe": null,
            "roe_4q": 0,
            "gross_profit": null,
            "gross_margin": null,
            "gross_margin_4q_avg": 0,
            "net_income": null,
            "revenue": null,
            "common_shares": null,
            "book_valuer_per_share": null,
            "book_valuer_per_share_4q_avg": 1.39,
            "equity": null,
            "current_ratio": null,
            "debt_ratio": null,
            "inventory_turnover_ratio": null,
            "account_receivable_turnover_ratio": null,
            "reinvestment_rate": null,
            "research_to_sale_ratio": null,
            "price_fair": 0,
            "eps_avg_yearly": 0,
            "eps_latest_yearly": 0,
            "eps_growth_yearly": 0
        },
        "20094": {
            "year_quarter": 20094,
            "year": 2009,
            "quarter": 4,
            "eps": null,
            "eps_growth_year": null,
            "eps_4q": null,
            "eps_4q_growth_year": null,
            "roe": null,
            "roe_4q": 0,
            "gross_profit": null,
            "gross_margin": null,
            "gross_margin_4q_avg": 0,
            "net_income": null,
            "revenue": null,
            "common_shares": 176000,
            "book_valuer_per_share": 11.13,
            "book_valuer_per_share_4q_avg": 2.78,
            "equity": 195824,
            "current_ratio": 288.67,
            "debt_ratio": 26.87,
            "inventory_turnover_ratio": null,
            "account_receivable_turnover_ratio": null,
            "reinvestment_rate": null,
            "research_to_sale_ratio": null,
            "price_fair": 0,
            "eps_avg_yearly": 0,
            "eps_latest_yearly": 0,
            "eps_growth_yearly": 0
        },
        "20101": {
            "year_quarter": 20101,
            "year": 2010,
            "quarter": 1,
            "eps": null,
            "eps_growth_year": null,
            "eps_4q": null,
            "eps_4q_growth_year": null,
            "roe": null,
            "roe_4q": 0,
            "gross_profit": null,
            "gross_margin": null,
            "gross_margin_4q_avg": 0,
            "net_income": null,
            "revenue": null,
            "common_shares": null,
            "book_valuer_per_share": null,
            "book_valuer_per_share_4q_avg": 2.78,
            "equity": null,
            "current_ratio": null,
            "debt_ratio": null,
            "inventory_turnover_ratio": null,
            "account_receivable_turnover_ratio": null,
            "reinvestment_rate": null,
            "research_to_sale_ratio": null,
            "price_fair": 0,
            "eps_avg_yearly": 0,
            "eps_latest_yearly": 0,
            "eps_growth_yearly": 0
        },
        "20102": {
            "year_quarter": 20102,
            "year": 2010,
            "quarter": 2,
            "eps": null,
            "eps_growth_year": null,
            "eps_4q": null,
            "eps_4q_growth_year": null,
            "roe": null,
            "roe_4q": 0,
            "gross_profit": null,
            "gross_margin": null,
            "gross_margin_4q_avg": 0,
            "net_income": null,
            "revenue": null,
            "common_shares": null,
            "book_valuer_per_share": null,
            "book_valuer_per_share_4q_avg": 2.78,
            "equity": null,
            "current_ratio": null,
            "debt_ratio": null,
            "inventory_turnover_ratio": null,
            "account_receivable_turnover_ratio": null,
            "reinvestment_rate": null,
            "research_to_sale_ratio": null,
            "price_fair": 0,
            "eps_avg_yearly": 0,
            "eps_latest_yearly": 0,
            "eps_growth_yearly": 0
        },
        "20103": {
            "year_quarter": 20103,
            "year": 2010,
            "quarter": 3,
            "eps": null,
            "eps_growth_year": null,
            "eps_4q": null,
            "eps_4q_growth_year": null,
            "roe": null,
            "roe_4q": 0,
            "gross_profit": null,
            "gross_margin": null,
            "gross_margin_4q_avg": 0,
            "net_income": null,
            "revenue": null,
            "common_shares": null,
            "book_valuer_per_share": null,
            "book_valuer_per_share_4q_avg": 2.78,
            "equity": null,
            "current_ratio": null,
            "debt_ratio": null,
            "inventory_turnover_ratio": null,
            "account_receivable_turnover_ratio": null,
            "reinvestment_rate": null,
            "research_to_sale_ratio": null,
            "price_fair": 0,
            "eps_avg_yearly": 0,
            "eps_latest_yearly": 0,
            "eps_growth_yearly": 0
        },
        "20104": {
            "year_quarter": 20104,
            "year": 2010,
            "quarter": 4,
            "eps": null,
            "eps_growth_year": null,
            "eps_4q": null,
            "eps_4q_growth_year": null,
            "roe": null,
            "roe_4q": 0,
            "gross_profit": null,
            "gross_margin": null,
            "gross_margin_4q_avg": 0,
            "net_income": null,
            "revenue": null,
            "common_shares": 242500,
            "book_valuer_per_share": 11.36,
            "book_valuer_per_share_4q_avg": 2.84,
            "equity": 275537,
            "current_ratio": 214.42,
            "debt_ratio": 40.25,
            "inventory_turnover_ratio": null,
            "account_receivable_turnover_ratio": null,
            "reinvestment_rate": null,
            "research_to_sale_ratio": null,
            "price_fair": 0,
            "eps_avg_yearly": 0,
            "eps_latest_yearly": 0,
            "eps_growth_yearly": 0
        },
        "20111": {
            "year_quarter": 20111,
            "year": 2011,
            "quarter": 1,
            "eps": null,
            "eps_growth_year": null,
            "eps_4q": null,
            "eps_4q_growth_year": null,
            "roe": null,
            "roe_4q": 0,
            "gross_profit": null,
            "gross_margin": null,
            "gross_margin_4q_avg": 0,
            "net_income": null,
            "revenue": null,
            "common_shares": null,
            "book_valuer_per_share": null,
            "book_valuer_per_share_4q_avg": 2.84,
            "equity": null,
            "current_ratio": null,
            "debt_ratio": null,
            "inventory_turnover_ratio": null,
            "account_receivable_turnover_ratio": null,
            "reinvestment_rate": null,
            "research_to_sale_ratio": null,
            "price_fair": 0,
            "eps_avg_yearly": 0,
            "eps_latest_yearly": 0,
            "eps_growth_yearly": 0
        },
        "20112": {
            "year_quarter": 20112,
            "year": 2011,
            "quarter": 2,
            "eps": null,
            "eps_growth_year": null,
            "eps_4q": null,
            "eps_4q_growth_year": null,
            "roe": null,
            "roe_4q": 0,
            "gross_profit": null,
            "gross_margin": null,
            "gross_margin_4q_avg": 0,
            "net_income": null,
            "revenue": null,
            "common_shares": 0,
            "book_valuer_per_share": null,
            "book_valuer_per_share_4q_avg": 2.84,
            "equity": 0,
            "current_ratio": null,
            "debt_ratio": null,
            "inventory_turnover_ratio": null,
            "account_receivable_turnover_ratio": null,
            "reinvestment_rate": null,
            "research_to_sale_ratio": null,
            "price_fair": 0,
            "eps_avg_yearly": 0,
            "eps_latest_yearly": 0,
            "eps_growth_yearly": 0
        },
        "20113": {
            "year_quarter": 20113,
            "year": 2011,
            "quarter": 3,
            "eps": null,
            "eps_growth_year": null,
            "eps_4q": null,
            "eps_4q_growth_year": null,
            "roe": null,
            "roe_4q": 0,
            "gross_profit": null,
            "gross_margin": null,
            "gross_margin_4q_avg": 0,
            "net_income": null,
            "revenue": null,
            "common_shares": null,
            "book_valuer_per_share": null,
            "book_valuer_per_share_4q_avg": 2.84,
            "equity": null,
            "current_ratio": null,
            "debt_ratio": null,
            "inventory_turnover_ratio": null,
            "account_receivable_turnover_ratio": null,
            "reinvestment_rate": null,
            "research_to_sale_ratio": null,
            "price_fair": 0,
            "eps_avg_yearly": 0,
            "eps_latest_yearly": 0,
            "eps_growth_yearly": 0
        },
        "20114": {
            "year_quarter": 20114,
            "year": 2011,
            "quarter": 4,
            "eps": null,
            "eps_growth_year": null,
            "eps_4q": null,
            "eps_4q_growth_year": null,
            "roe": null,
            "roe_4q": 0,
            "gross_profit": null,
            "gross_margin": null,
            "gross_margin_4q_avg": 0,
            "net_income": null,
            "revenue": null,
            "common_shares": 242500,
            "book_valuer_per_share": 12.58,
            "book_valuer_per_share_4q_avg": 3.15,
            "equity": 305155,
            "current_ratio": 166.21,
            "debt_ratio": 41.6,
            "inventory_turnover_ratio": null,
            "account_receivable_turnover_ratio": null,
            "reinvestment_rate": null,
            "research_to_sale_ratio": null,
            "price_fair": 0,
            "eps_avg_yearly": 0,
            "eps_latest_yearly": 0,
            "eps_growth_yearly": 0
        },
        "20121": {
            "year_quarter": 20121,
            "year": 2012,
            "quarter": 1,
            "eps": null,
            "eps_growth_year": null,
            "eps_4q": null,
            "eps_4q_growth_year": null,
            "roe": null,
            "roe_4q": 0,
            "gross_profit": null,
            "gross_margin": null,
            "gross_margin_4q_avg": 0,
            "net_income": null,
            "revenue": null,
            "common_shares": null,
            "book_valuer_per_share": null,
            "book_valuer_per_share_4q_avg": 3.15,
            "equity": null,
            "current_ratio": null,
            "debt_ratio": null,
            "inventory_turnover_ratio": null,
            "account_receivable_turnover_ratio": null,
            "reinvestment_rate": null,
            "research_to_sale_ratio": null,
            "price_fair": 0,
            "eps_avg_yearly": 0,
            "eps_latest_yearly": 0,
            "eps_growth_yearly": 0
        },
        "20122": {
            "year_quarter": 20122,
            "year": 2012,
            "quarter": 2,
            "eps": null,
            "eps_growth_year": null,
            "eps_4q": null,
            "eps_4q_growth_year": null,
            "roe": null,
            "roe_4q": 0,
            "gross_profit": null,
            "gross_margin": null,
            "gross_margin_4q_avg": 0,
            "net_income": null,
            "revenue": null,
            "common_shares": 272500,
            "book_valuer_per_share": 13.18,
            "book_valuer_per_share_4q_avg": 6.44,
            "equity": 359112,
            "current_ratio": 174.64,
            "debt_ratio": 40.64,
            "inventory_turnover_ratio": null,
            "account_receivable_turnover_ratio": null,
            "reinvestment_rate": null,
            "research_to_sale_ratio": null,
            "price_fair": 0,
            "eps_avg_yearly": 0,
            "eps_latest_yearly": 0,
            "eps_growth_yearly": 0
        },
        "20123": {
            "year_quarter": 20123,
            "year": 2012,
            "quarter": 3,
            "eps": null,
            "eps_growth_year": null,
            "eps_4q": null,
            "eps_4q_growth_year": null,
            "roe": null,
            "roe_4q": 0,
            "gross_profit": null,
            "gross_margin": null,
            "gross_margin_4q_avg": 0,
            "net_income": null,
            "revenue": null,
            "common_shares": null,
            "book_valuer_per_share": null,
            "book_valuer_per_share_4q_avg": 6.44,
            "equity": null,
            "current_ratio": null,
            "debt_ratio": null,
            "inventory_turnover_ratio": null,
            "account_receivable_turnover_ratio": null,
            "reinvestment_rate": null,
            "research_to_sale_ratio": null,
            "price_fair": 0,
            "eps_avg_yearly": 0,
            "eps_latest_yearly": 0,
            "eps_growth_yearly": 0
        },
        "20124": {
            "year_quarter": 20124,
            "year": 2012,
            "quarter": 4,
            "eps": null,
            "eps_growth_year": null,
            "eps_4q": null,
            "eps_4q_growth_year": null,
            "roe": null,
            "roe_4q": 0,
            "gross_profit": null,
            "gross_margin": null,
            "gross_margin_4q_avg": 0,
            "net_income": null,
            "revenue": null,
            "common_shares": 280500,
            "book_valuer_per_share": 13.79,
            "book_valuer_per_share_4q_avg": 6.74,
            "equity": 386914,
            "current_ratio": 185.56,
            "debt_ratio": 35.73,
            "inventory_turnover_ratio": null,
            "account_receivable_turnover_ratio": null,
            "reinvestment_rate": null,
            "research_to_sale_ratio": null,
            "price_fair": 0,
            "eps_avg_yearly": 0,
            "eps_latest_yearly": 0,
            "eps_growth_yearly": 0
        },
        "20131": {
            "year_quarter": 20131,
            "year": 2013,
            "quarter": 1,
            "eps": null,
            "eps_growth_year": null,
            "eps_4q": null,
            "eps_4q_growth_year": null,
            "roe": null,
            "roe_4q": 0,
            "gross_profit": null,
            "gross_margin": null,
            "gross_margin_4q_avg": 0,
            "net_income": null,
            "revenue": null,
            "common_shares": null,
            "book_valuer_per_share": null,
            "book_valuer_per_share_4q_avg": 6.74,
            "equity": null,
            "current_ratio": null,
            "debt_ratio": null,
            "inventory_turnover_ratio": null,
            "account_receivable_turnover_ratio": null,
            "reinvestment_rate": null,
            "research_to_sale_ratio": null,
            "price_fair": 0,
            "eps_avg_yearly": 0,
            "eps_latest_yearly": 0,
            "eps_growth_yearly": 0
        },
        "20132": {
            "year_quarter": 20132,
            "year": 2013,
            "quarter": 2,
            "eps": null,
            "eps_growth_year": null,
            "eps_4q": null,
            "eps_4q_growth_year": null,
            "roe": null,
            "roe_4q": 0,
            "gross_profit": null,
            "gross_margin": null,
            "gross_margin_4q_avg": 0,
            "net_income": null,
            "revenue": null,
            "common_shares": 310500,
            "book_valuer_per_share": 14.3,
            "book_valuer_per_share_4q_avg": 7.02,
            "equity": 443895,
            "current_ratio": 224.93,
            "debt_ratio": 31.54,
            "inventory_turnover_ratio": null,
            "account_receivable_turnover_ratio": null,
            "reinvestment_rate": null,
            "research_to_sale_ratio": null,
            "price_fair": 0,
            "eps_avg_yearly": 0,
            "eps_latest_yearly": 0,
            "eps_growth_yearly": 0
        },
        "20133": {
            "year_quarter": 20133,
            "year": 2013,
            "quarter": 3,
            "eps": null,
            "eps_growth_year": null,
            "eps_4q": null,
            "eps_4q_growth_year": null,
            "roe": null,
            "roe_4q": 0,
            "gross_profit": null,
            "gross_margin": null,
            "gross_margin_4q_avg": 0,
            "net_income": null,
            "revenue": null,
            "common_shares": null,
            "book_valuer_per_share": null,
            "book_valuer_per_share_4q_avg": 7.02,
            "equity": null,
            "current_ratio": null,
            "debt_ratio": null,
            "inventory_turnover_ratio": null,
            "account_receivable_turnover_ratio": null,
            "reinvestment_rate": null,
            "research_to_sale_ratio": null,
            "price_fair": 0,
            "eps_avg_yearly": 0,
            "eps_latest_yearly": 0,
            "eps_growth_yearly": 0
        },
        "20134": {
            "year_quarter": 20134,
            "year": 2013,
            "quarter": 4,
            "eps": null,
            "eps_growth_year": null,
            "eps_4q": null,
            "eps_4q_growth_year": null,
            "roe": null,
            "roe_4q": 0,
            "gross_profit": null,
            "gross_margin": null,
            "gross_margin_4q_avg": 0,
            "net_income": null,
            "revenue": null,
            "common_shares": 314230,
            "book_valuer_per_share": 14.44,
            "book_valuer_per_share_4q_avg": 7.19,
            "equity": 453680,
            "current_ratio": 248.94,
            "debt_ratio": 28.95,
            "inventory_turnover_ratio": null,
            "account_receivable_turnover_ratio": null,
            "reinvestment_rate": null,
            "research_to_sale_ratio": null,
            "price_fair": 0,
            "eps_avg_yearly": 0,
            "eps_latest_yearly": 0,
            "eps_growth_yearly": 0
        },
        "20141": {
            "year_quarter": 20141,
            "year": 2014,
            "quarter": 1,
            "eps": null,
            "eps_growth_year": null,
            "eps_4q": null,
            "eps_4q_growth_year": null,
            "roe": null,
            "roe_4q": 0,
            "gross_profit": 40610,
            "gross_margin": null,
            "gross_margin_4q_avg": 0,
            "net_income": 13878,
            "revenue": 173081,
            "common_shares": 314230,
            "book_valuer_per_share": 14.88,
            "book_valuer_per_share_4q_avg": 10.91,
            "equity": 467558,
            "current_ratio": 277.26,
            "debt_ratio": 26.58,
            "inventory_turnover_ratio": null,
            "account_receivable_turnover_ratio": null,
            "reinvestment_rate": null,
            "research_to_sale_ratio": null,
            "price_fair": 0,
            "eps_avg_yearly": 0,
            "eps_latest_yearly": 0,
            "eps_growth_yearly": 0
        },
        "20142": {
            "year_quarter": 20142,
            "year": 2014,
            "quarter": 2,
            "eps": 0.25,
            "eps_growth_year": null,
            "eps_4q": null,
            "eps_4q_growth_year": null,
            "roe": 1.68,
            "roe_4q": 1.68,
            "gross_profit": 42129,
            "gross_margin": 24.27,
            "gross_margin_4q_avg": 6.07,
            "net_income": 7875,
            "revenue": 173591,
            "common_shares": 314230,
            "book_valuer_per_share": 14.93,
            "book_valuer_per_share_4q_avg": 11.06,
            "equity": 469148,
            "current_ratio": 279.06,
            "debt_ratio": 26.54,
            "inventory_turnover_ratio": 0.97,
            "account_receivable_turnover_ratio": 3.99,
            "reinvestment_rate": null,
            "research_to_sale_ratio": null,
            "price_fair": 0,
            "eps_avg_yearly": 0,
            "eps_latest_yearly": 0,
            "eps_growth_yearly": 0
        },
        "20143": {
            "year_quarter": 20143,
            "year": 2014,
            "quarter": 3,
            "eps": null,
            "eps_growth_year": null,
            "eps_4q": null,
            "eps_4q_growth_year": null,
            "roe": null,
            "roe_4q": 1.68,
            "gross_profit": 45467,
            "gross_margin": null,
            "gross_margin_4q_avg": 6.07,
            "net_income": 14607,
            "revenue": 184969,
            "common_shares": 314230,
            "book_valuer_per_share": 15.39,
            "book_valuer_per_share_4q_avg": 14.91,
            "equity": 483755,
            "current_ratio": 237.69,
            "debt_ratio": 29.94,
            "inventory_turnover_ratio": null,
            "account_receivable_turnover_ratio": null,
            "reinvestment_rate": null,
            "research_to_sale_ratio": null,
            "price_fair": 0,
            "eps_avg_yearly": 0,
            "eps_latest_yearly": 0,
            "eps_growth_yearly": 0
        },
        "20144": {
            "year_quarter": 20144,
            "year": 2014,
            "quarter": 4,
            "eps": null,
            "eps_growth_year": null,
            "eps_4q": null,
            "eps_4q_growth_year": null,
            "roe": null,
            "roe_4q": 1.68,
            "gross_profit": 45779,
            "gross_margin": null,
            "gross_margin_4q_avg": 6.07,
            "net_income": 14601,
            "revenue": 192033,
            "common_shares": 314230,
            "book_valuer_per_share": 15.86,
            "book_valuer_per_share_4q_avg": 15.27,
            "equity": 498251,
            "current_ratio": 233.74,
            "debt_ratio": 30.92,
            "inventory_turnover_ratio": null,
            "account_receivable_turnover_ratio": null,
            "reinvestment_rate": null,
            "research_to_sale_ratio": null,
            "price_fair": 0,
            "eps_avg_yearly": 0,
            "eps_latest_yearly": 0,
            "eps_growth_yearly": 0
        },
        "20151": {
            "year_quarter": 20151,
            "year": 2015,
            "quarter": 1,
            "eps": 0.24,
            "eps_growth_year": null,
            "eps_4q": 0.49,
            "eps_4q_growth_year": null,
            "roe": 1.51,
            "roe_4q": 3.19,
            "gross_profit": 43377,
            "gross_margin": 20.58,
            "gross_margin_4q_avg": 11.21,
            "net_income": 7569,
            "revenue": 210769,
            "common_shares": 314230,
            "book_valuer_per_share": 16.1,
            "book_valuer_per_share_4q_avg": 15.57,
            "equity": 505820,
            "current_ratio": 252.19,
            "debt_ratio": 31.28,
            "inventory_turnover_ratio": 0.91,
            "account_receivable_turnover_ratio": 1.77,
            "reinvestment_rate": null,
            "research_to_sale_ratio": 5.58,
            "price_fair": 0,
            "eps_avg_yearly": 0,
            "eps_latest_yearly": 0,
            "eps_growth_yearly": 0
        },
        "20152": {
            "year_quarter": 20152,
            "year": 2015,
            "quarter": 2,
            "eps": 0.6,
            "eps_growth_year": 139.41,
            "eps_4q": 0.84,
            "eps_4q_growth_year": null,
            "roe": 3.76,
            "roe_4q": 5.27,
            "gross_profit": 62100,
            "gross_margin": 23.51,
            "gross_margin_4q_avg": 11.02,
            "net_income": 18889,
            "revenue": 264142,
            "common_shares": 314230,
            "book_valuer_per_share": 15.9,
            "book_valuer_per_share_4q_avg": 15.81,
            "equity": 499571,
            "current_ratio": 226.35,
            "debt_ratio": 34.83,
            "inventory_turnover_ratio": 1.07,
            "account_receivable_turnover_ratio": 1.94,
            "reinvestment_rate": null,
            "research_to_sale_ratio": 4.8,
            "price_fair": 84,
            "eps_avg_yearly": 2.4,
            "eps_latest_yearly": 2.4,
            "eps_growth_yearly": 600
        },
        "20153": {
            "year_quarter": 20153,
            "year": 2015,
            "quarter": 3,
            "eps": 1.04,
            "eps_growth_year": null,
            "eps_4q": 1.88,
            "eps_4q_growth_year": null,
            "roe": 6.35,
            "roe_4q": 11.62,
            "gross_profit": 65205,
            "gross_margin": 24.74,
            "gross_margin_4q_avg": 17.21,
            "net_income": 32755,
            "revenue": 263513,
            "common_shares": 314230,
            "book_valuer_per_share": 16.94,
            "book_valuer_per_share_4q_avg": 16.2,
            "equity": 532326,
            "current_ratio": 267.86,
            "debt_ratio": 29.95,
            "inventory_turnover_ratio": 1.06,
            "account_receivable_turnover_ratio": 1.72,
            "reinvestment_rate": null,
            "research_to_sale_ratio": 4.94,
            "price_fair": 114.8,
            "eps_avg_yearly": 3.28,
            "eps_latest_yearly": 4.16,
            "eps_growth_yearly": 446.67
        },
        "20154": {
            "year_quarter": 20154,
            "year": 2015,
            "quarter": 4,
            "eps": 0.62,
            "eps_growth_year": null,
            "eps_4q": 2.28,
            "eps_4q_growth_year": null,
            "roe": 3.64,
            "roe_4q": 15.26,
            "gross_profit": 63441,
            "gross_margin": 27.56,
            "gross_margin_4q_avg": 24.1,
            "net_income": 22002,
            "revenue": 230183,
            "common_shares": 356140,
            "book_valuer_per_share": 18.99,
            "book_valuer_per_share_4q_avg": 16.98,
            "equity": 676418,
            "current_ratio": 351.56,
            "debt_ratio": 24.11,
            "inventory_turnover_ratio": 0.87,
            "account_receivable_turnover_ratio": 1.72,
            "reinvestment_rate": null,
            "research_to_sale_ratio": 6.2,
            "price_fair": 105.47,
            "eps_avg_yearly": 3.01,
            "eps_latest_yearly": 2.48,
            "eps_growth_yearly": 243.93
        },
        "20161": {
            "year_quarter": 20161,
            "year": 2016,
            "quarter": 1,
            "eps": 0.39,
            "eps_growth_year": 62.5,
            "eps_4q": 2.46,
            "eps_4q_growth_year": 400.2,
            "roe": 2.04,
            "roe_4q": 15.79,
            "gross_profit": 52928,
            "gross_margin": 25.97,
            "gross_margin_4q_avg": 25.45,
            "net_income": 13908,
            "revenue": 203809,
            "common_shares": 356140,
            "book_valuer_per_share": 19.38,
            "book_valuer_per_share_4q_avg": 17.8,
            "equity": 690354,
            "current_ratio": 400.94,
            "debt_ratio": 21.29,
            "inventory_turnover_ratio": 0.79,
            "account_receivable_turnover_ratio": 1.75,
            "reinvestment_rate": null,
            "research_to_sale_ratio": 6.41,
            "price_fair": 92.75,
            "eps_avg_yearly": 2.65,
            "eps_latest_yearly": 1.56,
            "eps_growth_yearly": 145.85
        },
        "20162": {
            "year_quarter": 20162,
            "year": 2016,
            "quarter": 2,
            "eps": 0.52,
            "eps_growth_year": -13.33,
            "eps_4q": 2.45,
            "eps_4q_growth_year": 191.07,
            "roe": 2.77,
            "roe_4q": 14.8,
            "gross_profit": 63641,
            "gross_margin": 27.43,
            "gross_margin_4q_avg": 26.43,
            "net_income": 18619,
            "revenue": 231979,
            "common_shares": 356140,
            "book_valuer_per_share": 18.42,
            "book_valuer_per_share_4q_avg": 18.43,
            "equity": 655967,
            "current_ratio": 290.01,
            "debt_ratio": 28.89,
            "inventory_turnover_ratio": 0.87,
            "account_receivable_turnover_ratio": 1.83,
            "reinvestment_rate": null,
            "research_to_sale_ratio": 6.22,
            "price_fair": 88.76,
            "eps_avg_yearly": 2.54,
            "eps_latest_yearly": 2.08,
            "eps_growth_yearly": 143.35
        },
        "20163": {
            "year_quarter": 20163,
            "year": 2016,
            "quarter": 3,
            "eps": 0.72,
            "eps_growth_year": -30.77,
            "eps_4q": 2.25,
            "eps_4q_growth_year": 19.26,
            "roe": 3.81,
            "roe_4q": 12.260000000000002,
            "gross_profit": 77180,
            "gross_margin": 29.91,
            "gross_margin_4q_avg": 27.72,
            "net_income": 25506,
            "revenue": 258069,
            "common_shares": 356140,
            "book_valuer_per_share": 19.13,
            "book_valuer_per_share_4q_avg": 18.98,
            "equity": 681417,
            "current_ratio": 376.18,
            "debt_ratio": 22.56,
            "inventory_turnover_ratio": 0.92,
            "account_receivable_turnover_ratio": 1.78,
            "reinvestment_rate": null,
            "research_to_sale_ratio": 5.4,
            "price_fair": 90.77,
            "eps_avg_yearly": 2.59,
            "eps_latest_yearly": 2.88,
            "eps_growth_yearly": 145.1
        },
        "20164": {
            "year_quarter": 20164,
            "year": 2016,
            "quarter": 4,
            "eps": 0.9,
            "eps_growth_year": 45.36,
            "eps_4q": 2.53,
            "eps_4q_growth_year": 10.84,
            "roe": 4.59,
            "roe_4q": 13.21,
            "gross_profit": 78201,
            "gross_margin": 30.6,
            "gross_margin_4q_avg": 28.48,
            "net_income": 31982,
            "revenue": 255593,
            "common_shares": 356140,
            "book_valuer_per_share": 19.99,
            "book_valuer_per_share_4q_avg": 19.23,
            "equity": 712052,
            "current_ratio": 358.13,
            "debt_ratio": 23.79,
            "inventory_turnover_ratio": 0.93,
            "account_receivable_turnover_ratio": 1.61,
            "reinvestment_rate": null,
            "research_to_sale_ratio": 5.24,
            "price_fair": 95.8,
            "eps_avg_yearly": 2.74,
            "eps_latest_yearly": 3.6,
            "eps_growth_yearly": 138.66
        },
        "20171": {
            "year_quarter": 20171,
            "year": 2017,
            "quarter": 1,
            "eps": 0.29,
            "eps_growth_year": -25.64,
            "eps_4q": 2.42,
            "eps_4q_growth_year": -1.48,
            "roe": 1.42,
            "roe_4q": 12.59,
            "gross_profit": 60140,
            "gross_margin": 25.64,
            "gross_margin_4q_avg": 28.4,
            "net_income": 10152,
            "revenue": 234578,
            "common_shares": 356140,
            "book_valuer_per_share": 20.28,
            "book_valuer_per_share_4q_avg": 19.46,
            "equity": 722165,
            "current_ratio": 401.72,
            "debt_ratio": 21.25,
            "inventory_turnover_ratio": 0.95,
            "account_receivable_turnover_ratio": 1.59,
            "reinvestment_rate": null,
            "research_to_sale_ratio": 5.65,
            "price_fair": 88.9,
            "eps_avg_yearly": 2.54,
            "eps_latest_yearly": 1.16,
            "eps_growth_yearly": 87.43
        },
        "20172": {
            "year_quarter": 20172,
            "year": 2017,
            "quarter": 2,
            "eps": 0.4,
            "eps_growth_year": -23.08,
            "eps_4q": 2.3,
            "eps_4q_growth_year": -6.28,
            "roe": 2.02,
            "roe_4q": 11.84,
            "gross_profit": 60399,
            "gross_margin": 27.38,
            "gross_margin_4q_avg": 28.38,
            "net_income": 14163,
            "revenue": 220580,
            "common_shares": 356140,
            "book_valuer_per_share": 19.17,
            "book_valuer_per_share_4q_avg": 19.64,
            "equity": 682897,
            "current_ratio": 306.41,
            "debt_ratio": 27.48,
            "inventory_turnover_ratio": 0.87,
            "account_receivable_turnover_ratio": 1.71,
            "reinvestment_rate": null,
            "research_to_sale_ratio": 6.81,
            "price_fair": 85.24,
            "eps_avg_yearly": 2.44,
            "eps_latest_yearly": 1.6,
            "eps_growth_yearly": 94.58
        },
        "20173": {
            "year_quarter": 20173,
            "year": 2017,
            "quarter": 3,
            "eps": 0.28,
            "eps_growth_year": -61.11,
            "eps_4q": 1.86,
            "eps_4q_growth_year": -17.11,
            "roe": 1.46,
            "roe_4q": 9.49,
            "gross_profit": 51897,
            "gross_margin": 25.72,
            "gross_margin_4q_avg": 27.34,
            "net_income": 10044,
            "revenue": 201760,
            "common_shares": 356140,
            "book_valuer_per_share": 19.46,
            "book_valuer_per_share_4q_avg": 19.73,
            "equity": 692957,
            "current_ratio": 318.96,
            "debt_ratio": 21.08,
            "inventory_turnover_ratio": 0.8,
            "account_receivable_turnover_ratio": 1.66,
            "reinvestment_rate": null,
            "research_to_sale_ratio": 7.89,
            "price_fair": 80.64,
            "eps_avg_yearly": 2.3,
            "eps_latest_yearly": 1.12,
            "eps_growth_yearly": 73.12
        },
        "20174": {
            "year_quarter": 20174,
            "year": 2017,
            "quarter": 4,
            "eps": 0.36,
            "eps_growth_year": -59.61,
            "eps_4q": 1.33,
            "eps_4q_growth_year": -47.48,
            "roe": 1.85,
            "roe_4q": 6.75,
            "gross_profit": 59169,
            "gross_margin": 25.39,
            "gross_margin_4q_avg": 26.03,
            "net_income": 12916,
            "revenue": 233056,
            "common_shares": 356140,
            "book_valuer_per_share": 19.81,
            "book_valuer_per_share_4q_avg": 19.68,
            "equity": 705650,
            "current_ratio": 280.55,
            "debt_ratio": 35.05,
            "inventory_turnover_ratio": 0.92,
            "account_receivable_turnover_ratio": 1.76,
            "reinvestment_rate": 110.52,
            "research_to_sale_ratio": 7.32,
            "price_fair": 77.89,
            "eps_avg_yearly": 2.23,
            "eps_latest_yearly": 1.44,
            "eps_growth_yearly": 76.86
        },
        "20181": {
            "year_quarter": 20181,
            "year": 2018,
            "quarter": 1,
            "eps": 0.21,
            "eps_growth_year": -27.59,
            "eps_4q": 1.25,
            "eps_4q_growth_year": -48.44,
            "roe": 1.04,
            "roe_4q": 6.369999999999999,
            "gross_profit": 48238,
            "gross_margin": 22.88,
            "gross_margin_4q_avg": 25.34,
            "net_income": 7349,
            "revenue": 210861,
            "common_shares": 356140,
            "book_valuer_per_share": 20.03,
            "book_valuer_per_share_4q_avg": 19.62,
            "equity": 713171,
            "current_ratio": 327.09,
            "debt_ratio": 32.25,
            "inventory_turnover_ratio": 0.87,
            "account_receivable_turnover_ratio": 1.58,
            "reinvestment_rate": 115.7,
            "research_to_sale_ratio": 7.15,
            "price_fair": 73.85,
            "eps_avg_yearly": 2.11,
            "eps_latest_yearly": 0.84,
            "eps_growth_yearly": 56.57
        },
        "20182": {
            "year_quarter": 20182,
            "year": 2018,
            "quarter": 2,
            "eps": 0.27,
            "eps_growth_year": -32.5,
            "eps_4q": 1.12,
            "eps_4q_growth_year": -51.36,
            "roe": 1.34,
            "roe_4q": 5.69,
            "gross_profit": 49194,
            "gross_margin": 23.49,
            "gross_margin_4q_avg": 24.37,
            "net_income": 9476,
            "revenue": 209448,
            "common_shares": 356140,
            "book_valuer_per_share": 19.59,
            "book_valuer_per_share_4q_avg": 19.72,
            "equity": 697746,
            "current_ratio": 265.22,
            "debt_ratio": 36.12,
            "inventory_turnover_ratio": 0.83,
            "account_receivable_turnover_ratio": 1.62,
            "reinvestment_rate": 116.05,
            "research_to_sale_ratio": 7.81,
            "price_fair": 71.08,
            "eps_avg_yearly": 2.03,
            "eps_latest_yearly": 1.08,
            "eps_growth_yearly": 61.01
        },
        "20183": {
            "year_quarter": 20183,
            "year": 2018,
            "quarter": 3,
            "eps": 0.46,
            "eps_growth_year": 64.29,
            "eps_4q": 1.29,
            "eps_4q_growth_year": -30.48,
            "roe": 2.32,
            "roe_4q": 6.550000000000001,
            "gross_profit": 62467,
            "gross_margin": 27.9,
            "gross_margin_4q_avg": 24.92,
            "net_income": 16378,
            "revenue": 223912,
            "common_shares": 356140,
            "book_valuer_per_share": 20.05,
            "book_valuer_per_share_4q_avg": 19.87,
            "equity": 714075,
            "current_ratio": 328.02,
            "debt_ratio": 38.58,
            "inventory_turnover_ratio": 0.78,
            "account_receivable_turnover_ratio": 1.7,
            "reinvestment_rate": 105.7,
            "research_to_sale_ratio": 7.71,
            "price_fair": 70.6,
            "eps_avg_yearly": 2.02,
            "eps_latest_yearly": 1.84,
            "eps_growth_yearly": 76.76
        },
        "20184": {
            "year_quarter": 20184,
            "year": 2018,
            "quarter": 4,
            "eps": 0.27,
            "eps_growth_year": -25.05,
            "eps_4q": 1.2,
            "eps_4q_growth_year": -9.29,
            "roe": 1.35,
            "roe_4q": 6.05,
            "gross_profit": 50361,
            "gross_margin": 22.05,
            "gross_margin_4q_avg": 24.08,
            "net_income": 9680,
            "revenue": 228406,
            "common_shares": 356140,
            "book_valuer_per_share": 20.32,
            "book_valuer_per_share_4q_avg": 20,
            "equity": 723600,
            "current_ratio": 311.7,
            "debt_ratio": 38.96,
            "inventory_turnover_ratio": 0.85,
            "account_receivable_turnover_ratio": 1.76,
            "reinvestment_rate": 106.9,
            "research_to_sale_ratio": 7.35,
            "price_fair": 68.41,
            "eps_avg_yearly": 1.95,
            "eps_latest_yearly": 1.08,
            "eps_growth_yearly": 60.62
        },
        "20191": {
            "year_quarter": 20191,
            "year": 2019,
            "quarter": 1,
            "eps": 0.37,
            "eps_growth_year": 76.19,
            "eps_4q": 1.37,
            "eps_4q_growth_year": 9.43,
            "roe": 1.8,
            "roe_4q": 6.8100000000000005,
            "gross_profit": 55412,
            "gross_margin": 26.6,
            "gross_margin_4q_avg": 25.01,
            "net_income": 13130,
            "revenue": 208316,
            "common_shares": 356140,
            "book_valuer_per_share": 20.69,
            "book_valuer_per_share_4q_avg": 20.16,
            "equity": 736738,
            "current_ratio": 309.19,
            "debt_ratio": 39.58,
            "inventory_turnover_ratio": 0.69,
            "account_receivable_turnover_ratio": 1.6,
            "reinvestment_rate": 103.25,
            "research_to_sale_ratio": 7.82,
            "price_fair": 67.38,
            "eps_avg_yearly": 1.93,
            "eps_latest_yearly": 1.48,
            "eps_growth_yearly": 66.09
        },
        "20192": {
            "year_quarter": 20192,
            "year": 2019,
            "quarter": 2,
            "eps": 0.65,
            "eps_growth_year": 140.74,
            "eps_4q": 1.75,
            "eps_4q_growth_year": 56.97,
            "roe": 3.15,
            "roe_4q": 8.620000000000001,
            "gross_profit": 68958,
            "gross_margin": 26.59,
            "gross_margin_4q_avg": 25.79,
            "net_income": 23263,
            "revenue": 259290,
            "common_shares": 356140,
            "book_valuer_per_share": 20.74,
            "book_valuer_per_share_4q_avg": 20.45,
            "equity": 738631,
            "current_ratio": 279.52,
            "debt_ratio": 41.01,
            "inventory_turnover_ratio": 0.8,
            "account_receivable_turnover_ratio": 1.81,
            "reinvestment_rate": 104.79,
            "research_to_sale_ratio": 6.95,
            "price_fair": 67.81,
            "eps_avg_yearly": 1.94,
            "eps_latest_yearly": 2.6,
            "eps_growth_yearly": 47.51
        },
        "20193": {
            "year_quarter": 20193,
            "year": 2019,
            "quarter": 3,
            "eps": 0.63,
            "eps_growth_year": 36.96,
            "eps_4q": 1.92,
            "eps_4q_growth_year": 48.49,
            "roe": 2.99,
            "roe_4q": 9.290000000000001,
            "gross_profit": 69069,
            "gross_margin": 25.79,
            "gross_margin_4q_avg": 25.26,
            "net_income": 22411,
            "revenue": 267856,
            "common_shares": 356140,
            "book_valuer_per_share": 21.37,
            "book_valuer_per_share_4q_avg": 20.78,
            "equity": 761048,
            "current_ratio": 332.57,
            "debt_ratio": 37.71,
            "inventory_turnover_ratio": 0.9,
            "account_receivable_turnover_ratio": 1.76,
            "reinvestment_rate": 111.76,
            "research_to_sale_ratio": 6.25,
            "price_fair": 64.23,
            "eps_avg_yearly": 1.84,
            "eps_latest_yearly": 2.52,
            "eps_growth_yearly": 28.41
        },
        "20194": {
            "year_quarter": 20194,
            "year": 2019,
            "quarter": 4,
            "eps": 0.54,
            "eps_growth_year": 98.69,
            "eps_4q": 2.19,
            "eps_4q_growth_year": 81.98,
            "roe": 2.5,
            "roe_4q": 10.440000000000001,
            "gross_profit": 72234,
            "gross_margin": 26.19,
            "gross_margin_4q_avg": 26.29,
            "net_income": 19233,
            "revenue": 275783,
            "common_shares": 356140,
            "book_valuer_per_share": 21.89,
            "book_valuer_per_share_4q_avg": 21.17,
            "equity": 779708,
            "current_ratio": 313.54,
            "debt_ratio": 38.35,
            "inventory_turnover_ratio": 1.02,
            "account_receivable_turnover_ratio": 1.83,
            "reinvestment_rate": 113.21,
            "research_to_sale_ratio": 6.5,
            "price_fair": 63.53,
            "eps_avg_yearly": 1.82,
            "eps_latest_yearly": 2.16,
            "eps_growth_yearly": 34.94
        },
        "20201": {
            "year_quarter": 20201,
            "year": 2020,
            "quarter": 1,
            "eps": 0.76,
            "eps_growth_year": 105.41,
            "eps_4q": 2.58,
            "eps_4q_growth_year": 88.87,
            "roe": 3.4,
            "roe_4q": 12.040000000000001,
            "gross_profit": 70983,
            "gross_margin": 27.31,
            "gross_margin_4q_avg": 26.47,
            "net_income": 27003,
            "revenue": 259953,
            "common_shares": 356140,
            "book_valuer_per_share": 22.66,
            "book_valuer_per_share_4q_avg": 21.67,
            "equity": 806840,
            "current_ratio": 315.77,
            "debt_ratio": 37.84,
            "inventory_turnover_ratio": 0.94,
            "account_receivable_turnover_ratio": 1.59,
            "reinvestment_rate": 113.78,
            "research_to_sale_ratio": 6.45,
            "price_fair": 66.76,
            "eps_avg_yearly": 1.91,
            "eps_latest_yearly": 3.04,
            "eps_growth_yearly": 54.4
        },
        "20202": {
            "year_quarter": 20202,
            "year": 2020,
            "quarter": 2,
            "eps": 0.73,
            "eps_growth_year": 12.31,
            "eps_4q": 2.65,
            "eps_4q_growth_year": 51.34,
            "roe": 3.23,
            "roe_4q": 12.12,
            "gross_profit": 71832,
            "gross_margin": 29.11,
            "gross_margin_4q_avg": 27.1,
            "net_income": 25866,
            "revenue": 246724,
            "common_shares": 356140,
            "book_valuer_per_share": 22.28,
            "book_valuer_per_share_4q_avg": 22.05,
            "equity": 793436,
            "current_ratio": 284.35,
            "debt_ratio": 40.04,
            "inventory_turnover_ratio": 0.8,
            "account_receivable_turnover_ratio": 1.52,
            "reinvestment_rate": 110.84,
            "research_to_sale_ratio": 6.8,
            "price_fair": 68.6,
            "eps_avg_yearly": 1.96,
            "eps_latest_yearly": 2.92,
            "eps_growth_yearly": 45.08
        },
        "20203": {
            "year_quarter": 20203,
            "year": 2020,
            "quarter": 3,
            "eps": 0.61,
            "eps_growth_year": -3.17,
            "eps_4q": 2.64,
            "eps_4q_growth_year": 37.23,
            "roe": 2.72,
            "roe_4q": 11.85,
            "gross_profit": 64823,
            "gross_margin": 26.61,
            "gross_margin_4q_avg": 27.31,
            "net_income": 21882,
            "revenue": 243601,
            "common_shares": 356140,
            "book_valuer_per_share": 22.89,
            "book_valuer_per_share_4q_avg": 22.43,
            "equity": 815302,
            "current_ratio": 358.6,
            "debt_ratio": 34.85,
            "inventory_turnover_ratio": 0.87,
            "account_receivable_turnover_ratio": 1.7,
            "reinvestment_rate": 137.29,
            "research_to_sale_ratio": 6.54,
            "price_fair": 67.64,
            "eps_avg_yearly": 1.93,
            "eps_latest_yearly": 2.44,
            "eps_growth_yearly": 31.35
        },
        "20204": {
            "year_quarter": 20204,
            "year": 2020,
            "quarter": 4,
            "eps": 0.59,
            "eps_growth_year": 10.15,
            "eps_4q": 2.69,
            "eps_4q_growth_year": 22.94,
            "roe": 2.57,
            "roe_4q": 11.92,
            "gross_profit": 67994,
            "gross_margin": 28,
            "gross_margin_4q_avg": 27.76,
            "net_income": 21186,
            "revenue": 242823,
            "common_shares": 356140,
            "book_valuer_per_share": 23.48,
            "book_valuer_per_share_4q_avg": 22.83,
            "equity": 836353,
            "current_ratio": 299.39,
            "debt_ratio": 36.75,
            "inventory_turnover_ratio": 0.95,
            "account_receivable_turnover_ratio": 1.84,
            "reinvestment_rate": 140.61,
            "research_to_sale_ratio": 6.82,
            "price_fair": 63.59,
            "eps_avg_yearly": 1.86,
            "eps_latest_yearly": 2.36,
            "eps_growth_yearly": 24.28
        },
        "20211": {
            "year_quarter": 20211,
            "year": 2021,
            "quarter": 1,
            "eps": 0.61,
            "eps_growth_year": -19.74,
            "eps_4q": 2.54,
            "eps_4q_growth_year": -1.54,
            "roe": 2.55,
            "roe_4q": 11.07,
            "gross_profit": 67161,
            "gross_margin": 27.89,
            "gross_margin_4q_avg": 27.9,
            "net_income": 21560,
            "revenue": 240773,
            "common_shares": 356140,
            "book_valuer_per_share": 24.08,
            "book_valuer_per_share_4q_avg": 23.18,
            "equity": 857429,
            "current_ratio": 272.03,
            "debt_ratio": 41.16,
            "inventory_turnover_ratio": 0.83,
            "account_receivable_turnover_ratio": 1.83,
            "reinvestment_rate": 168.14,
            "research_to_sale_ratio": 6.41,
            "price_fair": 67.73,
            "eps_avg_yearly": 1.94,
            "eps_latest_yearly": 2.44,
            "eps_growth_yearly": 42.07
        },
        "20212": {
            "year_quarter": 20212,
            "year": 2021,
            "quarter": 2,
            "eps": 0.73,
            "eps_growth_year": 0,
            "eps_4q": 2.55,
            "eps_4q_growth_year": -3.96,
            "roe": 3,
            "roe_4q": 10.84,
            "gross_profit": 72815,
            "gross_margin": 28.19,
            "gross_margin_4q_avg": 27.67,
            "net_income": 26141,
            "revenue": 258280,
            "common_shares": 356140,
            "book_valuer_per_share": 24.8,
            "book_valuer_per_share_4q_avg": 23.81,
            "equity": 883390,
            "current_ratio": 259.94,
            "debt_ratio": 40.75,
            "inventory_turnover_ratio": 0.78,
            "account_receivable_turnover_ratio": 1.94,
            "reinvestment_rate": 181.46,
            "research_to_sale_ratio": 6.48,
            "price_fair": 70.61,
            "eps_avg_yearly": 2.02,
            "eps_latest_yearly": 2.92,
            "eps_growth_yearly": 37.51
        },
        "20213": {
            "year_quarter": 20213,
            "year": 2021,
            "quarter": 3,
            "eps": 0.83,
            "eps_growth_year": 36.07,
            "eps_4q": 2.33,
            "eps_4q_growth_year": -11.76,
            "roe": 2.75,
            "roe_4q": 10.870000000000001,
            "gross_profit": 82536,
            "gross_margin": 28.93,
            "gross_margin_4q_avg": 28.25,
            "net_income": 29553,
            "revenue": 285316,
            "common_shares": 422740,
            "book_valuer_per_share": 30.03,
            "book_valuer_per_share_4q_avg": 25.6,
            "equity": 1269328,
            "current_ratio": 417.18,
            "debt_ratio": 33.95,
            "inventory_turnover_ratio": 0.81,
            "account_receivable_turnover_ratio": 2.05,
            "reinvestment_rate": 176.99,
            "research_to_sale_ratio": 6.91,
            "price_fair": 75.43,
            "eps_avg_yearly": 2.16,
            "eps_latest_yearly": 3.32,
            "eps_growth_yearly": 48.43
        },
        "20214": {
            "year_quarter": 20214,
            "year": 2021,
            "quarter": 4,
            "eps": 0.84,
            "eps_growth_year": 40.99,
            "eps_4q": 2.67,
            "eps_4q_growth_year": -1.03,
            "roe": 2.75,
            "roe_4q": 11.05,
            "gross_profit": 89289,
            "gross_margin": 29.44,
            "gross_margin_4q_avg": 28.61,
            "net_income": 35455,
            "revenue": 303308,
            "common_shares": 422740,
            "book_valuer_per_share": 30.86,
            "book_valuer_per_share_4q_avg": 27.44,
            "equity": 1304677,
            "current_ratio": 261.86,
            "debt_ratio": 27.82,
            "inventory_turnover_ratio": 0.73,
            "account_receivable_turnover_ratio": 1.89,
            "reinvestment_rate": 80.17,
            "research_to_sale_ratio": 8.29,
            "price_fair": 79.63,
            "eps_avg_yearly": 2.28,
            "eps_latest_yearly": 3.36,
            "eps_growth_yearly": 41.59
        },
        "20221": {
            "year_quarter": 20221,
            "year": 2022,
            "quarter": 1,
            "eps": 0.54,
            "eps_growth_year": -11.48,
            "eps_4q": 2.7,
            "eps_4q_growth_year": 6.27,
            "roe": 1.75,
            "roe_4q": 10.25,
            "gross_profit": 65821,
            "gross_margin": 25.02,
            "gross_margin_4q_avg": 27.9,
            "net_income": 23001,
            "revenue": 263108,
            "common_shares": 422740,
            "book_valuer_per_share": 31.4,
            "book_valuer_per_share_4q_avg": 29.27,
            "equity": 1327561,
            "current_ratio": 300.03,
            "debt_ratio": 25.65,
            "inventory_turnover_ratio": 0.58,
            "account_receivable_turnover_ratio": 1.62,
            "reinvestment_rate": 94.77,
            "research_to_sale_ratio": 6.91,
            "price_fair": 82.51,
            "eps_avg_yearly": 2.36,
            "eps_latest_yearly": 2.16,
            "eps_growth_yearly": 43.08
        },
        "20222": {
            "year_quarter": 20222,
            "year": 2022,
            "quarter": 2,
            "eps": 0.95,
            "eps_growth_year": 30.14,
            "eps_4q": 3.04,
            "eps_4q_growth_year": 19.08,
            "roe": 3.06,
            "roe_4q": 10.31,
            "gross_profit": 90763,
            "gross_margin": 29.19,
            "gross_margin_4q_avg": 28.15,
            "net_income": 40294,
            "revenue": 310916,
            "common_shares": 422740,
            "book_valuer_per_share": 30.85,
            "book_valuer_per_share_4q_avg": 30.79,
            "equity": 1304121,
            "current_ratio": 232.54,
            "debt_ratio": 33.14,
            "inventory_turnover_ratio": 0.59,
            "account_receivable_turnover_ratio": 2.32,
            "reinvestment_rate": 105.13,
            "research_to_sale_ratio": 7.13,
            "price_fair": 88.46,
            "eps_avg_yearly": 2.53,
            "eps_latest_yearly": 3.8,
            "eps_growth_yearly": 54.92
        },
        "20223": {
            "year_quarter": 20223,
            "year": 2022,
            "quarter": 3,
            "eps": 1.65,
            "eps_growth_year": 98.8,
            "eps_4q": 3.99,
            "eps_4q_growth_year": 71.17,
            "roe": 5.21,
            "roe_4q": 12.77,
            "gross_profit": 127808,
            "gross_margin": 34.36,
            "gross_margin_4q_avg": 29.5,
            "net_income": 69747,
            "revenue": 371914,
            "common_shares": 422740,
            "book_valuer_per_share": 32.5,
            "book_valuer_per_share_4q_avg": 31.4,
            "equity": 1373931,
            "current_ratio": 261.19,
            "debt_ratio": 35.41,
            "inventory_turnover_ratio": 0.6,
            "account_receivable_turnover_ratio": 2.84,
            "reinvestment_rate": 104.9,
            "research_to_sale_ratio": 5.54,
            "price_fair": 98.88,
            "eps_avg_yearly": 2.83,
            "eps_latest_yearly": 6.6,
            "eps_growth_yearly": 55.75
        },
        "20224": {
            "year_quarter": 20224,
            "year": 2022,
            "quarter": 4,
            "eps": 1.36,
            "eps_growth_year": 61.83,
            "eps_4q": 4.5,
            "eps_4q_growth_year": 68.95,
            "roe": 4.09,
            "roe_4q": 14.110000000000001,
            "gross_profit": 132105,
            "gross_margin": 35.79,
            "gross_margin_4q_avg": 31.09,
            "net_income": 57377,
            "revenue": 369150,
            "common_shares": 422740,
            "book_valuer_per_share": 33.89,
            "book_valuer_per_share_4q_avg": 32.16,
            "equity": 1432528,
            "current_ratio": 235.77,
            "debt_ratio": 38.77,
            "inventory_turnover_ratio": 0.54,
            "account_receivable_turnover_ratio": 2.83,
            "reinvestment_rate": 127.55,
            "research_to_sale_ratio": 6.48,
            "price_fair": 108.41,
            "eps_avg_yearly": 3.1,
            "eps_latest_yearly": 5.44,
            "eps_growth_yearly": 61.68
        },
        "20231": {
            "year_quarter": 20231,
            "year": 2023,
            "quarter": 1,
            "eps": 0.95,
            "eps_growth_year": 75.93,
            "eps_4q": 4.91,
            "eps_4q_growth_year": 81.93,
            "roe": 2.77,
            "roe_4q": 15.13,
            "gross_profit": 104413,
            "gross_margin": 31.66,
            "gross_margin_4q_avg": 32.75,
            "net_income": 40250,
            "revenue": 329799,
            "common_shares": 422740,
            "book_valuer_per_share": 34.84,
            "book_valuer_per_share_4q_avg": 33.02,
            "equity": 1472783,
            "current_ratio": 262.03,
            "debt_ratio": 37.89,
            "inventory_turnover_ratio": 0.48,
            "account_receivable_turnover_ratio": 2.9,
            "reinvestment_rate": 136.77,
            "research_to_sale_ratio": 5.87,
            "price_fair": 113.49,
            "eps_avg_yearly": 3.24,
            "eps_latest_yearly": 3.8,
            "eps_growth_yearly": 44.88
        }
    },
    "months": {
        "2013-03": {
            "month": "2013-03",
            "price": "25.43",
            "revenue": 50508
        },
        "2013-04": {
            "month": "2013-04",
            "price": "26.43",
            "revenue": 51311
        },
        "2013-05": {
            "month": "2013-05",
            "price": "25.72",
            "revenue": 56185
        },
        "2013-06": {
            "month": "2013-06",
            "price": "26.66",
            "revenue": 53917
        },
        "2013-07": {
            "month": "2013-07",
            "price": "24.44",
            "revenue": 59732
        },
        "2013-08": {
            "month": "2013-08",
            "price": "24.13",
            "revenue": 53242
        },
        "2013-09": {
            "month": "2013-09",
            "price": "23.16",
            "revenue": 63987
        },
        "2013-10": {
            "month": "2013-10",
            "price": "18.35",
            "revenue": 53485
        },
        "2013-11": {
            "month": "2013-11",
            "price": "13.65",
            "revenue": 58155
        },
        "2013-12": {
            "month": "2013-12",
            "price": "13.38",
            "revenue": 58962
        },
        "2014-01": {
            "month": "2014-01",
            "price": "15.10",
            "revenue": 52694
        },
        "2014-02": {
            "month": "2014-02",
            "price": "14.37",
            "revenue": 56116
        },
        "2014-03": {
            "month": "2014-03",
            "price": "14.30",
            "revenue": 64271
        },
        "2014-04": {
            "month": "2014-04",
            "price": "18.39",
            "revenue": 53534
        },
        "2014-05": {
            "month": "2014-05",
            "price": "18.36",
            "revenue": 64377
        },
        "2014-06": {
            "month": "2014-06",
            "price": "19.05",
            "revenue": 55680
        },
        "2014-07": {
            "month": "2014-07",
            "price": "19.02",
            "revenue": 63195
        },
        "2014-08": {
            "month": "2014-08",
            "price": "19.94",
            "revenue": 63597
        },
        "2014-09": {
            "month": "2014-09",
            "price": "26.45",
            "revenue": 58177
        },
        "2014-10": {
            "month": "2014-10",
            "price": "29.00",
            "revenue": 60792
        },
        "2014-11": {
            "month": "2014-11",
            "price": "30.16",
            "revenue": 60995
        },
        "2014-12": {
            "month": "2014-12",
            "price": "34.85",
            "revenue": 70246
        },
        "2015-01": {
            "month": "2015-01",
            "price": "34.08",
            "revenue": 69084
        },
        "2015-02": {
            "month": "2015-02",
            "price": "34.17",
            "revenue": 61794
        },
        "2015-03": {
            "month": "2015-03",
            "price": "37.90",
            "revenue": 79891
        },
        "2015-04": {
            "month": "2015-04",
            "price": "39.65",
            "revenue": 93387
        },
        "2015-05": {
            "month": "2015-05",
            "price": "39.01",
            "revenue": 89265
        },
        "2015-06": {
            "month": "2015-06",
            "price": "39.18",
            "revenue": 81491
        },
        "2015-07": {
            "month": "2015-07",
            "price": "39.06",
            "revenue": 99641
        },
        "2015-08": {
            "month": "2015-08",
            "price": "36.69",
            "revenue": 89556
        },
        "2015-09": {
            "month": "2015-09",
            "price": "38.23",
            "revenue": 74316
        },
        "2015-10": {
            "month": "2015-10",
            "price": "50.76",
            "revenue": 75635
        },
        "2015-11": {
            "month": "2015-11",
            "price": "51.13",
            "revenue": 75909
        },
        "2015-12": {
            "month": "2015-12",
            "price": "44.31",
            "revenue": 78640
        },
        "2016-01": {
            "month": "2016-01",
            "price": "38.95",
            "revenue": 60092
        },
        "2016-02": {
            "month": "2016-02",
            "price": "38.38",
            "revenue": 59701
        },
        "2016-03": {
            "month": "2016-03",
            "price": "40.15",
            "revenue": 84016
        },
        "2016-04": {
            "month": "2016-04",
            "price": "40.22",
            "revenue": 70897
        },
        "2016-05": {
            "month": "2016-05",
            "price": "36.34",
            "revenue": 73308
        },
        "2016-06": {
            "month": "2016-06",
            "price": "34.33",
            "revenue": 87775
        },
        "2016-07": {
            "month": "2016-07",
            "price": "32.81",
            "revenue": 81281
        },
        "2016-08": {
            "month": "2016-08",
            "price": "31.22",
            "revenue": 81273
        },
        "2016-09": {
            "month": "2016-09",
            "price": "30.82",
            "revenue": 95514
        },
        "2016-10": {
            "month": "2016-10",
            "price": "33.19",
            "revenue": 79892
        },
        "2016-11": {
            "month": "2016-11",
            "price": "31.74",
            "revenue": 95300
        },
        "2016-12": {
            "month": "2016-12",
            "price": "34.93",
            "revenue": 80402
        },
        "2017-01": {
            "month": "2017-01",
            "price": "37.78",
            "revenue": 73938
        },
        "2017-02": {
            "month": "2017-02",
            "price": "39.93",
            "revenue": 75595
        },
        "2017-03": {
            "month": "2017-03",
            "price": "42.96",
            "revenue": 85045
        },
        "2017-04": {
            "month": "2017-04",
            "price": "39.21",
            "revenue": 67512
        },
        "2017-05": {
            "month": "2017-05",
            "price": "37.06",
            "revenue": 83452
        },
        "2017-06": {
            "month": "2017-06",
            "price": "36.41",
            "revenue": 69616
        },
        "2017-07": {
            "month": "2017-07",
            "price": "35.41",
            "revenue": 70567
        },
        "2017-08": {
            "month": "2017-08",
            "price": "34.10",
            "revenue": 65659
        },
        "2017-09": {
            "month": "2017-09",
            "price": "34.13",
            "revenue": 65534
        },
        "2017-10": {
            "month": "2017-10",
            "price": "33.84",
            "revenue": 78225
        },
        "2017-11": {
            "month": "2017-11",
            "price": "38.18",
            "revenue": 77121
        },
        "2017-12": {
            "month": "2017-12",
            "price": "36.72",
            "revenue": 77710
        },
        "2018-01": {
            "month": "2018-01",
            "price": "35.61",
            "revenue": 76280
        },
        "2018-02": {
            "month": "2018-02",
            "price": "34.75",
            "revenue": 55661
        },
        "2018-03": {
            "month": "2018-03",
            "price": "34.78",
            "revenue": 78919
        },
        "2018-04": {
            "month": "2018-04",
            "price": "34.35",
            "revenue": 63146
        },
        "2018-05": {
            "month": "2018-05",
            "price": "34.28",
            "revenue": 74390
        },
        "2018-06": {
            "month": "2018-06",
            "price": "35.99",
            "revenue": 71912
        },
        "2018-07": {
            "month": "2018-07",
            "price": "36.36",
            "revenue": 81029
        },
        "2018-08": {
            "month": "2018-08",
            "price": "35.53",
            "revenue": 61942
        },
        "2018-09": {
            "month": "2018-09",
            "price": "35.51",
            "revenue": 80942
        },
        "2018-10": {
            "month": "2018-10",
            "price": "35.88",
            "revenue": 80466
        },
        "2018-11": {
            "month": "2018-11",
            "price": "37.66",
            "revenue": 79510
        },
        "2018-12": {
            "month": "2018-12",
            "price": "43.41",
            "revenue": 68429
        },
        "2019-01": {
            "month": "2019-01",
            "price": "45.84",
            "revenue": 67990
        },
        "2019-02": {
            "month": "2019-02",
            "price": "49.48",
            "revenue": 64259
        },
        "2019-03": {
            "month": "2019-03",
            "price": "48.53",
            "revenue": 76066
        },
        "2019-04": {
            "month": "2019-04",
            "price": "49.57",
            "revenue": 90373
        },
        "2019-05": {
            "month": "2019-05",
            "price": "51.75",
            "revenue": 85421
        },
        "2019-06": {
            "month": "2019-06",
            "price": "51.51",
            "revenue": 83496
        },
        "2019-07": {
            "month": "2019-07",
            "price": "52.63",
            "revenue": 87683
        },
        "2019-08": {
            "month": "2019-08",
            "price": "54.77",
            "revenue": 89512
        },
        "2019-09": {
            "month": "2019-09",
            "price": "61.68",
            "revenue": 90661
        },
        "2019-10": {
            "month": "2019-10",
            "price": "60.84",
            "revenue": 91969
        },
        "2019-11": {
            "month": "2019-11",
            "price": "64.29",
            "revenue": 91388
        },
        "2019-12": {
            "month": "2019-12",
            "price": "65.32",
            "revenue": 92426
        },
        "2020-01": {
            "month": "2020-01",
            "price": "65.31",
            "revenue": 79800
        },
        "2020-02": {
            "month": "2020-02",
            "price": "65.96",
            "revenue": 88303
        },
        "2020-03": {
            "month": "2020-03",
            "price": "57.92",
            "revenue": 91850
        },
        "2020-04": {
            "month": "2020-04",
            "price": "56.54",
            "revenue": 83999
        },
        "2020-05": {
            "month": "2020-05",
            "price": "56.18",
            "revenue": 81628
        },
        "2020-06": {
            "month": "2020-06",
            "price": "54.35",
            "revenue": 81097
        },
        "2020-07": {
            "month": "2020-07",
            "price": "55.08",
            "revenue": 81286
        },
        "2020-08": {
            "month": "2020-08",
            "price": "60.91",
            "revenue": 81105
        },
        "2020-09": {
            "month": "2020-09",
            "price": "61.65",
            "revenue": 81210
        },
        "2020-10": {
            "month": "2020-10",
            "price": "61.05",
            "revenue": 81082
        },
        "2020-11": {
            "month": "2020-11",
            "price": "65.71",
            "revenue": 80831
        },
        "2020-12": {
            "month": "2020-12",
            "price": "68.21",
            "revenue": 80910
        },
        "2021-01": {
            "month": "2021-01",
            "price": "73.24",
            "revenue": 81122
        },
        "2021-02": {
            "month": "2021-02",
            "price": "75.37",
            "revenue": 77774
        },
        "2021-03": {
            "month": "2021-03",
            "price": "75.68",
            "revenue": 81877
        },
        "2021-04": {
            "month": "2021-04",
            "price": "75.82",
            "revenue": 83740
        },
        "2021-05": {
            "month": "2021-05",
            "price": "75.47",
            "revenue": 83394
        },
        "2021-06": {
            "month": "2021-06",
            "price": "75.91",
            "revenue": 91146
        },
        "2021-07": {
            "month": "2021-07",
            "price": "75.40",
            "revenue": 91204
        },
        "2021-08": {
            "month": "2021-08",
            "price": "74.52",
            "revenue": 92348
        },
        "2021-09": {
            "month": "2021-09",
            "price": "65.79",
            "revenue": 101764
        },
        "2021-10": {
            "month": "2021-10",
            "price": "59.75",
            "revenue": 100515
        },
        "2021-11": {
            "month": "2021-11",
            "price": "71.89",
            "revenue": 100698
        },
        "2021-12": {
            "month": "2021-12",
            "price": "81.36",
            "revenue": 102095
        },
        "2022-01": {
            "month": "2022-01",
            "price": "81.28",
            "revenue": 91210
        },
        "2022-02": {
            "month": "2022-02",
            "price": "80.13",
            "revenue": 80523
        },
        "2022-03": {
            "month": "2022-03",
            "price": "78.78",
            "revenue": 91375
        },
        "2022-04": {
            "month": "2022-04",
            "price": "76.51",
            "revenue": 102484
        },
        "2022-05": {
            "month": "2022-05",
            "price": "74.71",
            "revenue": 104999
        },
        "2022-06": {
            "month": "2022-06",
            "price": "74.01",
            "revenue": 103433
        },
        "2022-07": {
            "month": "2022-07",
            "price": "73.75",
            "revenue": 107111
        },
        "2022-08": {
            "month": "2022-08",
            "price": "76.69",
            "revenue": 124620
        },
        "2022-09": {
            "month": "2022-09",
            "price": "88.14",
            "revenue": 140183
        },
        "2022-10": {
            "month": "2022-10",
            "price": "87.29",
            "revenue": 138291
        },
        "2022-11": {
            "month": "2022-11",
            "price": "87.98",
            "revenue": 139308
        },
        "2022-12": {
            "month": "2022-12",
            "price": "86.32",
            "revenue": 91551
        },
        "2023-01": {
            "month": "2023-01",
            "price": "84.56",
            "revenue": 121586
        },
        "2023-02": {
            "month": "2023-02",
            "price": "92.48",
            "revenue": 96569
        },
        "2023-03": {
            "month": "2023-03",
            "price": "130.78",
            "revenue": 111644
        },
        "2023-04": {
            "month": "2023-04",
            "price": "159.29",
            "revenue": 126837
        }
    }
}
