{
    "summary": {
        "stock_name": "詠昇",
        "stock_id": "6418",
        "category": "電子零組件",
        "main_business": "訊號連接器生產製造買賣<br>訊號傳輸線生產製造買賣",
        "website_url": "http://www.yselec.com.tw",
        "ceo": "黃金錫",
        "pe_ratio": 16,
        "report_year_from": 2011,
        "report_year_to": 2023,
        "age": 13,
        "eps_negative_percentage": 17,
        "eps_growth_avg": {
            "last_all": -24,
            "last_2y": -8,
            "last_4y": -24,
            "last_8y": null,
            "last_12y": null,
            "last_16y": null,
            "last_20y": null,
            "at_2006_last_3y": null,
            "at_2007_last_3y": null,
            "at_2008_last_3y": null,
            "at_2009_last_3y": null,
            "at_2010_last_3y": null,
            "at_2011_last_3y": null,
            "at_2012_last_3y": null,
            "at_2013_last_3y": null,
            "at_2014_last_3y": null,
            "at_2015_last_3y": null,
            "at_2016_last_3y": null,
            "at_2017_last_3y": null,
            "at_2018_last_3y": null,
            "at_2019_last_3y": null,
            "at_2020_last_3y": null,
            "at_2021_last_3y": null,
            "at_2022_last_3y": -60,
            "at_2023_last_3y": -5.33,
            "at_2024_last_3y": -5.33,
            "at_2006_last_all": null,
            "at_2007_last_all": null,
            "at_2008_last_all": null,
            "at_2009_last_all": null,
            "at_2010_last_all": null,
            "at_2011_last_all": null,
            "at_2012_last_all": null,
            "at_2013_last_all": null,
            "at_2014_last_all": null,
            "at_2015_last_all": null,
            "at_2016_last_all": null,
            "at_2017_last_all": null,
            "at_2018_last_all": null,
            "at_2019_last_all": null,
            "at_2020_last_all": -40,
            "at_2021_last_all": -60,
            "at_2022_last_all": -60,
            "at_2023_last_all": -24,
            "at_2024_last_all": -24
        },
        "latest_eps": 1.38,
        "latest_price": 22.3,
        "latest_roe": 9.65,
        "latest_gross_margin": 20.06,
        "latest_equity": 507666,
        "latest_revenue": 197987,
        "latest_gross_profit": 39725,
        "latest_net_income": 7665,
        "latest_debt_ratio": 49.55,
        "latest_current_ratio": 239.6,
        "latest_account_receivable_turnover_ratio": 1.12,
        "latest_inventory_turnover_ratio": 1.86,
        "latest_reinvestment_rate": 81.14,
        "latest_research_to_sale_ratio": 0.94
    },
    "eps_dividends": {
        "2001": {
            "cash": 0,
            "stock": 0,
            "eps": 0
        },
        "2002": {
            "cash": 0,
            "stock": 0,
            "eps": 0
        },
        "2003": {
            "cash": 0,
            "stock": 0,
            "eps": 0
        },
        "2004": {
            "cash": 0,
            "stock": 0,
            "eps": 0
        },
        "2005": {
            "cash": 0,
            "stock": 0,
            "eps": 0
        },
        "2006": {
            "cash": 0,
            "stock": 0,
            "eps": 0
        },
        "2007": {
            "cash": 0,
            "stock": 0,
            "eps": 0
        },
        "2008": {
            "cash": 0,
            "stock": 0,
            "eps": 0
        },
        "2009": {
            "cash": 0,
            "stock": 0,
            "eps": 0
        },
        "2010": {
            "cash": 0,
            "stock": 0,
            "eps": 0
        },
        "2011": {
            "cash": 0,
            "stock": 0,
            "eps": 0
        },
        "2012": {
            "cash": 0,
            "stock": 0,
            "eps": 0
        },
        "2013": {
            "cash": 2,
            "stock": 0,
            "eps": 0
        },
        "2014": {
            "cash": 0.3,
            "stock": 0,
            "eps": 0
        },
        "2015": {
            "cash": 0.45,
            "stock": 0,
            "eps": 0
        },
        "2016": {
            "cash": 0.8,
            "stock": 0,
            "eps": 0
        },
        "2017": {
            "cash": 1.6,
            "stock": 0,
            "eps": 0
        },
        "2018": {
            "cash": 1.3,
            "stock": 0,
            "eps": 0.85
        },
        "2019": {
            "cash": 1.1,
            "stock": 0,
            "eps": 0.17
        },
        "2020": {
            "cash": 0.5,
            "stock": 0,
            "eps": 0.17
        },
        "2021": {
            "cash": 0.2,
            "stock": 0,
            "eps": -0.68
        },
        "2022": {
            "cash": 0,
            "stock": 0,
            "eps": 0.75
        },
        "2023": {
            "cash": 0.55,
            "stock": 0,
            "eps": 1.38
        },
        "2024": {
            "cash": 1.1,
            "stock": 0,
            "eps": 0
        }
    },
    "dividends": {
        "2013-06-27": {
            "cash": 2,
            "stock": 0
        },
        "2014-08-15": {
            "cash": 0.3,
            "stock": 0
        },
        "2015-09-18": {
            "cash": 0.45,
            "stock": 0
        },
        "2016-09-09": {
            "cash": 0.8,
            "stock": 0
        },
        "2017-08-11": {
            "cash": 1.6,
            "stock": 0
        },
        "2018-07-20": {
            "cash": 1.3,
            "stock": 0
        },
        "2019-07-26": {
            "cash": 1.1,
            "stock": 0
        },
        "2020-07-24": {
            "cash": 0.5,
            "stock": 0
        },
        "2021-09-17": {
            "cash": 0.2,
            "stock": 0
        },
        "2023-07-19": {
            "cash": 0.55,
            "stock": 0
        },
        "2024-03-07": {
            "cash": 1.1,
            "stock": 0
        }
    },
    "prices": {
        "200101": "無",
        "200102": "無",
        "200103": "無",
        "200104": "無",
        "200105": "無",
        "200106": "無",
        "200107": "無",
        "200108": "無",
        "200109": "無",
        "200110": "無",
        "200111": "無",
        "200112": "無",
        "200201": "無",
        "200202": "無",
        "200203": "無",
        "200204": "無",
        "200205": "無",
        "200206": "無",
        "200207": "無",
        "200208": "無",
        "200209": "無",
        "200210": "無",
        "200211": "無",
        "200212": "無",
        "200301": "無",
        "200302": "無",
        "200303": "無",
        "200304": "無",
        "200305": "無",
        "200306": "無",
        "200307": "無",
        "200308": "無",
        "200309": "無",
        "200310": "無",
        "200311": "無",
        "200312": "無",
        "200401": "無",
        "200402": "無",
        "200403": "無",
        "200404": "無",
        "200405": "無",
        "200406": "無",
        "200407": "無",
        "200408": "無",
        "200409": "無",
        "200410": "無",
        "200411": "無",
        "200412": "無",
        "200501": "無",
        "200502": "無",
        "200503": "無",
        "200504": "無",
        "200505": "無",
        "200506": "無",
        "200507": "無",
        "200508": "無",
        "200509": "無",
        "200510": "無",
        "200511": "無",
        "200512": "無",
        "200601": "無",
        "200602": "無",
        "200603": "無",
        "200604": "無",
        "200605": "無",
        "200606": "無",
        "200607": "無",
        "200608": "無",
        "200609": "無",
        "200610": "無",
        "200611": "無",
        "200612": "無",
        "200701": "無",
        "200702": "無",
        "200703": "無",
        "200704": "無",
        "200705": "無",
        "200706": "無",
        "200707": "無",
        "200708": "無",
        "200709": "無",
        "200710": "無",
        "200711": "無",
        "200712": "無",
        "200801": "無",
        "200802": "無",
        "200803": "無",
        "200804": "無",
        "200805": "無",
        "200806": "無",
        "200807": "無",
        "200808": "無",
        "200809": "無",
        "200810": "無",
        "200811": "無",
        "200812": "無",
        "200901": "無",
        "200902": "無",
        "200903": "無",
        "200904": "無",
        "200905": "無",
        "200906": "無",
        "200907": "無",
        "200908": "無",
        "200909": "無",
        "200910": "無",
        "200911": "無",
        "200912": "無",
        "201001": "無",
        "201002": "無",
        "201003": "無",
        "201004": "無",
        "201005": "無",
        "201006": "無",
        "201007": "無",
        "201008": "無",
        "201009": "無",
        "201010": "無",
        "201011": "無",
        "201012": "無",
        "201101": "無",
        "201102": "無",
        "201103": "無",
        "201104": "無",
        "201105": "無",
        "201106": "無",
        "201107": "無",
        "201108": "無",
        "201109": "無",
        "201110": "無",
        "201111": "無",
        "201112": "無",
        "201201": "無",
        "201202": "無",
        "201203": "無",
        "201204": "無",
        "201205": "無",
        "201206": "無",
        "201207": "無",
        "201208": "無",
        "201209": "無",
        "201210": "無",
        "201211": "無",
        "201212": "32.08",
        "201301": "29.93",
        "201302": "30.16",
        "201303": "29.00",
        "201304": "26.58",
        "201305": "25.38",
        "201306": "24.98",
        "201307": "24.60",
        "201308": "23.11",
        "201309": "22.84",
        "201310": "22.15",
        "201311": "20.49",
        "201312": "21.47",
        "201401": "20.71",
        "201402": "20.03",
        "201403": "19.98",
        "201404": "19.09",
        "201405": "18.53",
        "201406": "17.86",
        "201407": "18.05",
        "201408": "17.24",
        "201409": "17.61",
        "201410": "17.74",
        "201411": "無",
        "201412": "16.31",
        "201501": "15.70",
        "201502": "15.45",
        "201503": "16.92",
        "201504": "16.78",
        "201505": "16.34",
        "201506": "15.70",
        "201507": "15.22",
        "201508": "14.88",
        "201509": "14.73",
        "201510": "14.54",
        "201511": "14.66",
        "201512": "14.43",
        "201601": "14.00",
        "201602": "14.19",
        "201603": "13.59",
        "201604": "13.91",
        "201605": "13.61",
        "201606": "14.21",
        "201607": "14.12",
        "201608": "15.40",
        "201609": "16.77",
        "201610": "16.54",
        "201611": "15.40",
        "201612": "無",
        "201701": "16.20",
        "201702": "21.34",
        "201703": "20.77",
        "201704": "23.01",
        "201705": "22.87",
        "201706": "24.21",
        "201707": "23.91",
        "201708": "24.19",
        "201709": "23.96",
        "201710": "23.59",
        "201711": "20.74",
        "201712": "21.28",
        "201801": "23.48",
        "201802": "22.88",
        "201803": "23.23",
        "201804": "22.92",
        "201805": "22.26",
        "201806": "21.66",
        "201807": "20.30",
        "201808": "18.58",
        "201809": "22.76",
        "201810": "26.97",
        "201811": "27.84",
        "201812": "32.04",
        "201901": "32.10",
        "201902": "28.33",
        "201903": "27.18",
        "201904": "26.93",
        "201905": "23.11",
        "201906": "20.99",
        "201907": "20.61",
        "201908": "19.54",
        "201909": "22.98",
        "201910": "20.02",
        "201911": "17.86",
        "201912": "17.12",
        "202001": "16.92",
        "202002": "15.43",
        "202003": "13.24",
        "202004": "12.95",
        "202005": "13.71",
        "202006": "14.48",
        "202007": "14.68",
        "202008": "14.57",
        "202009": "15.49",
        "202010": "15.34",
        "202011": "14.73",
        "202012": "14.74",
        "202101": "14.44",
        "202102": "13.86",
        "202103": "14.30",
        "202104": "14.87",
        "202105": "14.75",
        "202106": "14.48",
        "202107": "13.98",
        "202108": "13.13",
        "202109": "13.73",
        "202110": "15.67",
        "202111": "22.40",
        "202112": "23.25",
        "202201": "18.92",
        "202202": "19.13",
        "202203": "19.62",
        "202204": "16.13",
        "202205": "14.75",
        "202206": "15.44",
        "202207": "13.76",
        "202208": "16.05",
        "202209": "16.62",
        "202210": "15.95",
        "202211": "16.08",
        "202212": "16.12",
        "202301": "15.75",
        "202302": "16.57",
        "202303": "16.72",
        "202304": "18.24",
        "202305": "19.02",
        "202306": "18.55",
        "202307": "17.05",
        "202308": "22.27",
        "202309": "24.39",
        "202310": "25.08",
        "202311": "26.08",
        "202312": "25.09",
        "202401": "23.46",
        "202402": "23.93",
        "202403": "22.71",
        "202404": "無"
    },
    "quarters": {
        "20011": {
            "year_quarter": 20011,
            "year": 2001,
            "quarter": 1,
            "eps": null,
            "eps_growth_year": null,
            "eps_4q": null,
            "eps_4q_growth_year": null,
            "roe": null,
            "roe_4q": 0,
            "gross_profit": null,
            "gross_margin": null,
            "gross_margin_4q_avg": 0,
            "net_income": null,
            "net_income_4q": null,
            "revenue": null,
            "revenue_4q": null,
            "common_shares": null,
            "book_valuer_per_share": null,
            "book_valuer_per_share_4q_avg": 0,
            "equity": null,
            "current_ratio": null,
            "debt_ratio": null,
            "inventory_turnover_ratio": null,
            "account_receivable_turnover_ratio": null,
            "reinvestment_rate": null,
            "research_to_sale_ratio": null,
            "price_fair": 0,
            "eps_avg_yearly": 0,
            "eps_latest_yearly": 0,
            "eps_growth_yearly": 0
        },
        "20012": {
            "year_quarter": 20012,
            "year": 2001,
            "quarter": 2,
            "eps": null,
            "eps_growth_year": null,
            "eps_4q": null,
            "eps_4q_growth_year": null,
            "roe": null,
            "roe_4q": 0,
            "gross_profit": null,
            "gross_margin": null,
            "gross_margin_4q_avg": 0,
            "net_income": null,
            "net_income_4q": null,
            "revenue": null,
            "revenue_4q": null,
            "common_shares": null,
            "book_valuer_per_share": null,
            "book_valuer_per_share_4q_avg": 0,
            "equity": null,
            "current_ratio": null,
            "debt_ratio": null,
            "inventory_turnover_ratio": null,
            "account_receivable_turnover_ratio": null,
            "reinvestment_rate": null,
            "research_to_sale_ratio": null,
            "price_fair": 0,
            "eps_avg_yearly": 0,
            "eps_latest_yearly": 0,
            "eps_growth_yearly": 0
        },
        "20013": {
            "year_quarter": 20013,
            "year": 2001,
            "quarter": 3,
            "eps": null,
            "eps_growth_year": null,
            "eps_4q": null,
            "eps_4q_growth_year": null,
            "roe": null,
            "roe_4q": 0,
            "gross_profit": null,
            "gross_margin": null,
            "gross_margin_4q_avg": 0,
            "net_income": null,
            "net_income_4q": null,
            "revenue": null,
            "revenue_4q": null,
            "common_shares": null,
            "book_valuer_per_share": null,
            "book_valuer_per_share_4q_avg": 0,
            "equity": null,
            "current_ratio": null,
            "debt_ratio": null,
            "inventory_turnover_ratio": null,
            "account_receivable_turnover_ratio": null,
            "reinvestment_rate": null,
            "research_to_sale_ratio": null,
            "price_fair": 0,
            "eps_avg_yearly": 0,
            "eps_latest_yearly": 0,
            "eps_growth_yearly": 0
        },
        "20014": {
            "year_quarter": 20014,
            "year": 2001,
            "quarter": 4,
            "eps": null,
            "eps_growth_year": null,
            "eps_4q": null,
            "eps_4q_growth_year": null,
            "roe": null,
            "roe_4q": 0,
            "gross_profit": null,
            "gross_margin": null,
            "gross_margin_4q_avg": 0,
            "net_income": null,
            "net_income_4q": null,
            "revenue": null,
            "revenue_4q": null,
            "common_shares": null,
            "book_valuer_per_share": null,
            "book_valuer_per_share_4q_avg": 0,
            "equity": null,
            "current_ratio": null,
            "debt_ratio": null,
            "inventory_turnover_ratio": null,
            "account_receivable_turnover_ratio": null,
            "reinvestment_rate": null,
            "research_to_sale_ratio": null,
            "price_fair": 0,
            "eps_avg_yearly": 0,
            "eps_latest_yearly": 0,
            "eps_growth_yearly": 0
        },
        "20021": {
            "year_quarter": 20021,
            "year": 2002,
            "quarter": 1,
            "eps": null,
            "eps_growth_year": null,
            "eps_4q": null,
            "eps_4q_growth_year": null,
            "roe": null,
            "roe_4q": 0,
            "gross_profit": null,
            "gross_margin": null,
            "gross_margin_4q_avg": 0,
            "net_income": null,
            "net_income_4q": null,
            "revenue": null,
            "revenue_4q": null,
            "common_shares": null,
            "book_valuer_per_share": null,
            "book_valuer_per_share_4q_avg": 0,
            "equity": null,
            "current_ratio": null,
            "debt_ratio": null,
            "inventory_turnover_ratio": null,
            "account_receivable_turnover_ratio": null,
            "reinvestment_rate": null,
            "research_to_sale_ratio": null,
            "price_fair": 0,
            "eps_avg_yearly": 0,
            "eps_latest_yearly": 0,
            "eps_growth_yearly": 0
        },
        "20022": {
            "year_quarter": 20022,
            "year": 2002,
            "quarter": 2,
            "eps": null,
            "eps_growth_year": null,
            "eps_4q": null,
            "eps_4q_growth_year": null,
            "roe": null,
            "roe_4q": 0,
            "gross_profit": null,
            "gross_margin": null,
            "gross_margin_4q_avg": 0,
            "net_income": null,
            "net_income_4q": null,
            "revenue": null,
            "revenue_4q": null,
            "common_shares": null,
            "book_valuer_per_share": null,
            "book_valuer_per_share_4q_avg": 0,
            "equity": null,
            "current_ratio": null,
            "debt_ratio": null,
            "inventory_turnover_ratio": null,
            "account_receivable_turnover_ratio": null,
            "reinvestment_rate": null,
            "research_to_sale_ratio": null,
            "price_fair": 0,
            "eps_avg_yearly": 0,
            "eps_latest_yearly": 0,
            "eps_growth_yearly": 0
        },
        "20023": {
            "year_quarter": 20023,
            "year": 2002,
            "quarter": 3,
            "eps": null,
            "eps_growth_year": null,
            "eps_4q": null,
            "eps_4q_growth_year": null,
            "roe": null,
            "roe_4q": 0,
            "gross_profit": null,
            "gross_margin": null,
            "gross_margin_4q_avg": 0,
            "net_income": null,
            "net_income_4q": null,
            "revenue": null,
            "revenue_4q": null,
            "common_shares": null,
            "book_valuer_per_share": null,
            "book_valuer_per_share_4q_avg": 0,
            "equity": null,
            "current_ratio": null,
            "debt_ratio": null,
            "inventory_turnover_ratio": null,
            "account_receivable_turnover_ratio": null,
            "reinvestment_rate": null,
            "research_to_sale_ratio": null,
            "price_fair": 0,
            "eps_avg_yearly": 0,
            "eps_latest_yearly": 0,
            "eps_growth_yearly": 0
        },
        "20024": {
            "year_quarter": 20024,
            "year": 2002,
            "quarter": 4,
            "eps": null,
            "eps_growth_year": null,
            "eps_4q": null,
            "eps_4q_growth_year": null,
            "roe": null,
            "roe_4q": 0,
            "gross_profit": null,
            "gross_margin": null,
            "gross_margin_4q_avg": 0,
            "net_income": null,
            "net_income_4q": null,
            "revenue": null,
            "revenue_4q": null,
            "common_shares": null,
            "book_valuer_per_share": null,
            "book_valuer_per_share_4q_avg": 0,
            "equity": null,
            "current_ratio": null,
            "debt_ratio": null,
            "inventory_turnover_ratio": null,
            "account_receivable_turnover_ratio": null,
            "reinvestment_rate": null,
            "research_to_sale_ratio": null,
            "price_fair": 0,
            "eps_avg_yearly": 0,
            "eps_latest_yearly": 0,
            "eps_growth_yearly": 0
        },
        "20031": {
            "year_quarter": 20031,
            "year": 2003,
            "quarter": 1,
            "eps": null,
            "eps_growth_year": null,
            "eps_4q": null,
            "eps_4q_growth_year": null,
            "roe": null,
            "roe_4q": 0,
            "gross_profit": null,
            "gross_margin": null,
            "gross_margin_4q_avg": 0,
            "net_income": null,
            "net_income_4q": null,
            "revenue": null,
            "revenue_4q": null,
            "common_shares": null,
            "book_valuer_per_share": null,
            "book_valuer_per_share_4q_avg": 0,
            "equity": null,
            "current_ratio": null,
            "debt_ratio": null,
            "inventory_turnover_ratio": null,
            "account_receivable_turnover_ratio": null,
            "reinvestment_rate": null,
            "research_to_sale_ratio": null,
            "price_fair": 0,
            "eps_avg_yearly": 0,
            "eps_latest_yearly": 0,
            "eps_growth_yearly": 0
        },
        "20032": {
            "year_quarter": 20032,
            "year": 2003,
            "quarter": 2,
            "eps": null,
            "eps_growth_year": null,
            "eps_4q": null,
            "eps_4q_growth_year": null,
            "roe": null,
            "roe_4q": 0,
            "gross_profit": null,
            "gross_margin": null,
            "gross_margin_4q_avg": 0,
            "net_income": null,
            "net_income_4q": null,
            "revenue": null,
            "revenue_4q": null,
            "common_shares": null,
            "book_valuer_per_share": null,
            "book_valuer_per_share_4q_avg": 0,
            "equity": null,
            "current_ratio": null,
            "debt_ratio": null,
            "inventory_turnover_ratio": null,
            "account_receivable_turnover_ratio": null,
            "reinvestment_rate": null,
            "research_to_sale_ratio": null,
            "price_fair": 0,
            "eps_avg_yearly": 0,
            "eps_latest_yearly": 0,
            "eps_growth_yearly": 0
        },
        "20033": {
            "year_quarter": 20033,
            "year": 2003,
            "quarter": 3,
            "eps": null,
            "eps_growth_year": null,
            "eps_4q": null,
            "eps_4q_growth_year": null,
            "roe": null,
            "roe_4q": 0,
            "gross_profit": null,
            "gross_margin": null,
            "gross_margin_4q_avg": 0,
            "net_income": null,
            "net_income_4q": null,
            "revenue": null,
            "revenue_4q": null,
            "common_shares": null,
            "book_valuer_per_share": null,
            "book_valuer_per_share_4q_avg": 0,
            "equity": null,
            "current_ratio": null,
            "debt_ratio": null,
            "inventory_turnover_ratio": null,
            "account_receivable_turnover_ratio": null,
            "reinvestment_rate": null,
            "research_to_sale_ratio": null,
            "price_fair": 0,
            "eps_avg_yearly": 0,
            "eps_latest_yearly": 0,
            "eps_growth_yearly": 0
        },
        "20034": {
            "year_quarter": 20034,
            "year": 2003,
            "quarter": 4,
            "eps": null,
            "eps_growth_year": null,
            "eps_4q": null,
            "eps_4q_growth_year": null,
            "roe": null,
            "roe_4q": 0,
            "gross_profit": null,
            "gross_margin": null,
            "gross_margin_4q_avg": 0,
            "net_income": null,
            "net_income_4q": null,
            "revenue": null,
            "revenue_4q": null,
            "common_shares": null,
            "book_valuer_per_share": null,
            "book_valuer_per_share_4q_avg": 0,
            "equity": null,
            "current_ratio": null,
            "debt_ratio": null,
            "inventory_turnover_ratio": null,
            "account_receivable_turnover_ratio": null,
            "reinvestment_rate": null,
            "research_to_sale_ratio": null,
            "price_fair": 0,
            "eps_avg_yearly": 0,
            "eps_latest_yearly": 0,
            "eps_growth_yearly": 0
        },
        "20041": {
            "year_quarter": 20041,
            "year": 2004,
            "quarter": 1,
            "eps": null,
            "eps_growth_year": null,
            "eps_4q": null,
            "eps_4q_growth_year": null,
            "roe": null,
            "roe_4q": 0,
            "gross_profit": null,
            "gross_margin": null,
            "gross_margin_4q_avg": 0,
            "net_income": null,
            "net_income_4q": null,
            "revenue": null,
            "revenue_4q": null,
            "common_shares": null,
            "book_valuer_per_share": null,
            "book_valuer_per_share_4q_avg": 0,
            "equity": null,
            "current_ratio": null,
            "debt_ratio": null,
            "inventory_turnover_ratio": null,
            "account_receivable_turnover_ratio": null,
            "reinvestment_rate": null,
            "research_to_sale_ratio": null,
            "price_fair": 0,
            "eps_avg_yearly": 0,
            "eps_latest_yearly": 0,
            "eps_growth_yearly": 0
        },
        "20042": {
            "year_quarter": 20042,
            "year": 2004,
            "quarter": 2,
            "eps": null,
            "eps_growth_year": null,
            "eps_4q": null,
            "eps_4q_growth_year": null,
            "roe": null,
            "roe_4q": 0,
            "gross_profit": null,
            "gross_margin": null,
            "gross_margin_4q_avg": 0,
            "net_income": null,
            "net_income_4q": null,
            "revenue": null,
            "revenue_4q": null,
            "common_shares": null,
            "book_valuer_per_share": null,
            "book_valuer_per_share_4q_avg": 0,
            "equity": null,
            "current_ratio": null,
            "debt_ratio": null,
            "inventory_turnover_ratio": null,
            "account_receivable_turnover_ratio": null,
            "reinvestment_rate": null,
            "research_to_sale_ratio": null,
            "price_fair": 0,
            "eps_avg_yearly": 0,
            "eps_latest_yearly": 0,
            "eps_growth_yearly": 0
        },
        "20043": {
            "year_quarter": 20043,
            "year": 2004,
            "quarter": 3,
            "eps": null,
            "eps_growth_year": null,
            "eps_4q": null,
            "eps_4q_growth_year": null,
            "roe": null,
            "roe_4q": 0,
            "gross_profit": null,
            "gross_margin": null,
            "gross_margin_4q_avg": 0,
            "net_income": null,
            "net_income_4q": null,
            "revenue": null,
            "revenue_4q": null,
            "common_shares": null,
            "book_valuer_per_share": null,
            "book_valuer_per_share_4q_avg": 0,
            "equity": null,
            "current_ratio": null,
            "debt_ratio": null,
            "inventory_turnover_ratio": null,
            "account_receivable_turnover_ratio": null,
            "reinvestment_rate": null,
            "research_to_sale_ratio": null,
            "price_fair": 0,
            "eps_avg_yearly": 0,
            "eps_latest_yearly": 0,
            "eps_growth_yearly": 0
        },
        "20044": {
            "year_quarter": 20044,
            "year": 2004,
            "quarter": 4,
            "eps": null,
            "eps_growth_year": null,
            "eps_4q": null,
            "eps_4q_growth_year": null,
            "roe": null,
            "roe_4q": 0,
            "gross_profit": null,
            "gross_margin": null,
            "gross_margin_4q_avg": 0,
            "net_income": null,
            "net_income_4q": null,
            "revenue": null,
            "revenue_4q": null,
            "common_shares": null,
            "book_valuer_per_share": null,
            "book_valuer_per_share_4q_avg": 0,
            "equity": null,
            "current_ratio": null,
            "debt_ratio": null,
            "inventory_turnover_ratio": null,
            "account_receivable_turnover_ratio": null,
            "reinvestment_rate": null,
            "research_to_sale_ratio": null,
            "price_fair": 0,
            "eps_avg_yearly": 0,
            "eps_latest_yearly": 0,
            "eps_growth_yearly": 0
        },
        "20051": {
            "year_quarter": 20051,
            "year": 2005,
            "quarter": 1,
            "eps": null,
            "eps_growth_year": null,
            "eps_4q": null,
            "eps_4q_growth_year": null,
            "roe": null,
            "roe_4q": 0,
            "gross_profit": null,
            "gross_margin": null,
            "gross_margin_4q_avg": 0,
            "net_income": null,
            "net_income_4q": null,
            "revenue": null,
            "revenue_4q": null,
            "common_shares": null,
            "book_valuer_per_share": null,
            "book_valuer_per_share_4q_avg": 0,
            "equity": null,
            "current_ratio": null,
            "debt_ratio": null,
            "inventory_turnover_ratio": null,
            "account_receivable_turnover_ratio": null,
            "reinvestment_rate": null,
            "research_to_sale_ratio": null,
            "price_fair": 0,
            "eps_avg_yearly": 0,
            "eps_latest_yearly": 0,
            "eps_growth_yearly": 0
        },
        "20052": {
            "year_quarter": 20052,
            "year": 2005,
            "quarter": 2,
            "eps": null,
            "eps_growth_year": null,
            "eps_4q": null,
            "eps_4q_growth_year": null,
            "roe": null,
            "roe_4q": 0,
            "gross_profit": null,
            "gross_margin": null,
            "gross_margin_4q_avg": 0,
            "net_income": null,
            "net_income_4q": null,
            "revenue": null,
            "revenue_4q": null,
            "common_shares": null,
            "book_valuer_per_share": null,
            "book_valuer_per_share_4q_avg": 0,
            "equity": null,
            "current_ratio": null,
            "debt_ratio": null,
            "inventory_turnover_ratio": null,
            "account_receivable_turnover_ratio": null,
            "reinvestment_rate": null,
            "research_to_sale_ratio": null,
            "price_fair": 0,
            "eps_avg_yearly": 0,
            "eps_latest_yearly": 0,
            "eps_growth_yearly": 0
        },
        "20053": {
            "year_quarter": 20053,
            "year": 2005,
            "quarter": 3,
            "eps": null,
            "eps_growth_year": null,
            "eps_4q": null,
            "eps_4q_growth_year": null,
            "roe": null,
            "roe_4q": 0,
            "gross_profit": null,
            "gross_margin": null,
            "gross_margin_4q_avg": 0,
            "net_income": null,
            "net_income_4q": null,
            "revenue": null,
            "revenue_4q": null,
            "common_shares": null,
            "book_valuer_per_share": null,
            "book_valuer_per_share_4q_avg": 0,
            "equity": null,
            "current_ratio": null,
            "debt_ratio": null,
            "inventory_turnover_ratio": null,
            "account_receivable_turnover_ratio": null,
            "reinvestment_rate": null,
            "research_to_sale_ratio": null,
            "price_fair": 0,
            "eps_avg_yearly": 0,
            "eps_latest_yearly": 0,
            "eps_growth_yearly": 0
        },
        "20054": {
            "year_quarter": 20054,
            "year": 2005,
            "quarter": 4,
            "eps": null,
            "eps_growth_year": null,
            "eps_4q": null,
            "eps_4q_growth_year": null,
            "roe": null,
            "roe_4q": 0,
            "gross_profit": null,
            "gross_margin": null,
            "gross_margin_4q_avg": 0,
            "net_income": null,
            "net_income_4q": null,
            "revenue": null,
            "revenue_4q": null,
            "common_shares": null,
            "book_valuer_per_share": null,
            "book_valuer_per_share_4q_avg": 0,
            "equity": null,
            "current_ratio": null,
            "debt_ratio": null,
            "inventory_turnover_ratio": null,
            "account_receivable_turnover_ratio": null,
            "reinvestment_rate": null,
            "research_to_sale_ratio": null,
            "price_fair": 0,
            "eps_avg_yearly": 0,
            "eps_latest_yearly": 0,
            "eps_growth_yearly": 0
        },
        "20061": {
            "year_quarter": 20061,
            "year": 2006,
            "quarter": 1,
            "eps": null,
            "eps_growth_year": null,
            "eps_4q": null,
            "eps_4q_growth_year": null,
            "roe": null,
            "roe_4q": 0,
            "gross_profit": null,
            "gross_margin": null,
            "gross_margin_4q_avg": 0,
            "net_income": null,
            "net_income_4q": null,
            "revenue": null,
            "revenue_4q": null,
            "common_shares": null,
            "book_valuer_per_share": null,
            "book_valuer_per_share_4q_avg": 0,
            "equity": null,
            "current_ratio": null,
            "debt_ratio": null,
            "inventory_turnover_ratio": null,
            "account_receivable_turnover_ratio": null,
            "reinvestment_rate": null,
            "research_to_sale_ratio": null,
            "price_fair": 0,
            "eps_avg_yearly": 0,
            "eps_latest_yearly": 0,
            "eps_growth_yearly": 0
        },
        "20062": {
            "year_quarter": 20062,
            "year": 2006,
            "quarter": 2,
            "eps": null,
            "eps_growth_year": null,
            "eps_4q": null,
            "eps_4q_growth_year": null,
            "roe": null,
            "roe_4q": 0,
            "gross_profit": null,
            "gross_margin": null,
            "gross_margin_4q_avg": 0,
            "net_income": null,
            "net_income_4q": null,
            "revenue": null,
            "revenue_4q": null,
            "common_shares": null,
            "book_valuer_per_share": null,
            "book_valuer_per_share_4q_avg": 0,
            "equity": null,
            "current_ratio": null,
            "debt_ratio": null,
            "inventory_turnover_ratio": null,
            "account_receivable_turnover_ratio": null,
            "reinvestment_rate": null,
            "research_to_sale_ratio": null,
            "price_fair": 0,
            "eps_avg_yearly": 0,
            "eps_latest_yearly": 0,
            "eps_growth_yearly": 0
        },
        "20063": {
            "year_quarter": 20063,
            "year": 2006,
            "quarter": 3,
            "eps": null,
            "eps_growth_year": null,
            "eps_4q": null,
            "eps_4q_growth_year": null,
            "roe": null,
            "roe_4q": 0,
            "gross_profit": null,
            "gross_margin": null,
            "gross_margin_4q_avg": 0,
            "net_income": null,
            "net_income_4q": null,
            "revenue": null,
            "revenue_4q": null,
            "common_shares": null,
            "book_valuer_per_share": null,
            "book_valuer_per_share_4q_avg": 0,
            "equity": null,
            "current_ratio": null,
            "debt_ratio": null,
            "inventory_turnover_ratio": null,
            "account_receivable_turnover_ratio": null,
            "reinvestment_rate": null,
            "research_to_sale_ratio": null,
            "price_fair": 0,
            "eps_avg_yearly": 0,
            "eps_latest_yearly": 0,
            "eps_growth_yearly": 0
        },
        "20064": {
            "year_quarter": 20064,
            "year": 2006,
            "quarter": 4,
            "eps": null,
            "eps_growth_year": null,
            "eps_4q": null,
            "eps_4q_growth_year": null,
            "roe": null,
            "roe_4q": 0,
            "gross_profit": null,
            "gross_margin": null,
            "gross_margin_4q_avg": 0,
            "net_income": null,
            "net_income_4q": null,
            "revenue": null,
            "revenue_4q": null,
            "common_shares": null,
            "book_valuer_per_share": null,
            "book_valuer_per_share_4q_avg": 0,
            "equity": null,
            "current_ratio": null,
            "debt_ratio": null,
            "inventory_turnover_ratio": null,
            "account_receivable_turnover_ratio": null,
            "reinvestment_rate": null,
            "research_to_sale_ratio": null,
            "price_fair": 0,
            "eps_avg_yearly": 0,
            "eps_latest_yearly": 0,
            "eps_growth_yearly": 0
        },
        "20071": {
            "year_quarter": 20071,
            "year": 2007,
            "quarter": 1,
            "eps": null,
            "eps_growth_year": null,
            "eps_4q": null,
            "eps_4q_growth_year": null,
            "roe": null,
            "roe_4q": 0,
            "gross_profit": null,
            "gross_margin": null,
            "gross_margin_4q_avg": 0,
            "net_income": null,
            "net_income_4q": null,
            "revenue": null,
            "revenue_4q": null,
            "common_shares": null,
            "book_valuer_per_share": null,
            "book_valuer_per_share_4q_avg": 0,
            "equity": null,
            "current_ratio": null,
            "debt_ratio": null,
            "inventory_turnover_ratio": null,
            "account_receivable_turnover_ratio": null,
            "reinvestment_rate": null,
            "research_to_sale_ratio": null,
            "price_fair": 0,
            "eps_avg_yearly": 0,
            "eps_latest_yearly": 0,
            "eps_growth_yearly": 0
        },
        "20072": {
            "year_quarter": 20072,
            "year": 2007,
            "quarter": 2,
            "eps": null,
            "eps_growth_year": null,
            "eps_4q": null,
            "eps_4q_growth_year": null,
            "roe": null,
            "roe_4q": 0,
            "gross_profit": null,
            "gross_margin": null,
            "gross_margin_4q_avg": 0,
            "net_income": null,
            "net_income_4q": null,
            "revenue": null,
            "revenue_4q": null,
            "common_shares": null,
            "book_valuer_per_share": null,
            "book_valuer_per_share_4q_avg": 0,
            "equity": null,
            "current_ratio": null,
            "debt_ratio": null,
            "inventory_turnover_ratio": null,
            "account_receivable_turnover_ratio": null,
            "reinvestment_rate": null,
            "research_to_sale_ratio": null,
            "price_fair": 0,
            "eps_avg_yearly": 0,
            "eps_latest_yearly": 0,
            "eps_growth_yearly": 0
        },
        "20073": {
            "year_quarter": 20073,
            "year": 2007,
            "quarter": 3,
            "eps": null,
            "eps_growth_year": null,
            "eps_4q": null,
            "eps_4q_growth_year": null,
            "roe": null,
            "roe_4q": 0,
            "gross_profit": null,
            "gross_margin": null,
            "gross_margin_4q_avg": 0,
            "net_income": null,
            "net_income_4q": null,
            "revenue": null,
            "revenue_4q": null,
            "common_shares": null,
            "book_valuer_per_share": null,
            "book_valuer_per_share_4q_avg": 0,
            "equity": null,
            "current_ratio": null,
            "debt_ratio": null,
            "inventory_turnover_ratio": null,
            "account_receivable_turnover_ratio": null,
            "reinvestment_rate": null,
            "research_to_sale_ratio": null,
            "price_fair": 0,
            "eps_avg_yearly": 0,
            "eps_latest_yearly": 0,
            "eps_growth_yearly": 0
        },
        "20074": {
            "year_quarter": 20074,
            "year": 2007,
            "quarter": 4,
            "eps": null,
            "eps_growth_year": null,
            "eps_4q": null,
            "eps_4q_growth_year": null,
            "roe": null,
            "roe_4q": 0,
            "gross_profit": null,
            "gross_margin": null,
            "gross_margin_4q_avg": 0,
            "net_income": null,
            "net_income_4q": null,
            "revenue": null,
            "revenue_4q": null,
            "common_shares": null,
            "book_valuer_per_share": null,
            "book_valuer_per_share_4q_avg": 0,
            "equity": null,
            "current_ratio": null,
            "debt_ratio": null,
            "inventory_turnover_ratio": null,
            "account_receivable_turnover_ratio": null,
            "reinvestment_rate": null,
            "research_to_sale_ratio": null,
            "price_fair": 0,
            "eps_avg_yearly": 0,
            "eps_latest_yearly": 0,
            "eps_growth_yearly": 0
        },
        "20081": {
            "year_quarter": 20081,
            "year": 2008,
            "quarter": 1,
            "eps": null,
            "eps_growth_year": null,
            "eps_4q": null,
            "eps_4q_growth_year": null,
            "roe": null,
            "roe_4q": 0,
            "gross_profit": null,
            "gross_margin": null,
            "gross_margin_4q_avg": 0,
            "net_income": null,
            "net_income_4q": null,
            "revenue": null,
            "revenue_4q": null,
            "common_shares": null,
            "book_valuer_per_share": null,
            "book_valuer_per_share_4q_avg": 0,
            "equity": null,
            "current_ratio": null,
            "debt_ratio": null,
            "inventory_turnover_ratio": null,
            "account_receivable_turnover_ratio": null,
            "reinvestment_rate": null,
            "research_to_sale_ratio": null,
            "price_fair": 0,
            "eps_avg_yearly": 0,
            "eps_latest_yearly": 0,
            "eps_growth_yearly": 0
        },
        "20082": {
            "year_quarter": 20082,
            "year": 2008,
            "quarter": 2,
            "eps": null,
            "eps_growth_year": null,
            "eps_4q": null,
            "eps_4q_growth_year": null,
            "roe": null,
            "roe_4q": 0,
            "gross_profit": null,
            "gross_margin": null,
            "gross_margin_4q_avg": 0,
            "net_income": null,
            "net_income_4q": null,
            "revenue": null,
            "revenue_4q": null,
            "common_shares": null,
            "book_valuer_per_share": null,
            "book_valuer_per_share_4q_avg": 0,
            "equity": null,
            "current_ratio": null,
            "debt_ratio": null,
            "inventory_turnover_ratio": null,
            "account_receivable_turnover_ratio": null,
            "reinvestment_rate": null,
            "research_to_sale_ratio": null,
            "price_fair": 0,
            "eps_avg_yearly": 0,
            "eps_latest_yearly": 0,
            "eps_growth_yearly": 0
        },
        "20083": {
            "year_quarter": 20083,
            "year": 2008,
            "quarter": 3,
            "eps": null,
            "eps_growth_year": null,
            "eps_4q": null,
            "eps_4q_growth_year": null,
            "roe": null,
            "roe_4q": 0,
            "gross_profit": null,
            "gross_margin": null,
            "gross_margin_4q_avg": 0,
            "net_income": null,
            "net_income_4q": null,
            "revenue": null,
            "revenue_4q": null,
            "common_shares": null,
            "book_valuer_per_share": null,
            "book_valuer_per_share_4q_avg": 0,
            "equity": null,
            "current_ratio": null,
            "debt_ratio": null,
            "inventory_turnover_ratio": null,
            "account_receivable_turnover_ratio": null,
            "reinvestment_rate": null,
            "research_to_sale_ratio": null,
            "price_fair": 0,
            "eps_avg_yearly": 0,
            "eps_latest_yearly": 0,
            "eps_growth_yearly": 0
        },
        "20084": {
            "year_quarter": 20084,
            "year": 2008,
            "quarter": 4,
            "eps": null,
            "eps_growth_year": null,
            "eps_4q": null,
            "eps_4q_growth_year": null,
            "roe": null,
            "roe_4q": 0,
            "gross_profit": null,
            "gross_margin": null,
            "gross_margin_4q_avg": 0,
            "net_income": null,
            "net_income_4q": null,
            "revenue": null,
            "revenue_4q": null,
            "common_shares": null,
            "book_valuer_per_share": null,
            "book_valuer_per_share_4q_avg": 0,
            "equity": null,
            "current_ratio": null,
            "debt_ratio": null,
            "inventory_turnover_ratio": null,
            "account_receivable_turnover_ratio": null,
            "reinvestment_rate": null,
            "research_to_sale_ratio": null,
            "price_fair": 0,
            "eps_avg_yearly": 0,
            "eps_latest_yearly": 0,
            "eps_growth_yearly": 0
        },
        "20091": {
            "year_quarter": 20091,
            "year": 2009,
            "quarter": 1,
            "eps": null,
            "eps_growth_year": null,
            "eps_4q": null,
            "eps_4q_growth_year": null,
            "roe": null,
            "roe_4q": 0,
            "gross_profit": null,
            "gross_margin": null,
            "gross_margin_4q_avg": 0,
            "net_income": null,
            "net_income_4q": null,
            "revenue": null,
            "revenue_4q": null,
            "common_shares": null,
            "book_valuer_per_share": null,
            "book_valuer_per_share_4q_avg": 0,
            "equity": null,
            "current_ratio": null,
            "debt_ratio": null,
            "inventory_turnover_ratio": null,
            "account_receivable_turnover_ratio": null,
            "reinvestment_rate": null,
            "research_to_sale_ratio": null,
            "price_fair": 0,
            "eps_avg_yearly": 0,
            "eps_latest_yearly": 0,
            "eps_growth_yearly": 0
        },
        "20092": {
            "year_quarter": 20092,
            "year": 2009,
            "quarter": 2,
            "eps": null,
            "eps_growth_year": null,
            "eps_4q": null,
            "eps_4q_growth_year": null,
            "roe": null,
            "roe_4q": 0,
            "gross_profit": null,
            "gross_margin": null,
            "gross_margin_4q_avg": 0,
            "net_income": null,
            "net_income_4q": null,
            "revenue": null,
            "revenue_4q": null,
            "common_shares": null,
            "book_valuer_per_share": null,
            "book_valuer_per_share_4q_avg": 0,
            "equity": null,
            "current_ratio": null,
            "debt_ratio": null,
            "inventory_turnover_ratio": null,
            "account_receivable_turnover_ratio": null,
            "reinvestment_rate": null,
            "research_to_sale_ratio": null,
            "price_fair": 0,
            "eps_avg_yearly": 0,
            "eps_latest_yearly": 0,
            "eps_growth_yearly": 0
        },
        "20093": {
            "year_quarter": 20093,
            "year": 2009,
            "quarter": 3,
            "eps": null,
            "eps_growth_year": null,
            "eps_4q": null,
            "eps_4q_growth_year": null,
            "roe": null,
            "roe_4q": 0,
            "gross_profit": null,
            "gross_margin": null,
            "gross_margin_4q_avg": 0,
            "net_income": null,
            "net_income_4q": null,
            "revenue": null,
            "revenue_4q": null,
            "common_shares": null,
            "book_valuer_per_share": null,
            "book_valuer_per_share_4q_avg": 0,
            "equity": null,
            "current_ratio": null,
            "debt_ratio": null,
            "inventory_turnover_ratio": null,
            "account_receivable_turnover_ratio": null,
            "reinvestment_rate": null,
            "research_to_sale_ratio": null,
            "price_fair": 0,
            "eps_avg_yearly": 0,
            "eps_latest_yearly": 0,
            "eps_growth_yearly": 0
        },
        "20094": {
            "year_quarter": 20094,
            "year": 2009,
            "quarter": 4,
            "eps": null,
            "eps_growth_year": null,
            "eps_4q": null,
            "eps_4q_growth_year": null,
            "roe": null,
            "roe_4q": 0,
            "gross_profit": null,
            "gross_margin": null,
            "gross_margin_4q_avg": 0,
            "net_income": null,
            "net_income_4q": null,
            "revenue": null,
            "revenue_4q": null,
            "common_shares": 50000,
            "book_valuer_per_share": null,
            "book_valuer_per_share_4q_avg": 0,
            "equity": 60206,
            "current_ratio": null,
            "debt_ratio": null,
            "inventory_turnover_ratio": null,
            "account_receivable_turnover_ratio": null,
            "reinvestment_rate": null,
            "research_to_sale_ratio": null,
            "price_fair": 0,
            "eps_avg_yearly": 0,
            "eps_latest_yearly": 0,
            "eps_growth_yearly": 0
        },
        "20101": {
            "year_quarter": 20101,
            "year": 2010,
            "quarter": 1,
            "eps": null,
            "eps_growth_year": null,
            "eps_4q": null,
            "eps_4q_growth_year": null,
            "roe": null,
            "roe_4q": 0,
            "gross_profit": null,
            "gross_margin": null,
            "gross_margin_4q_avg": 0,
            "net_income": null,
            "net_income_4q": null,
            "revenue": null,
            "revenue_4q": null,
            "common_shares": null,
            "book_valuer_per_share": null,
            "book_valuer_per_share_4q_avg": 0,
            "equity": null,
            "current_ratio": null,
            "debt_ratio": null,
            "inventory_turnover_ratio": null,
            "account_receivable_turnover_ratio": null,
            "reinvestment_rate": null,
            "research_to_sale_ratio": null,
            "price_fair": 0,
            "eps_avg_yearly": 0,
            "eps_latest_yearly": 0,
            "eps_growth_yearly": 0
        },
        "20102": {
            "year_quarter": 20102,
            "year": 2010,
            "quarter": 2,
            "eps": null,
            "eps_growth_year": null,
            "eps_4q": null,
            "eps_4q_growth_year": null,
            "roe": null,
            "roe_4q": 0,
            "gross_profit": null,
            "gross_margin": null,
            "gross_margin_4q_avg": 0,
            "net_income": null,
            "net_income_4q": null,
            "revenue": null,
            "revenue_4q": null,
            "common_shares": null,
            "book_valuer_per_share": null,
            "book_valuer_per_share_4q_avg": 0,
            "equity": null,
            "current_ratio": null,
            "debt_ratio": null,
            "inventory_turnover_ratio": null,
            "account_receivable_turnover_ratio": null,
            "reinvestment_rate": null,
            "research_to_sale_ratio": null,
            "price_fair": 0,
            "eps_avg_yearly": 0,
            "eps_latest_yearly": 0,
            "eps_growth_yearly": 0
        },
        "20103": {
            "year_quarter": 20103,
            "year": 2010,
            "quarter": 3,
            "eps": null,
            "eps_growth_year": null,
            "eps_4q": null,
            "eps_4q_growth_year": null,
            "roe": null,
            "roe_4q": 0,
            "gross_profit": null,
            "gross_margin": null,
            "gross_margin_4q_avg": 0,
            "net_income": null,
            "net_income_4q": null,
            "revenue": null,
            "revenue_4q": null,
            "common_shares": null,
            "book_valuer_per_share": null,
            "book_valuer_per_share_4q_avg": 0,
            "equity": null,
            "current_ratio": null,
            "debt_ratio": null,
            "inventory_turnover_ratio": null,
            "account_receivable_turnover_ratio": null,
            "reinvestment_rate": null,
            "research_to_sale_ratio": null,
            "price_fair": 0,
            "eps_avg_yearly": 0,
            "eps_latest_yearly": 0,
            "eps_growth_yearly": 0
        },
        "20104": {
            "year_quarter": 20104,
            "year": 2010,
            "quarter": 4,
            "eps": null,
            "eps_growth_year": null,
            "eps_4q": null,
            "eps_4q_growth_year": null,
            "roe": null,
            "roe_4q": 0,
            "gross_profit": null,
            "gross_margin": null,
            "gross_margin_4q_avg": 0,
            "net_income": null,
            "net_income_4q": null,
            "revenue": null,
            "revenue_4q": null,
            "common_shares": 50000,
            "book_valuer_per_share": 16.45,
            "book_valuer_per_share_4q_avg": 4.11,
            "equity": 82261,
            "current_ratio": 138.05,
            "debt_ratio": 70.44,
            "inventory_turnover_ratio": null,
            "account_receivable_turnover_ratio": null,
            "reinvestment_rate": null,
            "research_to_sale_ratio": null,
            "price_fair": 0,
            "eps_avg_yearly": 0,
            "eps_latest_yearly": 0,
            "eps_growth_yearly": 0
        },
        "20111": {
            "year_quarter": 20111,
            "year": 2011,
            "quarter": 1,
            "eps": null,
            "eps_growth_year": null,
            "eps_4q": null,
            "eps_4q_growth_year": null,
            "roe": null,
            "roe_4q": 0,
            "gross_profit": null,
            "gross_margin": null,
            "gross_margin_4q_avg": 0,
            "net_income": null,
            "net_income_4q": null,
            "revenue": null,
            "revenue_4q": null,
            "common_shares": null,
            "book_valuer_per_share": null,
            "book_valuer_per_share_4q_avg": 4.11,
            "equity": null,
            "current_ratio": null,
            "debt_ratio": null,
            "inventory_turnover_ratio": null,
            "account_receivable_turnover_ratio": null,
            "reinvestment_rate": null,
            "research_to_sale_ratio": null,
            "price_fair": 0,
            "eps_avg_yearly": 0,
            "eps_latest_yearly": 0,
            "eps_growth_yearly": 0
        },
        "20112": {
            "year_quarter": 20112,
            "year": 2011,
            "quarter": 2,
            "eps": null,
            "eps_growth_year": null,
            "eps_4q": null,
            "eps_4q_growth_year": null,
            "roe": null,
            "roe_4q": 0,
            "gross_profit": null,
            "gross_margin": null,
            "gross_margin_4q_avg": 0,
            "net_income": null,
            "net_income_4q": null,
            "revenue": null,
            "revenue_4q": null,
            "common_shares": 50000,
            "book_valuer_per_share": null,
            "book_valuer_per_share_4q_avg": 4.11,
            "equity": 67274,
            "current_ratio": null,
            "debt_ratio": null,
            "inventory_turnover_ratio": null,
            "account_receivable_turnover_ratio": null,
            "reinvestment_rate": null,
            "research_to_sale_ratio": null,
            "price_fair": 0,
            "eps_avg_yearly": 0,
            "eps_latest_yearly": 0,
            "eps_growth_yearly": 0
        },
        "20113": {
            "year_quarter": 20113,
            "year": 2011,
            "quarter": 3,
            "eps": null,
            "eps_growth_year": null,
            "eps_4q": null,
            "eps_4q_growth_year": null,
            "roe": null,
            "roe_4q": 0,
            "gross_profit": null,
            "gross_margin": null,
            "gross_margin_4q_avg": 0,
            "net_income": null,
            "net_income_4q": null,
            "revenue": null,
            "revenue_4q": null,
            "common_shares": null,
            "book_valuer_per_share": null,
            "book_valuer_per_share_4q_avg": 4.11,
            "equity": null,
            "current_ratio": null,
            "debt_ratio": null,
            "inventory_turnover_ratio": null,
            "account_receivable_turnover_ratio": null,
            "reinvestment_rate": null,
            "research_to_sale_ratio": null,
            "price_fair": 0,
            "eps_avg_yearly": 0,
            "eps_latest_yearly": 0,
            "eps_growth_yearly": 0
        },
        "20114": {
            "year_quarter": 20114,
            "year": 2011,
            "quarter": 4,
            "eps": null,
            "eps_growth_year": null,
            "eps_4q": null,
            "eps_4q_growth_year": null,
            "roe": null,
            "roe_4q": 0,
            "gross_profit": null,
            "gross_margin": null,
            "gross_margin_4q_avg": 0,
            "net_income": null,
            "net_income_4q": null,
            "revenue": null,
            "revenue_4q": null,
            "common_shares": 170000,
            "book_valuer_per_share": 10.63,
            "book_valuer_per_share_4q_avg": 2.66,
            "equity": 180775,
            "current_ratio": 163.21,
            "debt_ratio": 54.44,
            "inventory_turnover_ratio": null,
            "account_receivable_turnover_ratio": null,
            "reinvestment_rate": null,
            "research_to_sale_ratio": null,
            "price_fair": 0,
            "eps_avg_yearly": 0,
            "eps_latest_yearly": 0,
            "eps_growth_yearly": 0
        },
        "20121": {
            "year_quarter": 20121,
            "year": 2012,
            "quarter": 1,
            "eps": null,
            "eps_growth_year": null,
            "eps_4q": null,
            "eps_4q_growth_year": null,
            "roe": null,
            "roe_4q": 0,
            "gross_profit": null,
            "gross_margin": null,
            "gross_margin_4q_avg": 0,
            "net_income": null,
            "net_income_4q": null,
            "revenue": null,
            "revenue_4q": null,
            "common_shares": null,
            "book_valuer_per_share": null,
            "book_valuer_per_share_4q_avg": 2.66,
            "equity": null,
            "current_ratio": null,
            "debt_ratio": null,
            "inventory_turnover_ratio": null,
            "account_receivable_turnover_ratio": null,
            "reinvestment_rate": null,
            "research_to_sale_ratio": null,
            "price_fair": 0,
            "eps_avg_yearly": 0,
            "eps_latest_yearly": 0,
            "eps_growth_yearly": 0
        },
        "20122": {
            "year_quarter": 20122,
            "year": 2012,
            "quarter": 2,
            "eps": null,
            "eps_growth_year": null,
            "eps_4q": null,
            "eps_4q_growth_year": null,
            "roe": null,
            "roe_4q": 0,
            "gross_profit": null,
            "gross_margin": null,
            "gross_margin_4q_avg": 0,
            "net_income": null,
            "net_income_4q": null,
            "revenue": null,
            "revenue_4q": null,
            "common_shares": 250000,
            "book_valuer_per_share": 11.79,
            "book_valuer_per_share_4q_avg": 5.61,
            "equity": 294810,
            "current_ratio": 157.19,
            "debt_ratio": 58.19,
            "inventory_turnover_ratio": null,
            "account_receivable_turnover_ratio": null,
            "reinvestment_rate": null,
            "research_to_sale_ratio": null,
            "price_fair": 0,
            "eps_avg_yearly": 0,
            "eps_latest_yearly": 0,
            "eps_growth_yearly": 0
        },
        "20123": {
            "year_quarter": 20123,
            "year": 2012,
            "quarter": 3,
            "eps": null,
            "eps_growth_year": null,
            "eps_4q": null,
            "eps_4q_growth_year": null,
            "roe": null,
            "roe_4q": 0,
            "gross_profit": null,
            "gross_margin": null,
            "gross_margin_4q_avg": 0,
            "net_income": null,
            "net_income_4q": null,
            "revenue": null,
            "revenue_4q": null,
            "common_shares": null,
            "book_valuer_per_share": null,
            "book_valuer_per_share_4q_avg": 5.61,
            "equity": null,
            "current_ratio": null,
            "debt_ratio": null,
            "inventory_turnover_ratio": null,
            "account_receivable_turnover_ratio": null,
            "reinvestment_rate": null,
            "research_to_sale_ratio": null,
            "price_fair": 0,
            "eps_avg_yearly": 0,
            "eps_latest_yearly": 0,
            "eps_growth_yearly": 0
        },
        "20124": {
            "year_quarter": 20124,
            "year": 2012,
            "quarter": 4,
            "eps": null,
            "eps_growth_year": null,
            "eps_4q": null,
            "eps_4q_growth_year": null,
            "roe": null,
            "roe_4q": 0,
            "gross_profit": null,
            "gross_margin": null,
            "gross_margin_4q_avg": 0,
            "net_income": null,
            "net_income_4q": null,
            "revenue": null,
            "revenue_4q": null,
            "common_shares": 304600,
            "book_valuer_per_share": 13.39,
            "book_valuer_per_share_4q_avg": 6.3,
            "equity": 407924,
            "current_ratio": 192.91,
            "debt_ratio": 48.41,
            "inventory_turnover_ratio": null,
            "account_receivable_turnover_ratio": null,
            "reinvestment_rate": null,
            "research_to_sale_ratio": null,
            "price_fair": 0,
            "eps_avg_yearly": 0,
            "eps_latest_yearly": 0,
            "eps_growth_yearly": 0
        },
        "20131": {
            "year_quarter": 20131,
            "year": 2013,
            "quarter": 1,
            "eps": null,
            "eps_growth_year": null,
            "eps_4q": null,
            "eps_4q_growth_year": null,
            "roe": null,
            "roe_4q": 0,
            "gross_profit": null,
            "gross_margin": null,
            "gross_margin_4q_avg": 0,
            "net_income": null,
            "net_income_4q": null,
            "revenue": null,
            "revenue_4q": null,
            "common_shares": null,
            "book_valuer_per_share": null,
            "book_valuer_per_share_4q_avg": 6.3,
            "equity": null,
            "current_ratio": null,
            "debt_ratio": null,
            "inventory_turnover_ratio": null,
            "account_receivable_turnover_ratio": null,
            "reinvestment_rate": null,
            "research_to_sale_ratio": null,
            "price_fair": 0,
            "eps_avg_yearly": 0,
            "eps_latest_yearly": 0,
            "eps_growth_yearly": 0
        },
        "20132": {
            "year_quarter": 20132,
            "year": 2013,
            "quarter": 2,
            "eps": null,
            "eps_growth_year": null,
            "eps_4q": null,
            "eps_4q_growth_year": null,
            "roe": null,
            "roe_4q": 0,
            "gross_profit": null,
            "gross_margin": null,
            "gross_margin_4q_avg": 0,
            "net_income": null,
            "net_income_4q": null,
            "revenue": null,
            "revenue_4q": null,
            "common_shares": 304600,
            "book_valuer_per_share": 10.48,
            "book_valuer_per_share_4q_avg": 5.97,
            "equity": 319101,
            "current_ratio": 154.79,
            "debt_ratio": 59.6,
            "inventory_turnover_ratio": null,
            "account_receivable_turnover_ratio": null,
            "reinvestment_rate": null,
            "research_to_sale_ratio": null,
            "price_fair": 0,
            "eps_avg_yearly": 0,
            "eps_latest_yearly": 0,
            "eps_growth_yearly": 0
        },
        "20133": {
            "year_quarter": 20133,
            "year": 2013,
            "quarter": 3,
            "eps": null,
            "eps_growth_year": null,
            "eps_4q": null,
            "eps_4q_growth_year": null,
            "roe": null,
            "roe_4q": 0,
            "gross_profit": null,
            "gross_margin": null,
            "gross_margin_4q_avg": 0,
            "net_income": null,
            "net_income_4q": null,
            "revenue": null,
            "revenue_4q": null,
            "common_shares": null,
            "book_valuer_per_share": null,
            "book_valuer_per_share_4q_avg": 5.97,
            "equity": null,
            "current_ratio": null,
            "debt_ratio": null,
            "inventory_turnover_ratio": null,
            "account_receivable_turnover_ratio": null,
            "reinvestment_rate": null,
            "research_to_sale_ratio": null,
            "price_fair": 0,
            "eps_avg_yearly": 0,
            "eps_latest_yearly": 0,
            "eps_growth_yearly": 0
        },
        "20134": {
            "year_quarter": 20134,
            "year": 2013,
            "quarter": 4,
            "eps": null,
            "eps_growth_year": null,
            "eps_4q": null,
            "eps_4q_growth_year": null,
            "roe": null,
            "roe_4q": 0,
            "gross_profit": null,
            "gross_margin": null,
            "gross_margin_4q_avg": 0,
            "net_income": null,
            "net_income_4q": null,
            "revenue": null,
            "revenue_4q": null,
            "common_shares": 304600,
            "book_valuer_per_share": 11.46,
            "book_valuer_per_share_4q_avg": 5.49,
            "equity": 349180,
            "current_ratio": 187.8,
            "debt_ratio": 51.48,
            "inventory_turnover_ratio": null,
            "account_receivable_turnover_ratio": null,
            "reinvestment_rate": null,
            "research_to_sale_ratio": null,
            "price_fair": 0,
            "eps_avg_yearly": 0,
            "eps_latest_yearly": 0,
            "eps_growth_yearly": 0
        },
        "20141": {
            "year_quarter": 20141,
            "year": 2014,
            "quarter": 1,
            "eps": null,
            "eps_growth_year": null,
            "eps_4q": null,
            "eps_4q_growth_year": null,
            "roe": null,
            "roe_4q": 0,
            "gross_profit": null,
            "gross_margin": null,
            "gross_margin_4q_avg": 0,
            "net_income": null,
            "net_income_4q": null,
            "revenue": null,
            "revenue_4q": null,
            "common_shares": null,
            "book_valuer_per_share": null,
            "book_valuer_per_share_4q_avg": 5.49,
            "equity": null,
            "current_ratio": null,
            "debt_ratio": null,
            "inventory_turnover_ratio": null,
            "account_receivable_turnover_ratio": null,
            "reinvestment_rate": null,
            "research_to_sale_ratio": null,
            "price_fair": 0,
            "eps_avg_yearly": 0,
            "eps_latest_yearly": 0,
            "eps_growth_yearly": 0
        },
        "20142": {
            "year_quarter": 20142,
            "year": 2014,
            "quarter": 2,
            "eps": null,
            "eps_growth_year": null,
            "eps_4q": null,
            "eps_4q_growth_year": null,
            "roe": null,
            "roe_4q": 0,
            "gross_profit": null,
            "gross_margin": null,
            "gross_margin_4q_avg": 0,
            "net_income": null,
            "net_income_4q": null,
            "revenue": null,
            "revenue_4q": null,
            "common_shares": 304600,
            "book_valuer_per_share": 11.35,
            "book_valuer_per_share_4q_avg": 5.7,
            "equity": 345733,
            "current_ratio": 192.84,
            "debt_ratio": 50.54,
            "inventory_turnover_ratio": null,
            "account_receivable_turnover_ratio": null,
            "reinvestment_rate": null,
            "research_to_sale_ratio": null,
            "price_fair": 0,
            "eps_avg_yearly": 0,
            "eps_latest_yearly": 0,
            "eps_growth_yearly": 0
        },
        "20143": {
            "year_quarter": 20143,
            "year": 2014,
            "quarter": 3,
            "eps": null,
            "eps_growth_year": null,
            "eps_4q": null,
            "eps_4q_growth_year": null,
            "roe": null,
            "roe_4q": 0,
            "gross_profit": null,
            "gross_margin": null,
            "gross_margin_4q_avg": 0,
            "net_income": null,
            "net_income_4q": null,
            "revenue": null,
            "revenue_4q": null,
            "common_shares": null,
            "book_valuer_per_share": null,
            "book_valuer_per_share_4q_avg": 5.7,
            "equity": null,
            "current_ratio": null,
            "debt_ratio": null,
            "inventory_turnover_ratio": null,
            "account_receivable_turnover_ratio": null,
            "reinvestment_rate": null,
            "research_to_sale_ratio": null,
            "price_fair": 0,
            "eps_avg_yearly": 0,
            "eps_latest_yearly": 0,
            "eps_growth_yearly": 0
        },
        "20144": {
            "year_quarter": 20144,
            "year": 2014,
            "quarter": 4,
            "eps": null,
            "eps_growth_year": null,
            "eps_4q": null,
            "eps_4q_growth_year": null,
            "roe": null,
            "roe_4q": 0,
            "gross_profit": null,
            "gross_margin": null,
            "gross_margin_4q_avg": 0,
            "net_income": null,
            "net_income_4q": null,
            "revenue": null,
            "revenue_4q": null,
            "common_shares": 304600,
            "book_valuer_per_share": 11.74,
            "book_valuer_per_share_4q_avg": 5.77,
            "equity": 357619,
            "current_ratio": 180.96,
            "debt_ratio": 53.04,
            "inventory_turnover_ratio": null,
            "account_receivable_turnover_ratio": null,
            "reinvestment_rate": null,
            "research_to_sale_ratio": null,
            "price_fair": 0,
            "eps_avg_yearly": 0,
            "eps_latest_yearly": 0,
            "eps_growth_yearly": 0
        },
        "20151": {
            "year_quarter": 20151,
            "year": 2015,
            "quarter": 1,
            "eps": null,
            "eps_growth_year": null,
            "eps_4q": null,
            "eps_4q_growth_year": null,
            "roe": null,
            "roe_4q": 0,
            "gross_profit": null,
            "gross_margin": null,
            "gross_margin_4q_avg": 0,
            "net_income": null,
            "net_income_4q": null,
            "revenue": null,
            "revenue_4q": null,
            "common_shares": null,
            "book_valuer_per_share": null,
            "book_valuer_per_share_4q_avg": 5.77,
            "equity": null,
            "current_ratio": null,
            "debt_ratio": null,
            "inventory_turnover_ratio": null,
            "account_receivable_turnover_ratio": null,
            "reinvestment_rate": null,
            "research_to_sale_ratio": null,
            "price_fair": 0,
            "eps_avg_yearly": 0,
            "eps_latest_yearly": 0,
            "eps_growth_yearly": 0
        },
        "20152": {
            "year_quarter": 20152,
            "year": 2015,
            "quarter": 2,
            "eps": null,
            "eps_growth_year": null,
            "eps_4q": null,
            "eps_4q_growth_year": null,
            "roe": null,
            "roe_4q": 0,
            "gross_profit": null,
            "gross_margin": null,
            "gross_margin_4q_avg": 0,
            "net_income": null,
            "net_income_4q": null,
            "revenue": null,
            "revenue_4q": null,
            "common_shares": 304600,
            "book_valuer_per_share": 11.3,
            "book_valuer_per_share_4q_avg": 5.76,
            "equity": 344311,
            "current_ratio": 183.55,
            "debt_ratio": 51.95,
            "inventory_turnover_ratio": null,
            "account_receivable_turnover_ratio": null,
            "reinvestment_rate": null,
            "research_to_sale_ratio": null,
            "price_fair": 0,
            "eps_avg_yearly": 0,
            "eps_latest_yearly": 0,
            "eps_growth_yearly": 0
        },
        "20153": {
            "year_quarter": 20153,
            "year": 2015,
            "quarter": 3,
            "eps": null,
            "eps_growth_year": null,
            "eps_4q": null,
            "eps_4q_growth_year": null,
            "roe": null,
            "roe_4q": 0,
            "gross_profit": null,
            "gross_margin": null,
            "gross_margin_4q_avg": 0,
            "net_income": null,
            "net_income_4q": null,
            "revenue": null,
            "revenue_4q": null,
            "common_shares": null,
            "book_valuer_per_share": null,
            "book_valuer_per_share_4q_avg": 5.76,
            "equity": null,
            "current_ratio": null,
            "debt_ratio": null,
            "inventory_turnover_ratio": null,
            "account_receivable_turnover_ratio": null,
            "reinvestment_rate": null,
            "research_to_sale_ratio": null,
            "price_fair": 0,
            "eps_avg_yearly": 0,
            "eps_latest_yearly": 0,
            "eps_growth_yearly": 0
        },
        "20154": {
            "year_quarter": 20154,
            "year": 2015,
            "quarter": 4,
            "eps": null,
            "eps_growth_year": null,
            "eps_4q": null,
            "eps_4q_growth_year": null,
            "roe": null,
            "roe_4q": 0,
            "gross_profit": null,
            "gross_margin": null,
            "gross_margin_4q_avg": 0,
            "net_income": null,
            "net_income_4q": null,
            "revenue": null,
            "revenue_4q": null,
            "common_shares": 304600,
            "book_valuer_per_share": 12.39,
            "book_valuer_per_share_4q_avg": 5.92,
            "equity": 377428,
            "current_ratio": 203.03,
            "debt_ratio": 47.75,
            "inventory_turnover_ratio": null,
            "account_receivable_turnover_ratio": null,
            "reinvestment_rate": null,
            "research_to_sale_ratio": null,
            "price_fair": 0,
            "eps_avg_yearly": 0,
            "eps_latest_yearly": 0,
            "eps_growth_yearly": 0
        },
        "20161": {
            "year_quarter": 20161,
            "year": 2016,
            "quarter": 1,
            "eps": null,
            "eps_growth_year": null,
            "eps_4q": null,
            "eps_4q_growth_year": null,
            "roe": null,
            "roe_4q": 0,
            "gross_profit": null,
            "gross_margin": null,
            "gross_margin_4q_avg": 0,
            "net_income": null,
            "net_income_4q": null,
            "revenue": null,
            "revenue_4q": null,
            "common_shares": null,
            "book_valuer_per_share": null,
            "book_valuer_per_share_4q_avg": 5.92,
            "equity": null,
            "current_ratio": null,
            "debt_ratio": null,
            "inventory_turnover_ratio": null,
            "account_receivable_turnover_ratio": null,
            "reinvestment_rate": null,
            "research_to_sale_ratio": null,
            "price_fair": 0,
            "eps_avg_yearly": 0,
            "eps_latest_yearly": 0,
            "eps_growth_yearly": 0
        },
        "20162": {
            "year_quarter": 20162,
            "year": 2016,
            "quarter": 2,
            "eps": null,
            "eps_growth_year": null,
            "eps_4q": null,
            "eps_4q_growth_year": null,
            "roe": null,
            "roe_4q": 0,
            "gross_profit": null,
            "gross_margin": null,
            "gross_margin_4q_avg": 0,
            "net_income": null,
            "net_income_4q": null,
            "revenue": null,
            "revenue_4q": null,
            "common_shares": 304600,
            "book_valuer_per_share": 12.44,
            "book_valuer_per_share_4q_avg": 6.21,
            "equity": 378969,
            "current_ratio": 202.5,
            "debt_ratio": 47.93,
            "inventory_turnover_ratio": null,
            "account_receivable_turnover_ratio": null,
            "reinvestment_rate": null,
            "research_to_sale_ratio": null,
            "price_fair": 0,
            "eps_avg_yearly": 0,
            "eps_latest_yearly": 0,
            "eps_growth_yearly": 0
        },
        "20163": {
            "year_quarter": 20163,
            "year": 2016,
            "quarter": 3,
            "eps": null,
            "eps_growth_year": null,
            "eps_4q": null,
            "eps_4q_growth_year": null,
            "roe": null,
            "roe_4q": 0,
            "gross_profit": null,
            "gross_margin": null,
            "gross_margin_4q_avg": 0,
            "net_income": null,
            "net_income_4q": null,
            "revenue": null,
            "revenue_4q": null,
            "common_shares": null,
            "book_valuer_per_share": null,
            "book_valuer_per_share_4q_avg": 6.21,
            "equity": null,
            "current_ratio": null,
            "debt_ratio": null,
            "inventory_turnover_ratio": null,
            "account_receivable_turnover_ratio": null,
            "reinvestment_rate": null,
            "research_to_sale_ratio": null,
            "price_fair": 0,
            "eps_avg_yearly": 0,
            "eps_latest_yearly": 0,
            "eps_growth_yearly": 0
        },
        "20164": {
            "year_quarter": 20164,
            "year": 2016,
            "quarter": 4,
            "eps": null,
            "eps_growth_year": null,
            "eps_4q": null,
            "eps_4q_growth_year": null,
            "roe": null,
            "roe_4q": 0,
            "gross_profit": null,
            "gross_margin": null,
            "gross_margin_4q_avg": 0,
            "net_income": null,
            "net_income_4q": null,
            "revenue": null,
            "revenue_4q": null,
            "common_shares": null,
            "book_valuer_per_share": null,
            "book_valuer_per_share_4q_avg": 3.11,
            "equity": null,
            "current_ratio": null,
            "debt_ratio": null,
            "inventory_turnover_ratio": null,
            "account_receivable_turnover_ratio": null,
            "reinvestment_rate": null,
            "research_to_sale_ratio": null,
            "price_fair": 0,
            "eps_avg_yearly": 0,
            "eps_latest_yearly": 0,
            "eps_growth_yearly": 0
        },
        "20171": {
            "year_quarter": 20171,
            "year": 2017,
            "quarter": 1,
            "eps": null,
            "eps_growth_year": null,
            "eps_4q": null,
            "eps_4q_growth_year": null,
            "roe": null,
            "roe_4q": 0,
            "gross_profit": null,
            "gross_margin": null,
            "gross_margin_4q_avg": 0,
            "net_income": null,
            "net_income_4q": null,
            "revenue": null,
            "revenue_4q": null,
            "common_shares": null,
            "book_valuer_per_share": null,
            "book_valuer_per_share_4q_avg": 3.11,
            "equity": null,
            "current_ratio": null,
            "debt_ratio": null,
            "inventory_turnover_ratio": null,
            "account_receivable_turnover_ratio": null,
            "reinvestment_rate": null,
            "research_to_sale_ratio": null,
            "price_fair": 0,
            "eps_avg_yearly": 0,
            "eps_latest_yearly": 0,
            "eps_growth_yearly": 0
        },
        "20172": {
            "year_quarter": 20172,
            "year": 2017,
            "quarter": 2,
            "eps": null,
            "eps_growth_year": null,
            "eps_4q": null,
            "eps_4q_growth_year": null,
            "roe": null,
            "roe_4q": 0,
            "gross_profit": null,
            "gross_margin": null,
            "gross_margin_4q_avg": 0,
            "net_income": null,
            "net_income_4q": null,
            "revenue": null,
            "revenue_4q": null,
            "common_shares": 304600,
            "book_valuer_per_share": 12.78,
            "book_valuer_per_share_4q_avg": 3.2,
            "equity": 389316,
            "current_ratio": 199.82,
            "debt_ratio": 48.56,
            "inventory_turnover_ratio": null,
            "account_receivable_turnover_ratio": null,
            "reinvestment_rate": null,
            "research_to_sale_ratio": null,
            "price_fair": 0,
            "eps_avg_yearly": 0,
            "eps_latest_yearly": 0,
            "eps_growth_yearly": 0
        },
        "20173": {
            "year_quarter": 20173,
            "year": 2017,
            "quarter": 3,
            "eps": null,
            "eps_growth_year": null,
            "eps_4q": null,
            "eps_4q_growth_year": null,
            "roe": null,
            "roe_4q": 0,
            "gross_profit": null,
            "gross_margin": null,
            "gross_margin_4q_avg": 0,
            "net_income": null,
            "net_income_4q": null,
            "revenue": null,
            "revenue_4q": null,
            "common_shares": null,
            "book_valuer_per_share": null,
            "book_valuer_per_share_4q_avg": 3.2,
            "equity": null,
            "current_ratio": null,
            "debt_ratio": null,
            "inventory_turnover_ratio": null,
            "account_receivable_turnover_ratio": null,
            "reinvestment_rate": null,
            "research_to_sale_ratio": null,
            "price_fair": 0,
            "eps_avg_yearly": 0,
            "eps_latest_yearly": 0,
            "eps_growth_yearly": 0
        },
        "20174": {
            "year_quarter": 20174,
            "year": 2017,
            "quarter": 4,
            "eps": null,
            "eps_growth_year": null,
            "eps_4q": null,
            "eps_4q_growth_year": null,
            "roe": null,
            "roe_4q": 0,
            "gross_profit": null,
            "gross_margin": null,
            "gross_margin_4q_avg": 0,
            "net_income": null,
            "net_income_4q": null,
            "revenue": null,
            "revenue_4q": null,
            "common_shares": 304600,
            "book_valuer_per_share": 13.79,
            "book_valuer_per_share_4q_avg": 6.64,
            "equity": 420105,
            "current_ratio": 227.28,
            "debt_ratio": 43.28,
            "inventory_turnover_ratio": null,
            "account_receivable_turnover_ratio": null,
            "reinvestment_rate": null,
            "research_to_sale_ratio": null,
            "price_fair": 0,
            "eps_avg_yearly": 0,
            "eps_latest_yearly": 0,
            "eps_growth_yearly": 0
        },
        "20181": {
            "year_quarter": 20181,
            "year": 2018,
            "quarter": 1,
            "eps": null,
            "eps_growth_year": null,
            "eps_4q": null,
            "eps_4q_growth_year": null,
            "roe": null,
            "roe_4q": 0,
            "gross_profit": null,
            "gross_margin": null,
            "gross_margin_4q_avg": 0,
            "net_income": null,
            "net_income_4q": null,
            "revenue": null,
            "revenue_4q": null,
            "common_shares": null,
            "book_valuer_per_share": null,
            "book_valuer_per_share_4q_avg": 6.64,
            "equity": null,
            "current_ratio": null,
            "debt_ratio": null,
            "inventory_turnover_ratio": null,
            "account_receivable_turnover_ratio": null,
            "reinvestment_rate": null,
            "research_to_sale_ratio": null,
            "price_fair": 0,
            "eps_avg_yearly": 0,
            "eps_latest_yearly": 0,
            "eps_growth_yearly": 0
        },
        "20182": {
            "year_quarter": 20182,
            "year": 2018,
            "quarter": 2,
            "eps": null,
            "eps_growth_year": null,
            "eps_4q": null,
            "eps_4q_growth_year": null,
            "roe": null,
            "roe_4q": 0,
            "gross_profit": null,
            "gross_margin": null,
            "gross_margin_4q_avg": 0,
            "net_income": null,
            "net_income_4q": null,
            "revenue": null,
            "revenue_4q": null,
            "common_shares": 304600,
            "book_valuer_per_share": 13.23,
            "book_valuer_per_share_4q_avg": 6.76,
            "equity": 402890,
            "current_ratio": 224.37,
            "debt_ratio": 43.48,
            "inventory_turnover_ratio": null,
            "account_receivable_turnover_ratio": null,
            "reinvestment_rate": null,
            "research_to_sale_ratio": null,
            "price_fair": 0,
            "eps_avg_yearly": 0,
            "eps_latest_yearly": 0,
            "eps_growth_yearly": 0
        },
        "20183": {
            "year_quarter": 20183,
            "year": 2018,
            "quarter": 3,
            "eps": 0.47,
            "eps_growth_year": null,
            "eps_4q": null,
            "eps_4q_growth_year": null,
            "roe": 3.49,
            "roe_4q": 3.49,
            "gross_profit": 42614,
            "gross_margin": 19.06,
            "gross_margin_4q_avg": 4.77,
            "net_income": 14228,
            "net_income_4q": null,
            "revenue": 223570,
            "revenue_4q": null,
            "common_shares": 304600,
            "book_valuer_per_share": 13.52,
            "book_valuer_per_share_4q_avg": 10.14,
            "equity": 411911,
            "current_ratio": 251.22,
            "debt_ratio": 39.29,
            "inventory_turnover_ratio": 1.57,
            "account_receivable_turnover_ratio": 0.99,
            "reinvestment_rate": null,
            "research_to_sale_ratio": 0.75,
            "price_fair": 0,
            "eps_avg_yearly": 0,
            "eps_latest_yearly": 0,
            "eps_growth_yearly": 0
        },
        "20184": {
            "year_quarter": 20184,
            "year": 2018,
            "quarter": 4,
            "eps": 0.38,
            "eps_growth_year": null,
            "eps_4q": null,
            "eps_4q_growth_year": null,
            "roe": 2.78,
            "roe_4q": 6.27,
            "gross_profit": 45170,
            "gross_margin": 20.17,
            "gross_margin_4q_avg": 9.81,
            "net_income": 11625,
            "net_income_4q": null,
            "revenue": 223977,
            "revenue_4q": null,
            "common_shares": 304600,
            "book_valuer_per_share": 13.94,
            "book_valuer_per_share_4q_avg": 10.17,
            "equity": 424677,
            "current_ratio": 263.81,
            "debt_ratio": 37.7,
            "inventory_turnover_ratio": 1.64,
            "account_receivable_turnover_ratio": 0.98,
            "reinvestment_rate": null,
            "research_to_sale_ratio": 1.13,
            "price_fair": 4.56,
            "eps_avg_yearly": 1.52,
            "eps_latest_yearly": 1.52,
            "eps_growth_yearly": -76.6
        },
        "20191": {
            "year_quarter": 20191,
            "year": 2019,
            "quarter": 1,
            "eps": -0.2,
            "eps_growth_year": null,
            "eps_4q": null,
            "eps_4q_growth_year": null,
            "roe": -1.38,
            "roe_4q": 4.890000000000001,
            "gross_profit": 32358,
            "gross_margin": 16.72,
            "gross_margin_4q_avg": 13.99,
            "net_income": -6588,
            "net_income_4q": null,
            "revenue": 193575,
            "revenue_4q": null,
            "common_shares": 345220,
            "book_valuer_per_share": 15.31,
            "book_valuer_per_share_4q_avg": 14,
            "equity": 528557,
            "current_ratio": 267.63,
            "debt_ratio": 35.99,
            "inventory_turnover_ratio": 1.37,
            "account_receivable_turnover_ratio": 0.88,
            "reinvestment_rate": null,
            "research_to_sale_ratio": null,
            "price_fair": 4.56,
            "eps_avg_yearly": 1.52,
            "eps_latest_yearly": 1.52,
            "eps_growth_yearly": -76.6
        },
        "20192": {
            "year_quarter": 20192,
            "year": 2019,
            "quarter": 2,
            "eps": 0.14,
            "eps_growth_year": null,
            "eps_4q": 0.7,
            "eps_4q_growth_year": null,
            "roe": 0.97,
            "roe_4q": 5.86,
            "gross_profit": 37624,
            "gross_margin": 17.09,
            "gross_margin_4q_avg": 18.26,
            "net_income": 4977,
            "net_income_4q": null,
            "revenue": 220167,
            "revenue_4q": null,
            "common_shares": 345220,
            "book_valuer_per_share": 14.3,
            "book_valuer_per_share_4q_avg": 14.27,
            "equity": 493635,
            "current_ratio": 238.52,
            "debt_ratio": 39.98,
            "inventory_turnover_ratio": 1.27,
            "account_receivable_turnover_ratio": 1.01,
            "reinvestment_rate": null,
            "research_to_sale_ratio": 2.06,
            "price_fair": 4.56,
            "eps_avg_yearly": 1.52,
            "eps_latest_yearly": 1.52,
            "eps_growth_yearly": -76.6
        },
        "20193": {
            "year_quarter": 20193,
            "year": 2019,
            "quarter": 3,
            "eps": 0.21,
            "eps_growth_year": -55.32,
            "eps_4q": 0.5,
            "eps_4q_growth_year": null,
            "roe": 1.44,
            "roe_4q": 3.81,
            "gross_profit": 38004,
            "gross_margin": 12.81,
            "gross_margin_4q_avg": 16.7,
            "net_income": 7097,
            "net_income_4q": null,
            "revenue": 296683,
            "revenue_4q": null,
            "common_shares": 345220,
            "book_valuer_per_share": 14.33,
            "book_valuer_per_share_4q_avg": 14.47,
            "equity": 494734,
            "current_ratio": 289,
            "debt_ratio": 33.8,
            "inventory_turnover_ratio": 2.06,
            "account_receivable_turnover_ratio": 1.26,
            "reinvestment_rate": null,
            "research_to_sale_ratio": 1.08,
            "price_fair": 41.3,
            "eps_avg_yearly": 1.18,
            "eps_latest_yearly": 0.84,
            "eps_growth_yearly": 61.7
        },
        "20194": {
            "year_quarter": 20194,
            "year": 2019,
            "quarter": 4,
            "eps": 0.02,
            "eps_growth_year": -94,
            "eps_4q": 0.18,
            "eps_4q_growth_year": null,
            "roe": 0.16,
            "roe_4q": 1.19,
            "gross_profit": 37767,
            "gross_margin": 19.19,
            "gross_margin_4q_avg": 16.45,
            "net_income": 790,
            "net_income_4q": null,
            "revenue": 196806,
            "revenue_4q": null,
            "common_shares": 345220,
            "book_valuer_per_share": 14.25,
            "book_valuer_per_share_4q_avg": 14.55,
            "equity": 492106,
            "current_ratio": 292.49,
            "debt_ratio": 33.43,
            "inventory_turnover_ratio": 1.74,
            "account_receivable_turnover_ratio": 0.9,
            "reinvestment_rate": null,
            "research_to_sale_ratio": 1.24,
            "price_fair": 2.44,
            "eps_avg_yearly": 0.81,
            "eps_latest_yearly": 0.08,
            "eps_growth_yearly": -79.5
        },
        "20201": {
            "year_quarter": 20201,
            "year": 2020,
            "quarter": 1,
            "eps": -0.19,
            "eps_growth_year": null,
            "eps_4q": 0.18,
            "eps_4q_growth_year": null,
            "roe": -1.34,
            "roe_4q": 1.2299999999999998,
            "gross_profit": 17511,
            "gross_margin": 13.83,
            "gross_margin_4q_avg": 15.73,
            "net_income": -6556,
            "net_income_4q": null,
            "revenue": 126648,
            "revenue_4q": null,
            "common_shares": 345220,
            "book_valuer_per_share": 14.02,
            "book_valuer_per_share_4q_avg": 14.23,
            "equity": 484078,
            "current_ratio": 283.8,
            "debt_ratio": 32.77,
            "inventory_turnover_ratio": 1.07,
            "account_receivable_turnover_ratio": 0.74,
            "reinvestment_rate": null,
            "research_to_sale_ratio": 1.3,
            "price_fair": 2.44,
            "eps_avg_yearly": 0.81,
            "eps_latest_yearly": 0.08,
            "eps_growth_yearly": -79.5
        },
        "20202": {
            "year_quarter": 20202,
            "year": 2020,
            "quarter": 2,
            "eps": 0.59,
            "eps_growth_year": 321.43,
            "eps_4q": 0.62,
            "eps_4q_growth_year": -11.06,
            "roe": 4.18,
            "roe_4q": 4.4399999999999995,
            "gross_profit": 53199,
            "gross_margin": 21.73,
            "gross_margin_4q_avg": 16.89,
            "net_income": 20231,
            "net_income_4q": null,
            "revenue": 244792,
            "revenue_4q": null,
            "common_shares": 345220,
            "book_valuer_per_share": 14.02,
            "book_valuer_per_share_4q_avg": 14.16,
            "equity": 484122,
            "current_ratio": 236.93,
            "debt_ratio": 38.5,
            "inventory_turnover_ratio": 1.79,
            "account_receivable_turnover_ratio": 1.4,
            "reinvestment_rate": null,
            "research_to_sale_ratio": 1.34,
            "price_fair": 2.44,
            "eps_avg_yearly": 0.81,
            "eps_latest_yearly": 0.08,
            "eps_growth_yearly": -79.5
        },
        "20203": {
            "year_quarter": 20203,
            "year": 2020,
            "quarter": 3,
            "eps": 0,
            "eps_growth_year": -100,
            "eps_4q": 0.42,
            "eps_4q_growth_year": -15.24,
            "roe": 0.01,
            "roe_4q": 3.01,
            "gross_profit": 35905,
            "gross_margin": 17.18,
            "gross_margin_4q_avg": 17.98,
            "net_income": 38,
            "net_income_4q": null,
            "revenue": 208948,
            "revenue_4q": null,
            "common_shares": 345220,
            "book_valuer_per_share": 14.1,
            "book_valuer_per_share_4q_avg": 14.1,
            "equity": 486641,
            "current_ratio": 261.89,
            "debt_ratio": 35.71,
            "inventory_turnover_ratio": 1.71,
            "account_receivable_turnover_ratio": 1.03,
            "reinvestment_rate": null,
            "research_to_sale_ratio": 1.4,
            "price_fair": 2.44,
            "eps_avg_yearly": 0.81,
            "eps_latest_yearly": 0.08,
            "eps_growth_yearly": -79.5
        },
        "20204": {
            "year_quarter": 20204,
            "year": 2020,
            "quarter": 4,
            "eps": -0.23,
            "eps_growth_year": -1097.85,
            "eps_4q": 0.17,
            "eps_4q_growth_year": -7.11,
            "roe": -1.63,
            "roe_4q": 1.2199999999999995,
            "gross_profit": 28589,
            "gross_margin": 17.01,
            "gross_margin_4q_avg": 17.44,
            "net_income": -7883,
            "net_income_4q": null,
            "revenue": 168113,
            "revenue_4q": null,
            "common_shares": 345220,
            "book_valuer_per_share": 13.96,
            "book_valuer_per_share_4q_avg": 14.03,
            "equity": 481811,
            "current_ratio": 289.97,
            "debt_ratio": 32.19,
            "inventory_turnover_ratio": 1.38,
            "account_receivable_turnover_ratio": 0.91,
            "reinvestment_rate": null,
            "research_to_sale_ratio": 1.73,
            "price_fair": 2.44,
            "eps_avg_yearly": 0.81,
            "eps_latest_yearly": 0.08,
            "eps_growth_yearly": -79.5
        },
        "20211": {
            "year_quarter": 20211,
            "year": 2021,
            "quarter": 1,
            "eps": -0.2,
            "eps_growth_year": null,
            "eps_4q": 0.16,
            "eps_4q_growth_year": -11.68,
            "roe": -1.43,
            "roe_4q": 1.13,
            "gross_profit": 19761,
            "gross_margin": 13.15,
            "gross_margin_4q_avg": 17.27,
            "net_income": -6815,
            "net_income_4q": null,
            "revenue": 150241,
            "revenue_4q": null,
            "common_shares": 345220,
            "book_valuer_per_share": 13.73,
            "book_valuer_per_share_4q_avg": 13.95,
            "equity": 473990,
            "current_ratio": 254.56,
            "debt_ratio": 35.56,
            "inventory_turnover_ratio": 1.11,
            "account_receivable_turnover_ratio": 0.92,
            "reinvestment_rate": null,
            "research_to_sale_ratio": 1.65,
            "price_fair": 2.44,
            "eps_avg_yearly": 0.81,
            "eps_latest_yearly": 0.08,
            "eps_growth_yearly": -79.5
        },
        "20212": {
            "year_quarter": 20212,
            "year": 2021,
            "quarter": 2,
            "eps": -0.1,
            "eps_growth_year": -116.95,
            "eps_4q": -0.52,
            "eps_4q_growth_year": -183.47,
            "roe": -0.71,
            "roe_4q": -3.76,
            "gross_profit": 33118,
            "gross_margin": 13.56,
            "gross_margin_4q_avg": 15.23,
            "net_income": -3338,
            "net_income_4q": null,
            "revenue": 244188,
            "revenue_4q": null,
            "common_shares": 345220,
            "book_valuer_per_share": 13.58,
            "book_valuer_per_share_4q_avg": 13.84,
            "equity": 468964,
            "current_ratio": 213.9,
            "debt_ratio": 41.17,
            "inventory_turnover_ratio": 1.51,
            "account_receivable_turnover_ratio": 1.33,
            "reinvestment_rate": null,
            "research_to_sale_ratio": 0.95,
            "price_fair": 2.44,
            "eps_avg_yearly": 0.81,
            "eps_latest_yearly": 0.08,
            "eps_growth_yearly": -79.5
        },
        "20213": {
            "year_quarter": 20213,
            "year": 2021,
            "quarter": 3,
            "eps": -0.2,
            "eps_growth_year": null,
            "eps_4q": -0.73,
            "eps_4q_growth_year": -272.63,
            "roe": -1.52,
            "roe_4q": -5.29,
            "gross_profit": 31301,
            "gross_margin": 12.65,
            "gross_margin_4q_avg": 14.09,
            "net_income": -7001,
            "net_income_4q": null,
            "revenue": 247427,
            "revenue_4q": null,
            "common_shares": 345220,
            "book_valuer_per_share": 13.18,
            "book_valuer_per_share_4q_avg": 13.61,
            "equity": 454948,
            "current_ratio": 194.11,
            "debt_ratio": 56.84,
            "inventory_turnover_ratio": 1.55,
            "account_receivable_turnover_ratio": 1.14,
            "reinvestment_rate": null,
            "research_to_sale_ratio": 1.04,
            "price_fair": 2.44,
            "eps_avg_yearly": 0.81,
            "eps_latest_yearly": 0.08,
            "eps_growth_yearly": -79.5
        },
        "20214": {
            "year_quarter": 20214,
            "year": 2021,
            "quarter": 4,
            "eps": -0.18,
            "eps_growth_year": null,
            "eps_4q": -0.68,
            "eps_4q_growth_year": -502.35,
            "roe": -1.39,
            "roe_4q": -5.05,
            "gross_profit": 30714,
            "gross_margin": 12.88,
            "gross_margin_4q_avg": 13.06,
            "net_income": -6303,
            "net_income_4q": null,
            "revenue": 238405,
            "revenue_4q": null,
            "common_shares": 345220,
            "book_valuer_per_share": 13.04,
            "book_valuer_per_share_4q_avg": 13.38,
            "equity": 450130,
            "current_ratio": 183.63,
            "debt_ratio": 57.57,
            "inventory_turnover_ratio": 1.46,
            "account_receivable_turnover_ratio": 1.07,
            "reinvestment_rate": null,
            "research_to_sale_ratio": 0.72,
            "price_fair": 2.44,
            "eps_avg_yearly": 0.81,
            "eps_latest_yearly": 0.08,
            "eps_growth_yearly": -79.5
        },
        "20221": {
            "year_quarter": 20221,
            "year": 2022,
            "quarter": 1,
            "eps": -0.05,
            "eps_growth_year": null,
            "eps_4q": -0.53,
            "eps_4q_growth_year": -427.52,
            "roe": -0.36,
            "roe_4q": -3.98,
            "gross_profit": 30951,
            "gross_margin": 16.09,
            "gross_margin_4q_avg": 13.8,
            "net_income": -1604,
            "net_income_4q": null,
            "revenue": 192319,
            "revenue_4q": null,
            "common_shares": 345220,
            "book_valuer_per_share": 13.13,
            "book_valuer_per_share_4q_avg": 13.23,
            "equity": 453443,
            "current_ratio": 200.09,
            "debt_ratio": 55.37,
            "inventory_turnover_ratio": 1.1,
            "account_receivable_turnover_ratio": 0.93,
            "reinvestment_rate": null,
            "research_to_sale_ratio": 0.71,
            "price_fair": 2.44,
            "eps_avg_yearly": 0.81,
            "eps_latest_yearly": 0.08,
            "eps_growth_yearly": -79.5
        },
        "20222": {
            "year_quarter": 20222,
            "year": 2022,
            "quarter": 2,
            "eps": 0.37,
            "eps_growth_year": null,
            "eps_4q": -0.06,
            "eps_4q_growth_year": null,
            "roe": 2.79,
            "roe_4q": -0.47999999999999976,
            "gross_profit": 40877,
            "gross_margin": 17.49,
            "gross_margin_4q_avg": 14.78,
            "net_income": 12829,
            "net_income_4q": null,
            "revenue": 233684,
            "revenue_4q": null,
            "common_shares": 345220,
            "book_valuer_per_share": 13.48,
            "book_valuer_per_share_4q_avg": 13.21,
            "equity": 465377,
            "current_ratio": 210.6,
            "debt_ratio": 54,
            "inventory_turnover_ratio": 1.4,
            "account_receivable_turnover_ratio": 1.22,
            "reinvestment_rate": 205.14,
            "research_to_sale_ratio": 0.69,
            "price_fair": 2.44,
            "eps_avg_yearly": 0.81,
            "eps_latest_yearly": 0.08,
            "eps_growth_yearly": -79.5
        },
        "20223": {
            "year_quarter": 20223,
            "year": 2022,
            "quarter": 3,
            "eps": 0.38,
            "eps_growth_year": null,
            "eps_4q": 0.52,
            "eps_4q_growth_year": null,
            "roe": 2.78,
            "roe_4q": 3.8200000000000003,
            "gross_profit": 38654,
            "gross_margin": 18.08,
            "gross_margin_4q_avg": 16.14,
            "net_income": 13137,
            "net_income_4q": null,
            "revenue": 213843,
            "revenue_4q": null,
            "common_shares": 345220,
            "book_valuer_per_share": 13.92,
            "book_valuer_per_share_4q_avg": 13.39,
            "equity": 480461,
            "current_ratio": 234.18,
            "debt_ratio": 51.41,
            "inventory_turnover_ratio": 1.52,
            "account_receivable_turnover_ratio": 1.04,
            "reinvestment_rate": 215,
            "research_to_sale_ratio": 1.12,
            "price_fair": 2.97,
            "eps_avg_yearly": 0.99,
            "eps_latest_yearly": 1.52,
            "eps_growth_yearly": -56.92
        },
        "20224": {
            "year_quarter": 20224,
            "year": 2022,
            "quarter": 4,
            "eps": 0.05,
            "eps_growth_year": null,
            "eps_4q": 0.76,
            "eps_4q_growth_year": null,
            "roe": 0.38,
            "roe_4q": 5.589999999999999,
            "gross_profit": 37858,
            "gross_margin": 21.28,
            "gross_margin_4q_avg": 18.24,
            "net_income": 1823,
            "net_income_4q": null,
            "revenue": 177908,
            "revenue_4q": null,
            "common_shares": 345220,
            "book_valuer_per_share": 13.97,
            "book_valuer_per_share_4q_avg": 13.63,
            "equity": 482277,
            "current_ratio": 233.48,
            "debt_ratio": 51.09,
            "inventory_turnover_ratio": 1.37,
            "account_receivable_turnover_ratio": 0.92,
            "reinvestment_rate": 348.61,
            "research_to_sale_ratio": 0.91,
            "price_fair": 1.98,
            "eps_avg_yearly": 0.66,
            "eps_latest_yearly": 0.2,
            "eps_growth_yearly": -124.62
        },
        "20231": {
            "year_quarter": 20231,
            "year": 2023,
            "quarter": 1,
            "eps": -0.03,
            "eps_growth_year": null,
            "eps_4q": 0.78,
            "eps_4q_growth_year": null,
            "roe": -0.21,
            "roe_4q": 5.74,
            "gross_profit": 33124,
            "gross_margin": 19.16,
            "gross_margin_4q_avg": 19,
            "net_income": -1014,
            "net_income_4q": null,
            "revenue": 172868,
            "revenue_4q": null,
            "common_shares": 345220,
            "book_valuer_per_share": 13.96,
            "book_valuer_per_share_4q_avg": 13.83,
            "equity": 481917,
            "current_ratio": 231.81,
            "debt_ratio": 52.78,
            "inventory_turnover_ratio": 1.26,
            "account_receivable_turnover_ratio": 1.01,
            "reinvestment_rate": 253.41,
            "research_to_sale_ratio": 1.07,
            "price_fair": 1.98,
            "eps_avg_yearly": 0.66,
            "eps_latest_yearly": 0.2,
            "eps_growth_yearly": -124.62
        },
        "20232": {
            "year_quarter": 20232,
            "year": 2023,
            "quarter": 2,
            "eps": 0.76,
            "eps_growth_year": 105.41,
            "eps_4q": 1.16,
            "eps_4q_growth_year": null,
            "roe": 5.41,
            "roe_4q": 8.36,
            "gross_profit": 49523,
            "gross_margin": 22.02,
            "gross_margin_4q_avg": 20.14,
            "net_income": 26134,
            "net_income_4q": null,
            "revenue": 224862,
            "revenue_4q": null,
            "common_shares": 345220,
            "book_valuer_per_share": 14.02,
            "book_valuer_per_share_4q_avg": 13.97,
            "equity": 483835,
            "current_ratio": 214.48,
            "debt_ratio": 54.15,
            "inventory_turnover_ratio": 1.48,
            "account_receivable_turnover_ratio": 1.31,
            "reinvestment_rate": 116.16,
            "research_to_sale_ratio": 1.01,
            "price_fair": 1.98,
            "eps_avg_yearly": 0.66,
            "eps_latest_yearly": 0.2,
            "eps_growth_yearly": -124.62
        },
        "20233": {
            "year_quarter": 20233,
            "year": 2023,
            "quarter": 3,
            "eps": 0.43,
            "eps_growth_year": 13.16,
            "eps_4q": 1.21,
            "eps_4q_growth_year": 132.03,
            "roe": 3.03,
            "roe_4q": 8.61,
            "gross_profit": 48063,
            "gross_margin": 20.66,
            "gross_margin_4q_avg": 20.78,
            "net_income": 14960,
            "net_income_4q": null,
            "revenue": 232632,
            "revenue_4q": null,
            "common_shares": 345220,
            "book_valuer_per_share": 14.6,
            "book_valuer_per_share_4q_avg": 14.14,
            "equity": 503968,
            "current_ratio": 245.29,
            "debt_ratio": 51.08,
            "inventory_turnover_ratio": 1.78,
            "account_receivable_turnover_ratio": 1.26,
            "reinvestment_rate": 97.19,
            "research_to_sale_ratio": 0.74,
            "price_fair": 2.64,
            "eps_avg_yearly": 0.88,
            "eps_latest_yearly": 1.72,
            "eps_growth_yearly": -218.04
        },
        "20234": {
            "year_quarter": 20234,
            "year": 2023,
            "quarter": 4,
            "eps": 0.22,
            "eps_growth_year": 320.46,
            "eps_4q": 1.38,
            "eps_4q_growth_year": 82.34,
            "roe": 1.52,
            "roe_4q": 9.75,
            "gross_profit": 39725,
            "gross_margin": 20.06,
            "gross_margin_4q_avg": 20.48,
            "net_income": 7665,
            "net_income_4q": null,
            "revenue": 197987,
            "revenue_4q": null,
            "common_shares": 345220,
            "book_valuer_per_share": 14.71,
            "book_valuer_per_share_4q_avg": 14.32,
            "equity": 507666,
            "current_ratio": 239.6,
            "debt_ratio": 49.55,
            "inventory_turnover_ratio": 1.86,
            "account_receivable_turnover_ratio": 1.12,
            "reinvestment_rate": 81.14,
            "research_to_sale_ratio": 0.94,
            "price_fair": 3.24,
            "eps_avg_yearly": 1.08,
            "eps_latest_yearly": 0.88,
            "eps_growth_yearly": -176.4
        }
    },
    "months": {
        "2012-12": {
            "month": "2012-12",
            "price": "32.08",
            "revenue": 76932
        },
        "2013-01": {
            "month": "2013-01",
            "price": "29.93",
            "revenue": 91243
        },
        "2013-02": {
            "month": "2013-02",
            "price": "30.16",
            "revenue": 66319
        },
        "2013-03": {
            "month": "2013-03",
            "price": "29.00",
            "revenue": 85786
        },
        "2013-04": {
            "month": "2013-04",
            "price": "26.58",
            "revenue": 86935
        },
        "2013-05": {
            "month": "2013-05",
            "price": "25.38",
            "revenue": 92701
        },
        "2013-06": {
            "month": "2013-06",
            "price": "24.98",
            "revenue": 69435
        },
        "2013-07": {
            "month": "2013-07",
            "price": "24.60",
            "revenue": 96198
        },
        "2013-08": {
            "month": "2013-08",
            "price": "23.11",
            "revenue": 89207
        },
        "2013-09": {
            "month": "2013-09",
            "price": "22.84",
            "revenue": 80766
        },
        "2013-10": {
            "month": "2013-10",
            "price": "22.15",
            "revenue": 71572
        },
        "2013-11": {
            "month": "2013-11",
            "price": "20.49",
            "revenue": 70979
        },
        "2013-12": {
            "month": "2013-12",
            "price": "21.47",
            "revenue": 75612
        },
        "2014-01": {
            "month": "2014-01",
            "price": "20.71",
            "revenue": 72353
        },
        "2014-02": {
            "month": "2014-02",
            "price": "20.03",
            "revenue": 57761
        },
        "2014-03": {
            "month": "2014-03",
            "price": "19.98",
            "revenue": 87460
        },
        "2014-04": {
            "month": "2014-04",
            "price": "19.09",
            "revenue": 104544
        },
        "2014-05": {
            "month": "2014-05",
            "price": "18.53",
            "revenue": 84298
        },
        "2014-06": {
            "month": "2014-06",
            "price": "17.86",
            "revenue": 69748
        },
        "2014-07": {
            "month": "2014-07",
            "price": "18.05",
            "revenue": 89244
        },
        "2014-08": {
            "month": "2014-08",
            "price": "17.24",
            "revenue": 83708
        },
        "2014-09": {
            "month": "2014-09",
            "price": "17.61",
            "revenue": 78047
        },
        "2014-10": {
            "month": "2014-10",
            "price": "17.74",
            "revenue": 72899
        },
        "2014-12": {
            "month": "2014-12",
            "price": "16.31",
            "revenue": 76922
        },
        "2015-01": {
            "month": "2015-01",
            "price": "15.70",
            "revenue": 74848
        },
        "2015-02": {
            "month": "2015-02",
            "price": "15.45",
            "revenue": 49248
        },
        "2015-03": {
            "month": "2015-03",
            "price": "16.92",
            "revenue": 69095
        },
        "2015-04": {
            "month": "2015-04",
            "price": "16.78",
            "revenue": 79613
        },
        "2015-05": {
            "month": "2015-05",
            "price": "16.34",
            "revenue": 73173
        },
        "2015-06": {
            "month": "2015-06",
            "price": "15.70",
            "revenue": 78444
        },
        "2015-07": {
            "month": "2015-07",
            "price": "15.22",
            "revenue": 95125
        },
        "2015-08": {
            "month": "2015-08",
            "price": "14.88",
            "revenue": 83906
        },
        "2015-09": {
            "month": "2015-09",
            "price": "14.73",
            "revenue": 78693
        },
        "2015-10": {
            "month": "2015-10",
            "price": "14.54",
            "revenue": 81685
        },
        "2015-11": {
            "month": "2015-11",
            "price": "14.66",
            "revenue": 73783
        },
        "2015-12": {
            "month": "2015-12",
            "price": "14.43",
            "revenue": 82914
        },
        "2016-01": {
            "month": "2016-01",
            "price": "14.00",
            "revenue": 85895
        },
        "2016-02": {
            "month": "2016-02",
            "price": "14.19",
            "revenue": 51472
        },
        "2016-03": {
            "month": "2016-03",
            "price": "13.59",
            "revenue": 88943
        },
        "2016-04": {
            "month": "2016-04",
            "price": "13.91",
            "revenue": 91908
        },
        "2016-05": {
            "month": "2016-05",
            "price": "13.61",
            "revenue": 80276
        },
        "2016-06": {
            "month": "2016-06",
            "price": "14.21",
            "revenue": 88615
        },
        "2016-07": {
            "month": "2016-07",
            "price": "14.12",
            "revenue": 92273
        },
        "2016-08": {
            "month": "2016-08",
            "price": "15.40",
            "revenue": 90872
        },
        "2016-09": {
            "month": "2016-09",
            "price": "16.77",
            "revenue": 79460
        },
        "2016-10": {
            "month": "2016-10",
            "price": "16.54",
            "revenue": 79620
        },
        "2016-11": {
            "month": "2016-11",
            "price": "15.40",
            "revenue": 74116
        },
        "2017-01": {
            "month": "2017-01",
            "price": "16.20",
            "revenue": 69786
        },
        "2017-02": {
            "month": "2017-02",
            "price": "21.34",
            "revenue": 62418
        },
        "2017-03": {
            "month": "2017-03",
            "price": "20.77",
            "revenue": 90713
        },
        "2017-04": {
            "month": "2017-04",
            "price": "23.01",
            "revenue": 81050
        },
        "2017-05": {
            "month": "2017-05",
            "price": "22.87",
            "revenue": 85646
        },
        "2017-06": {
            "month": "2017-06",
            "price": "24.21",
            "revenue": 81629
        },
        "2017-07": {
            "month": "2017-07",
            "price": "23.91",
            "revenue": 85496
        },
        "2017-08": {
            "month": "2017-08",
            "price": "24.19",
            "revenue": 94312
        },
        "2017-09": {
            "month": "2017-09",
            "price": "23.96",
            "revenue": 88101
        },
        "2017-10": {
            "month": "2017-10",
            "price": "23.59",
            "revenue": 76576
        },
        "2017-11": {
            "month": "2017-11",
            "price": "20.74",
            "revenue": 87131
        },
        "2017-12": {
            "month": "2017-12",
            "price": "21.28",
            "revenue": 72201
        },
        "2018-01": {
            "month": "2018-01",
            "price": "23.48",
            "revenue": 81144
        },
        "2018-02": {
            "month": "2018-02",
            "price": "22.88",
            "revenue": 42153
        },
        "2018-03": {
            "month": "2018-03",
            "price": "23.23",
            "revenue": 67159
        },
        "2018-04": {
            "month": "2018-04",
            "price": "22.92",
            "revenue": 88576
        },
        "2018-05": {
            "month": "2018-05",
            "price": "22.26",
            "revenue": 74093
        },
        "2018-06": {
            "month": "2018-06",
            "price": "21.66",
            "revenue": 67758
        },
        "2018-07": {
            "month": "2018-07",
            "price": "20.30",
            "revenue": 69089
        },
        "2018-08": {
            "month": "2018-08",
            "price": "18.58",
            "revenue": 79919
        },
        "2018-09": {
            "month": "2018-09",
            "price": "22.76",
            "revenue": 74562
        },
        "2018-10": {
            "month": "2018-10",
            "price": "26.97",
            "revenue": 77955
        },
        "2018-11": {
            "month": "2018-11",
            "price": "27.84",
            "revenue": 85182
        },
        "2018-12": {
            "month": "2018-12",
            "price": "32.04",
            "revenue": 71258
        },
        "2019-01": {
            "month": "2019-01",
            "price": "32.10",
            "revenue": 66647
        },
        "2019-02": {
            "month": "2019-02",
            "price": "28.33",
            "revenue": 46765
        },
        "2019-03": {
            "month": "2019-03",
            "price": "27.18",
            "revenue": 69709
        },
        "2019-04": {
            "month": "2019-04",
            "price": "26.93",
            "revenue": 71630
        },
        "2019-05": {
            "month": "2019-05",
            "price": "23.11",
            "revenue": 76441
        },
        "2019-06": {
            "month": "2019-06",
            "price": "20.99",
            "revenue": 75885
        },
        "2019-07": {
            "month": "2019-07",
            "price": "20.61",
            "revenue": 104455
        },
        "2019-08": {
            "month": "2019-08",
            "price": "19.54",
            "revenue": 106634
        },
        "2019-09": {
            "month": "2019-09",
            "price": "22.98",
            "revenue": 85594
        },
        "2019-10": {
            "month": "2019-10",
            "price": "20.02",
            "revenue": 54451
        },
        "2019-11": {
            "month": "2019-11",
            "price": "17.86",
            "revenue": 63606
        },
        "2019-12": {
            "month": "2019-12",
            "price": "17.12",
            "revenue": 78748
        },
        "2020-01": {
            "month": "2020-01",
            "price": "16.92",
            "revenue": 49102
        },
        "2020-02": {
            "month": "2020-02",
            "price": "15.43",
            "revenue": 27484
        },
        "2020-03": {
            "month": "2020-03",
            "price": "13.24",
            "revenue": 50062
        },
        "2020-04": {
            "month": "2020-04",
            "price": "12.95",
            "revenue": 84863
        },
        "2020-05": {
            "month": "2020-05",
            "price": "13.71",
            "revenue": 81377
        },
        "2020-06": {
            "month": "2020-06",
            "price": "14.48",
            "revenue": 78551
        },
        "2020-07": {
            "month": "2020-07",
            "price": "14.68",
            "revenue": 72194
        },
        "2020-08": {
            "month": "2020-08",
            "price": "14.57",
            "revenue": 67875
        },
        "2020-09": {
            "month": "2020-09",
            "price": "15.49",
            "revenue": 68879
        },
        "2020-10": {
            "month": "2020-10",
            "price": "15.34",
            "revenue": 49685
        },
        "2020-11": {
            "month": "2020-11",
            "price": "14.73",
            "revenue": 57965
        },
        "2020-12": {
            "month": "2020-12",
            "price": "14.74",
            "revenue": 60463
        },
        "2021-01": {
            "month": "2021-01",
            "price": "14.44",
            "revenue": 56302
        },
        "2021-02": {
            "month": "2021-02",
            "price": "13.86",
            "revenue": 32140
        },
        "2021-03": {
            "month": "2021-03",
            "price": "14.30",
            "revenue": 61799
        },
        "2021-04": {
            "month": "2021-04",
            "price": "14.87",
            "revenue": 81094
        },
        "2021-05": {
            "month": "2021-05",
            "price": "14.75",
            "revenue": 86748
        },
        "2021-06": {
            "month": "2021-06",
            "price": "14.48",
            "revenue": 76345
        },
        "2021-07": {
            "month": "2021-07",
            "price": "13.98",
            "revenue": 80907
        },
        "2021-08": {
            "month": "2021-08",
            "price": "13.13",
            "revenue": 81025
        },
        "2021-09": {
            "month": "2021-09",
            "price": "13.73",
            "revenue": 85495
        },
        "2021-10": {
            "month": "2021-10",
            "price": "15.67",
            "revenue": 69499
        },
        "2021-11": {
            "month": "2021-11",
            "price": "22.40",
            "revenue": 83085
        },
        "2021-12": {
            "month": "2021-12",
            "price": "23.25",
            "revenue": 85820
        },
        "2022-01": {
            "month": "2022-01",
            "price": "18.92",
            "revenue": 80935
        },
        "2022-02": {
            "month": "2022-02",
            "price": "19.13",
            "revenue": 34425
        },
        "2022-03": {
            "month": "2022-03",
            "price": "19.62",
            "revenue": 76960
        },
        "2022-04": {
            "month": "2022-04",
            "price": "16.13",
            "revenue": 92763
        },
        "2022-05": {
            "month": "2022-05",
            "price": "14.75",
            "revenue": 75991
        },
        "2022-06": {
            "month": "2022-06",
            "price": "15.44",
            "revenue": 64930
        },
        "2022-07": {
            "month": "2022-07",
            "price": "13.76",
            "revenue": 59807
        },
        "2022-08": {
            "month": "2022-08",
            "price": "16.05",
            "revenue": 76906
        },
        "2022-09": {
            "month": "2022-09",
            "price": "16.62",
            "revenue": 77131
        },
        "2022-10": {
            "month": "2022-10",
            "price": "15.95",
            "revenue": 55402
        },
        "2022-11": {
            "month": "2022-11",
            "price": "16.08",
            "revenue": 66233
        },
        "2022-12": {
            "month": "2022-12",
            "price": "16.12",
            "revenue": 56273
        },
        "2023-01": {
            "month": "2023-01",
            "price": "15.75",
            "revenue": 41313
        },
        "2023-02": {
            "month": "2023-02",
            "price": "16.57",
            "revenue": 48994
        },
        "2023-03": {
            "month": "2023-03",
            "price": "16.72",
            "revenue": 82561
        },
        "2023-04": {
            "month": "2023-04",
            "price": "18.24",
            "revenue": 83888
        },
        "2023-05": {
            "month": "2023-05",
            "price": "19.02",
            "revenue": 78651
        },
        "2023-06": {
            "month": "2023-06",
            "price": "18.55",
            "revenue": 62323
        },
        "2023-07": {
            "month": "2023-07",
            "price": "17.05",
            "revenue": 78174
        },
        "2023-08": {
            "month": "2023-08",
            "price": "22.27",
            "revenue": 78625
        },
        "2023-09": {
            "month": "2023-09",
            "price": "24.39",
            "revenue": 75832
        },
        "2023-10": {
            "month": "2023-10",
            "price": "25.08",
            "revenue": 68408
        },
        "2023-11": {
            "month": "2023-11",
            "price": "26.08",
            "revenue": 60695
        },
        "2023-12": {
            "month": "2023-12",
            "price": "25.09",
            "revenue": 68885
        },
        "2024-01": {
            "month": "2024-01",
            "price": "23.46",
            "revenue": 77536
        },
        "2024-02": {
            "month": "2024-02",
            "price": "23.93",
            "revenue": 23705
        }
    }
}
