{
    "summary": {
        "stock_name": "京晨科",
        "stock_id": "6419",
        "category": "光電",
        "main_business": "數位監控系統",
        "website_url": "http://www.nuuo.com",
        "ceo": "楊文彬",
        "pe_ratio": 34,
        "report_year_from": 2012,
        "report_year_to": 2023,
        "age": 12,
        "eps_negative_percentage": 45,
        "eps_growth_avg": {
            "last_all": -60.76,
            "last_2y": -28.36,
            "last_4y": -28.36,
            "last_8y": -62.28,
            "last_12y": null,
            "last_16y": null,
            "last_20y": null,
            "at_2006_last_3y": null,
            "at_2007_last_3y": null,
            "at_2008_last_3y": null,
            "at_2009_last_3y": null,
            "at_2010_last_3y": null,
            "at_2011_last_3y": null,
            "at_2012_last_3y": null,
            "at_2013_last_3y": null,
            "at_2014_last_3y": null,
            "at_2015_last_3y": null,
            "at_2016_last_3y": null,
            "at_2017_last_3y": -82.36,
            "at_2018_last_3y": -96.2,
            "at_2019_last_3y": -100,
            "at_2020_last_3y": null,
            "at_2021_last_3y": null,
            "at_2022_last_3y": 11.91,
            "at_2023_last_3y": -28.36,
            "at_2024_last_3y": -28.36,
            "at_2006_last_all": null,
            "at_2007_last_all": null,
            "at_2008_last_all": null,
            "at_2009_last_all": null,
            "at_2010_last_all": null,
            "at_2011_last_all": null,
            "at_2012_last_all": null,
            "at_2013_last_all": null,
            "at_2014_last_all": null,
            "at_2015_last_all": -73.54,
            "at_2016_last_all": -82.36,
            "at_2017_last_all": -82.36,
            "at_2018_last_all": -82.36,
            "at_2019_last_all": -82.36,
            "at_2020_last_all": -82.36,
            "at_2021_last_all": -82.36,
            "at_2022_last_all": -58.79,
            "at_2023_last_all": -60.76,
            "at_2024_last_all": -60.76
        },
        "latest_eps": 1.51,
        "latest_price": 51.8,
        "latest_roe": 6.46,
        "latest_gross_margin": 35.89,
        "latest_equity": 282848,
        "latest_revenue": 110597,
        "latest_gross_profit": 39694,
        "latest_net_income": 11795,
        "latest_debt_ratio": 36.55,
        "latest_current_ratio": 336.45,
        "latest_account_receivable_turnover_ratio": 14.28,
        "latest_inventory_turnover_ratio": 4.63,
        "latest_reinvestment_rate": -49.34,
        "latest_research_to_sale_ratio": 2.06
    },
    "eps_dividends": {
        "2001": {
            "cash": 0,
            "stock": 0,
            "eps": 0
        },
        "2002": {
            "cash": 0,
            "stock": 0,
            "eps": 0
        },
        "2003": {
            "cash": 0,
            "stock": 0,
            "eps": 0
        },
        "2004": {
            "cash": 0,
            "stock": 0,
            "eps": 0
        },
        "2005": {
            "cash": 0,
            "stock": 0,
            "eps": 0
        },
        "2006": {
            "cash": 0,
            "stock": 0,
            "eps": 0
        },
        "2007": {
            "cash": 0,
            "stock": 0,
            "eps": 0
        },
        "2008": {
            "cash": 0,
            "stock": 0,
            "eps": 0
        },
        "2009": {
            "cash": 0,
            "stock": 0,
            "eps": 0
        },
        "2010": {
            "cash": 0,
            "stock": 0,
            "eps": 0
        },
        "2011": {
            "cash": 0,
            "stock": 0,
            "eps": 0
        },
        "2012": {
            "cash": 0,
            "stock": 0,
            "eps": 0
        },
        "2013": {
            "cash": 3.56,
            "stock": 0,
            "eps": 2.03
        },
        "2014": {
            "cash": 6.08,
            "stock": 0,
            "eps": 0.92
        },
        "2015": {
            "cash": 0,
            "stock": 0.72,
            "eps": 0.07
        },
        "2016": {
            "cash": 0,
            "stock": 0,
            "eps": -0.84
        },
        "2017": {
            "cash": 0,
            "stock": 0,
            "eps": -0.89
        },
        "2018": {
            "cash": 0,
            "stock": 0,
            "eps": -3.95
        },
        "2019": {
            "cash": 0,
            "stock": 0,
            "eps": -2.05
        },
        "2020": {
            "cash": 0,
            "stock": 0,
            "eps": -5.64
        },
        "2021": {
            "cash": 0,
            "stock": 0,
            "eps": 4.87
        },
        "2022": {
            "cash": 0,
            "stock": 0,
            "eps": 5.45
        },
        "2023": {
            "cash": 5.3,
            "stock": 0,
            "eps": 1.71
        }
    },
    "dividends": {
        "2013-06-24": {
            "cash": 3.56,
            "stock": 0
        },
        "2014-04-21": {
            "cash": 6.08,
            "stock": 0
        },
        "2015-03-13": {
            "cash": 0,
            "stock": 0.72
        },
        "2023-08-22": {
            "cash": 5.3,
            "stock": 0
        }
    },
    "prices": {
        "200101": "無",
        "200102": "無",
        "200103": "無",
        "200104": "無",
        "200105": "無",
        "200106": "無",
        "200107": "無",
        "200108": "無",
        "200109": "無",
        "200110": "無",
        "200111": "無",
        "200112": "無",
        "200201": "無",
        "200202": "無",
        "200203": "無",
        "200204": "無",
        "200205": "無",
        "200206": "無",
        "200207": "無",
        "200208": "無",
        "200209": "無",
        "200210": "無",
        "200211": "無",
        "200212": "無",
        "200301": "無",
        "200302": "無",
        "200303": "無",
        "200304": "無",
        "200305": "無",
        "200306": "無",
        "200307": "無",
        "200308": "無",
        "200309": "無",
        "200310": "無",
        "200311": "無",
        "200312": "無",
        "200401": "無",
        "200402": "無",
        "200403": "無",
        "200404": "無",
        "200405": "無",
        "200406": "無",
        "200407": "無",
        "200408": "無",
        "200409": "無",
        "200410": "無",
        "200411": "無",
        "200412": "無",
        "200501": "無",
        "200502": "無",
        "200503": "無",
        "200504": "無",
        "200505": "無",
        "200506": "無",
        "200507": "無",
        "200508": "無",
        "200509": "無",
        "200510": "無",
        "200511": "無",
        "200512": "無",
        "200601": "無",
        "200602": "無",
        "200603": "無",
        "200604": "無",
        "200605": "無",
        "200606": "無",
        "200607": "無",
        "200608": "無",
        "200609": "無",
        "200610": "無",
        "200611": "無",
        "200612": "無",
        "200701": "無",
        "200702": "無",
        "200703": "無",
        "200704": "無",
        "200705": "無",
        "200706": "無",
        "200707": "無",
        "200708": "無",
        "200709": "無",
        "200710": "無",
        "200711": "無",
        "200712": "無",
        "200801": "無",
        "200802": "無",
        "200803": "無",
        "200804": "無",
        "200805": "無",
        "200806": "無",
        "200807": "無",
        "200808": "無",
        "200809": "無",
        "200810": "無",
        "200811": "無",
        "200812": "無",
        "200901": "無",
        "200902": "無",
        "200903": "無",
        "200904": "無",
        "200905": "無",
        "200906": "無",
        "200907": "無",
        "200908": "無",
        "200909": "無",
        "200910": "無",
        "200911": "無",
        "200912": "無",
        "201001": "無",
        "201002": "無",
        "201003": "無",
        "201004": "無",
        "201005": "無",
        "201006": "無",
        "201007": "無",
        "201008": "無",
        "201009": "無",
        "201010": "無",
        "201011": "無",
        "201012": "無",
        "201101": "無",
        "201102": "無",
        "201103": "無",
        "201104": "無",
        "201105": "無",
        "201106": "無",
        "201107": "無",
        "201108": "無",
        "201109": "無",
        "201110": "無",
        "201111": "無",
        "201112": "無",
        "201201": "無",
        "201202": "無",
        "201203": "無",
        "201204": "無",
        "201205": "無",
        "201206": "無",
        "201207": "無",
        "201208": "無",
        "201209": "無",
        "201210": "無",
        "201211": "無",
        "201212": "無",
        "201301": "無",
        "201302": "無",
        "201303": "無",
        "201304": "98.05",
        "201305": "121.61",
        "201306": "127.81",
        "201307": "139.40",
        "201308": "134.47",
        "201309": "120.71",
        "201310": "124.85",
        "201311": "128.47",
        "201312": "133.28",
        "201401": "145.71",
        "201402": "150.74",
        "201403": "159.18",
        "201404": "170.78",
        "201405": "157.82",
        "201406": "138.82",
        "201407": "114.29",
        "201408": "72.12",
        "201409": "70.87",
        "201410": "60.29",
        "201411": "68.39",
        "201412": "72.57",
        "201501": "58.81",
        "201502": "50.27",
        "201503": "46.38",
        "201504": "38.24",
        "201505": "33.11",
        "201506": "30.85",
        "201507": "28.71",
        "201508": "23.20",
        "201509": "21.59",
        "201510": "23.40",
        "201511": "24.04",
        "201512": "21.20",
        "201601": "19.25",
        "201602": "20.01",
        "201603": "20.35",
        "201604": "17.64",
        "201605": "15.20",
        "201606": "16.16",
        "201607": "16.30",
        "201608": "15.78",
        "201609": "16.19",
        "201610": "15.40",
        "201611": "15.31",
        "201612": "15.06",
        "201701": "14.48",
        "201702": "14.25",
        "201703": "13.98",
        "201704": "16.56",
        "201705": "22.16",
        "201706": "18.40",
        "201707": "16.66",
        "201708": "15.20",
        "201709": "15.33",
        "201710": "15.01",
        "201711": "14.10",
        "201712": "13.51",
        "201801": "13.82",
        "201802": "13.18",
        "201803": "13.89",
        "201804": "14.06",
        "201805": "13.21",
        "201806": "12.96",
        "201807": "11.78",
        "201808": "11.78",
        "201809": "11.85",
        "201810": "11.28",
        "201811": "9.45",
        "201812": "9.25",
        "201901": "9.21",
        "201902": "9.21",
        "201903": "9.16",
        "201904": "9.04",
        "201905": "8.28",
        "201906": "8.07",
        "201907": "7.83",
        "201908": "7.78",
        "201909": "7.36",
        "201910": "7.21",
        "201911": "6.59",
        "201912": "6.42",
        "202001": "6.89",
        "202002": "9.57",
        "202003": "14.80",
        "202004": "14.54",
        "202005": "14.02",
        "202006": "13.81",
        "202007": "13.68",
        "202008": "13.03",
        "202009": "17.30",
        "202010": "16.40",
        "202011": "15.69",
        "202012": "15.40",
        "202101": "15.87",
        "202102": "15.59",
        "202103": "15.94",
        "202104": "17.00",
        "202105": "19.10",
        "202106": "24.02",
        "202107": "23.98",
        "202108": "28.20",
        "202109": "40.52",
        "202110": "44.18",
        "202111": "44.64",
        "202112": "41.24",
        "202201": "36.00",
        "202202": "33.56",
        "202203": "31.03",
        "202204": "28.89",
        "202205": "28.27",
        "202206": "30.53",
        "202207": "30.35",
        "202208": "30.40",
        "202209": "30.74",
        "202210": "30.13",
        "202211": "34.02",
        "202212": "35.40",
        "202301": "34.87",
        "202302": "36.38",
        "202303": "38.79",
        "202304": "36.90",
        "202305": "31.70",
        "202306": "31.20",
        "202307": "39.27",
        "202308": "34.63",
        "202309": "42.32",
        "202310": "55.00",
        "202311": "56.47",
        "202312": "51.07"
    },
    "quarters": {
        "20011": {
            "year_quarter": 20011,
            "year": 2001,
            "quarter": 1,
            "eps": null,
            "eps_growth_year": null,
            "eps_4q": null,
            "eps_4q_growth_year": null,
            "roe": null,
            "roe_4q": 0,
            "gross_profit": null,
            "gross_margin": null,
            "gross_margin_4q_avg": 0,
            "net_income": null,
            "net_income_4q": null,
            "revenue": null,
            "revenue_4q": null,
            "common_shares": null,
            "book_valuer_per_share": null,
            "book_valuer_per_share_4q_avg": 0,
            "equity": null,
            "current_ratio": null,
            "debt_ratio": null,
            "inventory_turnover_ratio": null,
            "account_receivable_turnover_ratio": null,
            "reinvestment_rate": null,
            "research_to_sale_ratio": null,
            "price_fair": 0,
            "eps_avg_yearly": 0,
            "eps_latest_yearly": 0,
            "eps_growth_yearly": 0
        },
        "20012": {
            "year_quarter": 20012,
            "year": 2001,
            "quarter": 2,
            "eps": null,
            "eps_growth_year": null,
            "eps_4q": null,
            "eps_4q_growth_year": null,
            "roe": null,
            "roe_4q": 0,
            "gross_profit": null,
            "gross_margin": null,
            "gross_margin_4q_avg": 0,
            "net_income": null,
            "net_income_4q": null,
            "revenue": null,
            "revenue_4q": null,
            "common_shares": null,
            "book_valuer_per_share": null,
            "book_valuer_per_share_4q_avg": 0,
            "equity": null,
            "current_ratio": null,
            "debt_ratio": null,
            "inventory_turnover_ratio": null,
            "account_receivable_turnover_ratio": null,
            "reinvestment_rate": null,
            "research_to_sale_ratio": null,
            "price_fair": 0,
            "eps_avg_yearly": 0,
            "eps_latest_yearly": 0,
            "eps_growth_yearly": 0
        },
        "20013": {
            "year_quarter": 20013,
            "year": 2001,
            "quarter": 3,
            "eps": null,
            "eps_growth_year": null,
            "eps_4q": null,
            "eps_4q_growth_year": null,
            "roe": null,
            "roe_4q": 0,
            "gross_profit": null,
            "gross_margin": null,
            "gross_margin_4q_avg": 0,
            "net_income": null,
            "net_income_4q": null,
            "revenue": null,
            "revenue_4q": null,
            "common_shares": null,
            "book_valuer_per_share": null,
            "book_valuer_per_share_4q_avg": 0,
            "equity": null,
            "current_ratio": null,
            "debt_ratio": null,
            "inventory_turnover_ratio": null,
            "account_receivable_turnover_ratio": null,
            "reinvestment_rate": null,
            "research_to_sale_ratio": null,
            "price_fair": 0,
            "eps_avg_yearly": 0,
            "eps_latest_yearly": 0,
            "eps_growth_yearly": 0
        },
        "20014": {
            "year_quarter": 20014,
            "year": 2001,
            "quarter": 4,
            "eps": null,
            "eps_growth_year": null,
            "eps_4q": null,
            "eps_4q_growth_year": null,
            "roe": null,
            "roe_4q": 0,
            "gross_profit": null,
            "gross_margin": null,
            "gross_margin_4q_avg": 0,
            "net_income": null,
            "net_income_4q": null,
            "revenue": null,
            "revenue_4q": null,
            "common_shares": null,
            "book_valuer_per_share": null,
            "book_valuer_per_share_4q_avg": 0,
            "equity": null,
            "current_ratio": null,
            "debt_ratio": null,
            "inventory_turnover_ratio": null,
            "account_receivable_turnover_ratio": null,
            "reinvestment_rate": null,
            "research_to_sale_ratio": null,
            "price_fair": 0,
            "eps_avg_yearly": 0,
            "eps_latest_yearly": 0,
            "eps_growth_yearly": 0
        },
        "20021": {
            "year_quarter": 20021,
            "year": 2002,
            "quarter": 1,
            "eps": null,
            "eps_growth_year": null,
            "eps_4q": null,
            "eps_4q_growth_year": null,
            "roe": null,
            "roe_4q": 0,
            "gross_profit": null,
            "gross_margin": null,
            "gross_margin_4q_avg": 0,
            "net_income": null,
            "net_income_4q": null,
            "revenue": null,
            "revenue_4q": null,
            "common_shares": null,
            "book_valuer_per_share": null,
            "book_valuer_per_share_4q_avg": 0,
            "equity": null,
            "current_ratio": null,
            "debt_ratio": null,
            "inventory_turnover_ratio": null,
            "account_receivable_turnover_ratio": null,
            "reinvestment_rate": null,
            "research_to_sale_ratio": null,
            "price_fair": 0,
            "eps_avg_yearly": 0,
            "eps_latest_yearly": 0,
            "eps_growth_yearly": 0
        },
        "20022": {
            "year_quarter": 20022,
            "year": 2002,
            "quarter": 2,
            "eps": null,
            "eps_growth_year": null,
            "eps_4q": null,
            "eps_4q_growth_year": null,
            "roe": null,
            "roe_4q": 0,
            "gross_profit": null,
            "gross_margin": null,
            "gross_margin_4q_avg": 0,
            "net_income": null,
            "net_income_4q": null,
            "revenue": null,
            "revenue_4q": null,
            "common_shares": null,
            "book_valuer_per_share": null,
            "book_valuer_per_share_4q_avg": 0,
            "equity": null,
            "current_ratio": null,
            "debt_ratio": null,
            "inventory_turnover_ratio": null,
            "account_receivable_turnover_ratio": null,
            "reinvestment_rate": null,
            "research_to_sale_ratio": null,
            "price_fair": 0,
            "eps_avg_yearly": 0,
            "eps_latest_yearly": 0,
            "eps_growth_yearly": 0
        },
        "20023": {
            "year_quarter": 20023,
            "year": 2002,
            "quarter": 3,
            "eps": null,
            "eps_growth_year": null,
            "eps_4q": null,
            "eps_4q_growth_year": null,
            "roe": null,
            "roe_4q": 0,
            "gross_profit": null,
            "gross_margin": null,
            "gross_margin_4q_avg": 0,
            "net_income": null,
            "net_income_4q": null,
            "revenue": null,
            "revenue_4q": null,
            "common_shares": null,
            "book_valuer_per_share": null,
            "book_valuer_per_share_4q_avg": 0,
            "equity": null,
            "current_ratio": null,
            "debt_ratio": null,
            "inventory_turnover_ratio": null,
            "account_receivable_turnover_ratio": null,
            "reinvestment_rate": null,
            "research_to_sale_ratio": null,
            "price_fair": 0,
            "eps_avg_yearly": 0,
            "eps_latest_yearly": 0,
            "eps_growth_yearly": 0
        },
        "20024": {
            "year_quarter": 20024,
            "year": 2002,
            "quarter": 4,
            "eps": null,
            "eps_growth_year": null,
            "eps_4q": null,
            "eps_4q_growth_year": null,
            "roe": null,
            "roe_4q": 0,
            "gross_profit": null,
            "gross_margin": null,
            "gross_margin_4q_avg": 0,
            "net_income": null,
            "net_income_4q": null,
            "revenue": null,
            "revenue_4q": null,
            "common_shares": null,
            "book_valuer_per_share": null,
            "book_valuer_per_share_4q_avg": 0,
            "equity": null,
            "current_ratio": null,
            "debt_ratio": null,
            "inventory_turnover_ratio": null,
            "account_receivable_turnover_ratio": null,
            "reinvestment_rate": null,
            "research_to_sale_ratio": null,
            "price_fair": 0,
            "eps_avg_yearly": 0,
            "eps_latest_yearly": 0,
            "eps_growth_yearly": 0
        },
        "20031": {
            "year_quarter": 20031,
            "year": 2003,
            "quarter": 1,
            "eps": null,
            "eps_growth_year": null,
            "eps_4q": null,
            "eps_4q_growth_year": null,
            "roe": null,
            "roe_4q": 0,
            "gross_profit": null,
            "gross_margin": null,
            "gross_margin_4q_avg": 0,
            "net_income": null,
            "net_income_4q": null,
            "revenue": null,
            "revenue_4q": null,
            "common_shares": null,
            "book_valuer_per_share": null,
            "book_valuer_per_share_4q_avg": 0,
            "equity": null,
            "current_ratio": null,
            "debt_ratio": null,
            "inventory_turnover_ratio": null,
            "account_receivable_turnover_ratio": null,
            "reinvestment_rate": null,
            "research_to_sale_ratio": null,
            "price_fair": 0,
            "eps_avg_yearly": 0,
            "eps_latest_yearly": 0,
            "eps_growth_yearly": 0
        },
        "20032": {
            "year_quarter": 20032,
            "year": 2003,
            "quarter": 2,
            "eps": null,
            "eps_growth_year": null,
            "eps_4q": null,
            "eps_4q_growth_year": null,
            "roe": null,
            "roe_4q": 0,
            "gross_profit": null,
            "gross_margin": null,
            "gross_margin_4q_avg": 0,
            "net_income": null,
            "net_income_4q": null,
            "revenue": null,
            "revenue_4q": null,
            "common_shares": null,
            "book_valuer_per_share": null,
            "book_valuer_per_share_4q_avg": 0,
            "equity": null,
            "current_ratio": null,
            "debt_ratio": null,
            "inventory_turnover_ratio": null,
            "account_receivable_turnover_ratio": null,
            "reinvestment_rate": null,
            "research_to_sale_ratio": null,
            "price_fair": 0,
            "eps_avg_yearly": 0,
            "eps_latest_yearly": 0,
            "eps_growth_yearly": 0
        },
        "20033": {
            "year_quarter": 20033,
            "year": 2003,
            "quarter": 3,
            "eps": null,
            "eps_growth_year": null,
            "eps_4q": null,
            "eps_4q_growth_year": null,
            "roe": null,
            "roe_4q": 0,
            "gross_profit": null,
            "gross_margin": null,
            "gross_margin_4q_avg": 0,
            "net_income": null,
            "net_income_4q": null,
            "revenue": null,
            "revenue_4q": null,
            "common_shares": null,
            "book_valuer_per_share": null,
            "book_valuer_per_share_4q_avg": 0,
            "equity": null,
            "current_ratio": null,
            "debt_ratio": null,
            "inventory_turnover_ratio": null,
            "account_receivable_turnover_ratio": null,
            "reinvestment_rate": null,
            "research_to_sale_ratio": null,
            "price_fair": 0,
            "eps_avg_yearly": 0,
            "eps_latest_yearly": 0,
            "eps_growth_yearly": 0
        },
        "20034": {
            "year_quarter": 20034,
            "year": 2003,
            "quarter": 4,
            "eps": null,
            "eps_growth_year": null,
            "eps_4q": null,
            "eps_4q_growth_year": null,
            "roe": null,
            "roe_4q": 0,
            "gross_profit": null,
            "gross_margin": null,
            "gross_margin_4q_avg": 0,
            "net_income": null,
            "net_income_4q": null,
            "revenue": null,
            "revenue_4q": null,
            "common_shares": null,
            "book_valuer_per_share": null,
            "book_valuer_per_share_4q_avg": 0,
            "equity": null,
            "current_ratio": null,
            "debt_ratio": null,
            "inventory_turnover_ratio": null,
            "account_receivable_turnover_ratio": null,
            "reinvestment_rate": null,
            "research_to_sale_ratio": null,
            "price_fair": 0,
            "eps_avg_yearly": 0,
            "eps_latest_yearly": 0,
            "eps_growth_yearly": 0
        },
        "20041": {
            "year_quarter": 20041,
            "year": 2004,
            "quarter": 1,
            "eps": null,
            "eps_growth_year": null,
            "eps_4q": null,
            "eps_4q_growth_year": null,
            "roe": null,
            "roe_4q": 0,
            "gross_profit": null,
            "gross_margin": null,
            "gross_margin_4q_avg": 0,
            "net_income": null,
            "net_income_4q": null,
            "revenue": null,
            "revenue_4q": null,
            "common_shares": null,
            "book_valuer_per_share": null,
            "book_valuer_per_share_4q_avg": 0,
            "equity": null,
            "current_ratio": null,
            "debt_ratio": null,
            "inventory_turnover_ratio": null,
            "account_receivable_turnover_ratio": null,
            "reinvestment_rate": null,
            "research_to_sale_ratio": null,
            "price_fair": 0,
            "eps_avg_yearly": 0,
            "eps_latest_yearly": 0,
            "eps_growth_yearly": 0
        },
        "20042": {
            "year_quarter": 20042,
            "year": 2004,
            "quarter": 2,
            "eps": null,
            "eps_growth_year": null,
            "eps_4q": null,
            "eps_4q_growth_year": null,
            "roe": null,
            "roe_4q": 0,
            "gross_profit": null,
            "gross_margin": null,
            "gross_margin_4q_avg": 0,
            "net_income": null,
            "net_income_4q": null,
            "revenue": null,
            "revenue_4q": null,
            "common_shares": null,
            "book_valuer_per_share": null,
            "book_valuer_per_share_4q_avg": 0,
            "equity": null,
            "current_ratio": null,
            "debt_ratio": null,
            "inventory_turnover_ratio": null,
            "account_receivable_turnover_ratio": null,
            "reinvestment_rate": null,
            "research_to_sale_ratio": null,
            "price_fair": 0,
            "eps_avg_yearly": 0,
            "eps_latest_yearly": 0,
            "eps_growth_yearly": 0
        },
        "20043": {
            "year_quarter": 20043,
            "year": 2004,
            "quarter": 3,
            "eps": null,
            "eps_growth_year": null,
            "eps_4q": null,
            "eps_4q_growth_year": null,
            "roe": null,
            "roe_4q": 0,
            "gross_profit": null,
            "gross_margin": null,
            "gross_margin_4q_avg": 0,
            "net_income": null,
            "net_income_4q": null,
            "revenue": null,
            "revenue_4q": null,
            "common_shares": null,
            "book_valuer_per_share": null,
            "book_valuer_per_share_4q_avg": 0,
            "equity": null,
            "current_ratio": null,
            "debt_ratio": null,
            "inventory_turnover_ratio": null,
            "account_receivable_turnover_ratio": null,
            "reinvestment_rate": null,
            "research_to_sale_ratio": null,
            "price_fair": 0,
            "eps_avg_yearly": 0,
            "eps_latest_yearly": 0,
            "eps_growth_yearly": 0
        },
        "20044": {
            "year_quarter": 20044,
            "year": 2004,
            "quarter": 4,
            "eps": null,
            "eps_growth_year": null,
            "eps_4q": null,
            "eps_4q_growth_year": null,
            "roe": null,
            "roe_4q": 0,
            "gross_profit": null,
            "gross_margin": null,
            "gross_margin_4q_avg": 0,
            "net_income": null,
            "net_income_4q": null,
            "revenue": null,
            "revenue_4q": null,
            "common_shares": null,
            "book_valuer_per_share": null,
            "book_valuer_per_share_4q_avg": 0,
            "equity": null,
            "current_ratio": null,
            "debt_ratio": null,
            "inventory_turnover_ratio": null,
            "account_receivable_turnover_ratio": null,
            "reinvestment_rate": null,
            "research_to_sale_ratio": null,
            "price_fair": 0,
            "eps_avg_yearly": 0,
            "eps_latest_yearly": 0,
            "eps_growth_yearly": 0
        },
        "20051": {
            "year_quarter": 20051,
            "year": 2005,
            "quarter": 1,
            "eps": null,
            "eps_growth_year": null,
            "eps_4q": null,
            "eps_4q_growth_year": null,
            "roe": null,
            "roe_4q": 0,
            "gross_profit": null,
            "gross_margin": null,
            "gross_margin_4q_avg": 0,
            "net_income": null,
            "net_income_4q": null,
            "revenue": null,
            "revenue_4q": null,
            "common_shares": null,
            "book_valuer_per_share": null,
            "book_valuer_per_share_4q_avg": 0,
            "equity": null,
            "current_ratio": null,
            "debt_ratio": null,
            "inventory_turnover_ratio": null,
            "account_receivable_turnover_ratio": null,
            "reinvestment_rate": null,
            "research_to_sale_ratio": null,
            "price_fair": 0,
            "eps_avg_yearly": 0,
            "eps_latest_yearly": 0,
            "eps_growth_yearly": 0
        },
        "20052": {
            "year_quarter": 20052,
            "year": 2005,
            "quarter": 2,
            "eps": null,
            "eps_growth_year": null,
            "eps_4q": null,
            "eps_4q_growth_year": null,
            "roe": null,
            "roe_4q": 0,
            "gross_profit": null,
            "gross_margin": null,
            "gross_margin_4q_avg": 0,
            "net_income": null,
            "net_income_4q": null,
            "revenue": null,
            "revenue_4q": null,
            "common_shares": null,
            "book_valuer_per_share": null,
            "book_valuer_per_share_4q_avg": 0,
            "equity": null,
            "current_ratio": null,
            "debt_ratio": null,
            "inventory_turnover_ratio": null,
            "account_receivable_turnover_ratio": null,
            "reinvestment_rate": null,
            "research_to_sale_ratio": null,
            "price_fair": 0,
            "eps_avg_yearly": 0,
            "eps_latest_yearly": 0,
            "eps_growth_yearly": 0
        },
        "20053": {
            "year_quarter": 20053,
            "year": 2005,
            "quarter": 3,
            "eps": null,
            "eps_growth_year": null,
            "eps_4q": null,
            "eps_4q_growth_year": null,
            "roe": null,
            "roe_4q": 0,
            "gross_profit": null,
            "gross_margin": null,
            "gross_margin_4q_avg": 0,
            "net_income": null,
            "net_income_4q": null,
            "revenue": null,
            "revenue_4q": null,
            "common_shares": null,
            "book_valuer_per_share": null,
            "book_valuer_per_share_4q_avg": 0,
            "equity": null,
            "current_ratio": null,
            "debt_ratio": null,
            "inventory_turnover_ratio": null,
            "account_receivable_turnover_ratio": null,
            "reinvestment_rate": null,
            "research_to_sale_ratio": null,
            "price_fair": 0,
            "eps_avg_yearly": 0,
            "eps_latest_yearly": 0,
            "eps_growth_yearly": 0
        },
        "20054": {
            "year_quarter": 20054,
            "year": 2005,
            "quarter": 4,
            "eps": null,
            "eps_growth_year": null,
            "eps_4q": null,
            "eps_4q_growth_year": null,
            "roe": null,
            "roe_4q": 0,
            "gross_profit": null,
            "gross_margin": null,
            "gross_margin_4q_avg": 0,
            "net_income": null,
            "net_income_4q": null,
            "revenue": null,
            "revenue_4q": null,
            "common_shares": null,
            "book_valuer_per_share": null,
            "book_valuer_per_share_4q_avg": 0,
            "equity": null,
            "current_ratio": null,
            "debt_ratio": null,
            "inventory_turnover_ratio": null,
            "account_receivable_turnover_ratio": null,
            "reinvestment_rate": null,
            "research_to_sale_ratio": null,
            "price_fair": 0,
            "eps_avg_yearly": 0,
            "eps_latest_yearly": 0,
            "eps_growth_yearly": 0
        },
        "20061": {
            "year_quarter": 20061,
            "year": 2006,
            "quarter": 1,
            "eps": null,
            "eps_growth_year": null,
            "eps_4q": null,
            "eps_4q_growth_year": null,
            "roe": null,
            "roe_4q": 0,
            "gross_profit": null,
            "gross_margin": null,
            "gross_margin_4q_avg": 0,
            "net_income": null,
            "net_income_4q": null,
            "revenue": null,
            "revenue_4q": null,
            "common_shares": null,
            "book_valuer_per_share": null,
            "book_valuer_per_share_4q_avg": 0,
            "equity": null,
            "current_ratio": null,
            "debt_ratio": null,
            "inventory_turnover_ratio": null,
            "account_receivable_turnover_ratio": null,
            "reinvestment_rate": null,
            "research_to_sale_ratio": null,
            "price_fair": 0,
            "eps_avg_yearly": 0,
            "eps_latest_yearly": 0,
            "eps_growth_yearly": 0
        },
        "20062": {
            "year_quarter": 20062,
            "year": 2006,
            "quarter": 2,
            "eps": null,
            "eps_growth_year": null,
            "eps_4q": null,
            "eps_4q_growth_year": null,
            "roe": null,
            "roe_4q": 0,
            "gross_profit": null,
            "gross_margin": null,
            "gross_margin_4q_avg": 0,
            "net_income": null,
            "net_income_4q": null,
            "revenue": null,
            "revenue_4q": null,
            "common_shares": null,
            "book_valuer_per_share": null,
            "book_valuer_per_share_4q_avg": 0,
            "equity": null,
            "current_ratio": null,
            "debt_ratio": null,
            "inventory_turnover_ratio": null,
            "account_receivable_turnover_ratio": null,
            "reinvestment_rate": null,
            "research_to_sale_ratio": null,
            "price_fair": 0,
            "eps_avg_yearly": 0,
            "eps_latest_yearly": 0,
            "eps_growth_yearly": 0
        },
        "20063": {
            "year_quarter": 20063,
            "year": 2006,
            "quarter": 3,
            "eps": null,
            "eps_growth_year": null,
            "eps_4q": null,
            "eps_4q_growth_year": null,
            "roe": null,
            "roe_4q": 0,
            "gross_profit": null,
            "gross_margin": null,
            "gross_margin_4q_avg": 0,
            "net_income": null,
            "net_income_4q": null,
            "revenue": null,
            "revenue_4q": null,
            "common_shares": null,
            "book_valuer_per_share": null,
            "book_valuer_per_share_4q_avg": 0,
            "equity": null,
            "current_ratio": null,
            "debt_ratio": null,
            "inventory_turnover_ratio": null,
            "account_receivable_turnover_ratio": null,
            "reinvestment_rate": null,
            "research_to_sale_ratio": null,
            "price_fair": 0,
            "eps_avg_yearly": 0,
            "eps_latest_yearly": 0,
            "eps_growth_yearly": 0
        },
        "20064": {
            "year_quarter": 20064,
            "year": 2006,
            "quarter": 4,
            "eps": null,
            "eps_growth_year": null,
            "eps_4q": null,
            "eps_4q_growth_year": null,
            "roe": null,
            "roe_4q": 0,
            "gross_profit": null,
            "gross_margin": null,
            "gross_margin_4q_avg": 0,
            "net_income": null,
            "net_income_4q": null,
            "revenue": null,
            "revenue_4q": null,
            "common_shares": null,
            "book_valuer_per_share": null,
            "book_valuer_per_share_4q_avg": 0,
            "equity": null,
            "current_ratio": null,
            "debt_ratio": null,
            "inventory_turnover_ratio": null,
            "account_receivable_turnover_ratio": null,
            "reinvestment_rate": null,
            "research_to_sale_ratio": null,
            "price_fair": 0,
            "eps_avg_yearly": 0,
            "eps_latest_yearly": 0,
            "eps_growth_yearly": 0
        },
        "20071": {
            "year_quarter": 20071,
            "year": 2007,
            "quarter": 1,
            "eps": null,
            "eps_growth_year": null,
            "eps_4q": null,
            "eps_4q_growth_year": null,
            "roe": null,
            "roe_4q": 0,
            "gross_profit": null,
            "gross_margin": null,
            "gross_margin_4q_avg": 0,
            "net_income": null,
            "net_income_4q": null,
            "revenue": null,
            "revenue_4q": null,
            "common_shares": null,
            "book_valuer_per_share": null,
            "book_valuer_per_share_4q_avg": 0,
            "equity": null,
            "current_ratio": null,
            "debt_ratio": null,
            "inventory_turnover_ratio": null,
            "account_receivable_turnover_ratio": null,
            "reinvestment_rate": null,
            "research_to_sale_ratio": null,
            "price_fair": 0,
            "eps_avg_yearly": 0,
            "eps_latest_yearly": 0,
            "eps_growth_yearly": 0
        },
        "20072": {
            "year_quarter": 20072,
            "year": 2007,
            "quarter": 2,
            "eps": null,
            "eps_growth_year": null,
            "eps_4q": null,
            "eps_4q_growth_year": null,
            "roe": null,
            "roe_4q": 0,
            "gross_profit": null,
            "gross_margin": null,
            "gross_margin_4q_avg": 0,
            "net_income": null,
            "net_income_4q": null,
            "revenue": null,
            "revenue_4q": null,
            "common_shares": null,
            "book_valuer_per_share": null,
            "book_valuer_per_share_4q_avg": 0,
            "equity": null,
            "current_ratio": null,
            "debt_ratio": null,
            "inventory_turnover_ratio": null,
            "account_receivable_turnover_ratio": null,
            "reinvestment_rate": null,
            "research_to_sale_ratio": null,
            "price_fair": 0,
            "eps_avg_yearly": 0,
            "eps_latest_yearly": 0,
            "eps_growth_yearly": 0
        },
        "20073": {
            "year_quarter": 20073,
            "year": 2007,
            "quarter": 3,
            "eps": null,
            "eps_growth_year": null,
            "eps_4q": null,
            "eps_4q_growth_year": null,
            "roe": null,
            "roe_4q": 0,
            "gross_profit": null,
            "gross_margin": null,
            "gross_margin_4q_avg": 0,
            "net_income": null,
            "net_income_4q": null,
            "revenue": null,
            "revenue_4q": null,
            "common_shares": null,
            "book_valuer_per_share": null,
            "book_valuer_per_share_4q_avg": 0,
            "equity": null,
            "current_ratio": null,
            "debt_ratio": null,
            "inventory_turnover_ratio": null,
            "account_receivable_turnover_ratio": null,
            "reinvestment_rate": null,
            "research_to_sale_ratio": null,
            "price_fair": 0,
            "eps_avg_yearly": 0,
            "eps_latest_yearly": 0,
            "eps_growth_yearly": 0
        },
        "20074": {
            "year_quarter": 20074,
            "year": 2007,
            "quarter": 4,
            "eps": null,
            "eps_growth_year": null,
            "eps_4q": null,
            "eps_4q_growth_year": null,
            "roe": null,
            "roe_4q": 0,
            "gross_profit": null,
            "gross_margin": null,
            "gross_margin_4q_avg": 0,
            "net_income": null,
            "net_income_4q": null,
            "revenue": null,
            "revenue_4q": null,
            "common_shares": null,
            "book_valuer_per_share": null,
            "book_valuer_per_share_4q_avg": 0,
            "equity": null,
            "current_ratio": null,
            "debt_ratio": null,
            "inventory_turnover_ratio": null,
            "account_receivable_turnover_ratio": null,
            "reinvestment_rate": null,
            "research_to_sale_ratio": null,
            "price_fair": 0,
            "eps_avg_yearly": 0,
            "eps_latest_yearly": 0,
            "eps_growth_yearly": 0
        },
        "20081": {
            "year_quarter": 20081,
            "year": 2008,
            "quarter": 1,
            "eps": null,
            "eps_growth_year": null,
            "eps_4q": null,
            "eps_4q_growth_year": null,
            "roe": null,
            "roe_4q": 0,
            "gross_profit": null,
            "gross_margin": null,
            "gross_margin_4q_avg": 0,
            "net_income": null,
            "net_income_4q": null,
            "revenue": null,
            "revenue_4q": null,
            "common_shares": null,
            "book_valuer_per_share": null,
            "book_valuer_per_share_4q_avg": 0,
            "equity": null,
            "current_ratio": null,
            "debt_ratio": null,
            "inventory_turnover_ratio": null,
            "account_receivable_turnover_ratio": null,
            "reinvestment_rate": null,
            "research_to_sale_ratio": null,
            "price_fair": 0,
            "eps_avg_yearly": 0,
            "eps_latest_yearly": 0,
            "eps_growth_yearly": 0
        },
        "20082": {
            "year_quarter": 20082,
            "year": 2008,
            "quarter": 2,
            "eps": null,
            "eps_growth_year": null,
            "eps_4q": null,
            "eps_4q_growth_year": null,
            "roe": null,
            "roe_4q": 0,
            "gross_profit": null,
            "gross_margin": null,
            "gross_margin_4q_avg": 0,
            "net_income": null,
            "net_income_4q": null,
            "revenue": null,
            "revenue_4q": null,
            "common_shares": null,
            "book_valuer_per_share": null,
            "book_valuer_per_share_4q_avg": 0,
            "equity": null,
            "current_ratio": null,
            "debt_ratio": null,
            "inventory_turnover_ratio": null,
            "account_receivable_turnover_ratio": null,
            "reinvestment_rate": null,
            "research_to_sale_ratio": null,
            "price_fair": 0,
            "eps_avg_yearly": 0,
            "eps_latest_yearly": 0,
            "eps_growth_yearly": 0
        },
        "20083": {
            "year_quarter": 20083,
            "year": 2008,
            "quarter": 3,
            "eps": null,
            "eps_growth_year": null,
            "eps_4q": null,
            "eps_4q_growth_year": null,
            "roe": null,
            "roe_4q": 0,
            "gross_profit": null,
            "gross_margin": null,
            "gross_margin_4q_avg": 0,
            "net_income": null,
            "net_income_4q": null,
            "revenue": null,
            "revenue_4q": null,
            "common_shares": null,
            "book_valuer_per_share": null,
            "book_valuer_per_share_4q_avg": 0,
            "equity": null,
            "current_ratio": null,
            "debt_ratio": null,
            "inventory_turnover_ratio": null,
            "account_receivable_turnover_ratio": null,
            "reinvestment_rate": null,
            "research_to_sale_ratio": null,
            "price_fair": 0,
            "eps_avg_yearly": 0,
            "eps_latest_yearly": 0,
            "eps_growth_yearly": 0
        },
        "20084": {
            "year_quarter": 20084,
            "year": 2008,
            "quarter": 4,
            "eps": null,
            "eps_growth_year": null,
            "eps_4q": null,
            "eps_4q_growth_year": null,
            "roe": null,
            "roe_4q": 0,
            "gross_profit": null,
            "gross_margin": null,
            "gross_margin_4q_avg": 0,
            "net_income": null,
            "net_income_4q": null,
            "revenue": null,
            "revenue_4q": null,
            "common_shares": null,
            "book_valuer_per_share": null,
            "book_valuer_per_share_4q_avg": 0,
            "equity": null,
            "current_ratio": null,
            "debt_ratio": null,
            "inventory_turnover_ratio": null,
            "account_receivable_turnover_ratio": null,
            "reinvestment_rate": null,
            "research_to_sale_ratio": null,
            "price_fair": 0,
            "eps_avg_yearly": 0,
            "eps_latest_yearly": 0,
            "eps_growth_yearly": 0
        },
        "20091": {
            "year_quarter": 20091,
            "year": 2009,
            "quarter": 1,
            "eps": null,
            "eps_growth_year": null,
            "eps_4q": null,
            "eps_4q_growth_year": null,
            "roe": null,
            "roe_4q": 0,
            "gross_profit": null,
            "gross_margin": null,
            "gross_margin_4q_avg": 0,
            "net_income": null,
            "net_income_4q": null,
            "revenue": null,
            "revenue_4q": null,
            "common_shares": null,
            "book_valuer_per_share": null,
            "book_valuer_per_share_4q_avg": 0,
            "equity": null,
            "current_ratio": null,
            "debt_ratio": null,
            "inventory_turnover_ratio": null,
            "account_receivable_turnover_ratio": null,
            "reinvestment_rate": null,
            "research_to_sale_ratio": null,
            "price_fair": 0,
            "eps_avg_yearly": 0,
            "eps_latest_yearly": 0,
            "eps_growth_yearly": 0
        },
        "20092": {
            "year_quarter": 20092,
            "year": 2009,
            "quarter": 2,
            "eps": null,
            "eps_growth_year": null,
            "eps_4q": null,
            "eps_4q_growth_year": null,
            "roe": null,
            "roe_4q": 0,
            "gross_profit": null,
            "gross_margin": null,
            "gross_margin_4q_avg": 0,
            "net_income": null,
            "net_income_4q": null,
            "revenue": null,
            "revenue_4q": null,
            "common_shares": null,
            "book_valuer_per_share": null,
            "book_valuer_per_share_4q_avg": 0,
            "equity": null,
            "current_ratio": null,
            "debt_ratio": null,
            "inventory_turnover_ratio": null,
            "account_receivable_turnover_ratio": null,
            "reinvestment_rate": null,
            "research_to_sale_ratio": null,
            "price_fair": 0,
            "eps_avg_yearly": 0,
            "eps_latest_yearly": 0,
            "eps_growth_yearly": 0
        },
        "20093": {
            "year_quarter": 20093,
            "year": 2009,
            "quarter": 3,
            "eps": null,
            "eps_growth_year": null,
            "eps_4q": null,
            "eps_4q_growth_year": null,
            "roe": null,
            "roe_4q": 0,
            "gross_profit": null,
            "gross_margin": null,
            "gross_margin_4q_avg": 0,
            "net_income": null,
            "net_income_4q": null,
            "revenue": null,
            "revenue_4q": null,
            "common_shares": null,
            "book_valuer_per_share": null,
            "book_valuer_per_share_4q_avg": 0,
            "equity": null,
            "current_ratio": null,
            "debt_ratio": null,
            "inventory_turnover_ratio": null,
            "account_receivable_turnover_ratio": null,
            "reinvestment_rate": null,
            "research_to_sale_ratio": null,
            "price_fair": 0,
            "eps_avg_yearly": 0,
            "eps_latest_yearly": 0,
            "eps_growth_yearly": 0
        },
        "20094": {
            "year_quarter": 20094,
            "year": 2009,
            "quarter": 4,
            "eps": null,
            "eps_growth_year": null,
            "eps_4q": null,
            "eps_4q_growth_year": null,
            "roe": null,
            "roe_4q": 0,
            "gross_profit": null,
            "gross_margin": null,
            "gross_margin_4q_avg": 0,
            "net_income": null,
            "net_income_4q": null,
            "revenue": null,
            "revenue_4q": null,
            "common_shares": 22000,
            "book_valuer_per_share": 17.25,
            "book_valuer_per_share_4q_avg": 4.31,
            "equity": 37954,
            "current_ratio": 146.43,
            "debt_ratio": 47.72,
            "inventory_turnover_ratio": null,
            "account_receivable_turnover_ratio": null,
            "reinvestment_rate": null,
            "research_to_sale_ratio": null,
            "price_fair": 0,
            "eps_avg_yearly": 0,
            "eps_latest_yearly": 0,
            "eps_growth_yearly": 0
        },
        "20101": {
            "year_quarter": 20101,
            "year": 2010,
            "quarter": 1,
            "eps": null,
            "eps_growth_year": null,
            "eps_4q": null,
            "eps_4q_growth_year": null,
            "roe": null,
            "roe_4q": 0,
            "gross_profit": null,
            "gross_margin": null,
            "gross_margin_4q_avg": 0,
            "net_income": null,
            "net_income_4q": null,
            "revenue": null,
            "revenue_4q": null,
            "common_shares": null,
            "book_valuer_per_share": null,
            "book_valuer_per_share_4q_avg": 4.31,
            "equity": null,
            "current_ratio": null,
            "debt_ratio": null,
            "inventory_turnover_ratio": null,
            "account_receivable_turnover_ratio": null,
            "reinvestment_rate": null,
            "research_to_sale_ratio": null,
            "price_fair": 0,
            "eps_avg_yearly": 0,
            "eps_latest_yearly": 0,
            "eps_growth_yearly": 0
        },
        "20102": {
            "year_quarter": 20102,
            "year": 2010,
            "quarter": 2,
            "eps": null,
            "eps_growth_year": null,
            "eps_4q": null,
            "eps_4q_growth_year": null,
            "roe": null,
            "roe_4q": 0,
            "gross_profit": null,
            "gross_margin": null,
            "gross_margin_4q_avg": 0,
            "net_income": null,
            "net_income_4q": null,
            "revenue": null,
            "revenue_4q": null,
            "common_shares": null,
            "book_valuer_per_share": null,
            "book_valuer_per_share_4q_avg": 4.31,
            "equity": null,
            "current_ratio": null,
            "debt_ratio": null,
            "inventory_turnover_ratio": null,
            "account_receivable_turnover_ratio": null,
            "reinvestment_rate": null,
            "research_to_sale_ratio": null,
            "price_fair": 0,
            "eps_avg_yearly": 0,
            "eps_latest_yearly": 0,
            "eps_growth_yearly": 0
        },
        "20103": {
            "year_quarter": 20103,
            "year": 2010,
            "quarter": 3,
            "eps": null,
            "eps_growth_year": null,
            "eps_4q": null,
            "eps_4q_growth_year": null,
            "roe": null,
            "roe_4q": 0,
            "gross_profit": null,
            "gross_margin": null,
            "gross_margin_4q_avg": 0,
            "net_income": null,
            "net_income_4q": null,
            "revenue": null,
            "revenue_4q": null,
            "common_shares": null,
            "book_valuer_per_share": null,
            "book_valuer_per_share_4q_avg": 4.31,
            "equity": null,
            "current_ratio": null,
            "debt_ratio": null,
            "inventory_turnover_ratio": null,
            "account_receivable_turnover_ratio": null,
            "reinvestment_rate": null,
            "research_to_sale_ratio": null,
            "price_fair": 0,
            "eps_avg_yearly": 0,
            "eps_latest_yearly": 0,
            "eps_growth_yearly": 0
        },
        "20104": {
            "year_quarter": 20104,
            "year": 2010,
            "quarter": 4,
            "eps": null,
            "eps_growth_year": null,
            "eps_4q": null,
            "eps_4q_growth_year": null,
            "roe": null,
            "roe_4q": 0,
            "gross_profit": null,
            "gross_margin": null,
            "gross_margin_4q_avg": 0,
            "net_income": null,
            "net_income_4q": null,
            "revenue": null,
            "revenue_4q": null,
            "common_shares": 29800,
            "book_valuer_per_share": 6.38,
            "book_valuer_per_share_4q_avg": 1.6,
            "equity": 18999,
            "current_ratio": 110.53,
            "debt_ratio": 80.27,
            "inventory_turnover_ratio": null,
            "account_receivable_turnover_ratio": null,
            "reinvestment_rate": null,
            "research_to_sale_ratio": null,
            "price_fair": 0,
            "eps_avg_yearly": 0,
            "eps_latest_yearly": 0,
            "eps_growth_yearly": 0
        },
        "20111": {
            "year_quarter": 20111,
            "year": 2011,
            "quarter": 1,
            "eps": null,
            "eps_growth_year": null,
            "eps_4q": null,
            "eps_4q_growth_year": null,
            "roe": null,
            "roe_4q": 0,
            "gross_profit": null,
            "gross_margin": null,
            "gross_margin_4q_avg": 0,
            "net_income": null,
            "net_income_4q": null,
            "revenue": null,
            "revenue_4q": null,
            "common_shares": null,
            "book_valuer_per_share": null,
            "book_valuer_per_share_4q_avg": 1.6,
            "equity": null,
            "current_ratio": null,
            "debt_ratio": null,
            "inventory_turnover_ratio": null,
            "account_receivable_turnover_ratio": null,
            "reinvestment_rate": null,
            "research_to_sale_ratio": null,
            "price_fair": 0,
            "eps_avg_yearly": 0,
            "eps_latest_yearly": 0,
            "eps_growth_yearly": 0
        },
        "20112": {
            "year_quarter": 20112,
            "year": 2011,
            "quarter": 2,
            "eps": null,
            "eps_growth_year": null,
            "eps_4q": null,
            "eps_4q_growth_year": null,
            "roe": null,
            "roe_4q": 0,
            "gross_profit": null,
            "gross_margin": null,
            "gross_margin_4q_avg": 0,
            "net_income": null,
            "net_income_4q": null,
            "revenue": null,
            "revenue_4q": null,
            "common_shares": null,
            "book_valuer_per_share": null,
            "book_valuer_per_share_4q_avg": 1.6,
            "equity": null,
            "current_ratio": null,
            "debt_ratio": null,
            "inventory_turnover_ratio": null,
            "account_receivable_turnover_ratio": null,
            "reinvestment_rate": null,
            "research_to_sale_ratio": null,
            "price_fair": 0,
            "eps_avg_yearly": 0,
            "eps_latest_yearly": 0,
            "eps_growth_yearly": 0
        },
        "20113": {
            "year_quarter": 20113,
            "year": 2011,
            "quarter": 3,
            "eps": null,
            "eps_growth_year": null,
            "eps_4q": null,
            "eps_4q_growth_year": null,
            "roe": null,
            "roe_4q": 0,
            "gross_profit": null,
            "gross_margin": null,
            "gross_margin_4q_avg": 0,
            "net_income": null,
            "net_income_4q": null,
            "revenue": null,
            "revenue_4q": null,
            "common_shares": null,
            "book_valuer_per_share": null,
            "book_valuer_per_share_4q_avg": 1.6,
            "equity": null,
            "current_ratio": null,
            "debt_ratio": null,
            "inventory_turnover_ratio": null,
            "account_receivable_turnover_ratio": null,
            "reinvestment_rate": null,
            "research_to_sale_ratio": null,
            "price_fair": 0,
            "eps_avg_yearly": 0,
            "eps_latest_yearly": 0,
            "eps_growth_yearly": 0
        },
        "20114": {
            "year_quarter": 20114,
            "year": 2011,
            "quarter": 4,
            "eps": null,
            "eps_growth_year": null,
            "eps_4q": null,
            "eps_4q_growth_year": null,
            "roe": null,
            "roe_4q": 0,
            "gross_profit": null,
            "gross_margin": null,
            "gross_margin_4q_avg": 0,
            "net_income": null,
            "net_income_4q": null,
            "revenue": null,
            "revenue_4q": null,
            "common_shares": 29800,
            "book_valuer_per_share": 19.31,
            "book_valuer_per_share_4q_avg": 4.83,
            "equity": 57552,
            "current_ratio": 145.26,
            "debt_ratio": 61.64,
            "inventory_turnover_ratio": null,
            "account_receivable_turnover_ratio": null,
            "reinvestment_rate": null,
            "research_to_sale_ratio": null,
            "price_fair": 0,
            "eps_avg_yearly": 0,
            "eps_latest_yearly": 0,
            "eps_growth_yearly": 0
        },
        "20121": {
            "year_quarter": 20121,
            "year": 2012,
            "quarter": 1,
            "eps": null,
            "eps_growth_year": null,
            "eps_4q": null,
            "eps_4q_growth_year": null,
            "roe": null,
            "roe_4q": 0,
            "gross_profit": null,
            "gross_margin": null,
            "gross_margin_4q_avg": 0,
            "net_income": null,
            "net_income_4q": null,
            "revenue": null,
            "revenue_4q": null,
            "common_shares": null,
            "book_valuer_per_share": null,
            "book_valuer_per_share_4q_avg": 4.83,
            "equity": null,
            "current_ratio": null,
            "debt_ratio": null,
            "inventory_turnover_ratio": null,
            "account_receivable_turnover_ratio": null,
            "reinvestment_rate": null,
            "research_to_sale_ratio": null,
            "price_fair": 0,
            "eps_avg_yearly": 0,
            "eps_latest_yearly": 0,
            "eps_growth_yearly": 0
        },
        "20122": {
            "year_quarter": 20122,
            "year": 2012,
            "quarter": 2,
            "eps": null,
            "eps_growth_year": null,
            "eps_4q": null,
            "eps_4q_growth_year": null,
            "roe": null,
            "roe_4q": 0,
            "gross_profit": null,
            "gross_margin": null,
            "gross_margin_4q_avg": 0,
            "net_income": null,
            "net_income_4q": null,
            "revenue": null,
            "revenue_4q": null,
            "common_shares": 49020,
            "book_valuer_per_share": null,
            "book_valuer_per_share_4q_avg": 4.83,
            "equity": 117294,
            "current_ratio": null,
            "debt_ratio": null,
            "inventory_turnover_ratio": null,
            "account_receivable_turnover_ratio": null,
            "reinvestment_rate": null,
            "research_to_sale_ratio": null,
            "price_fair": 0,
            "eps_avg_yearly": 0,
            "eps_latest_yearly": 0,
            "eps_growth_yearly": 0
        },
        "20123": {
            "year_quarter": 20123,
            "year": 2012,
            "quarter": 3,
            "eps": null,
            "eps_growth_year": null,
            "eps_4q": null,
            "eps_4q_growth_year": null,
            "roe": null,
            "roe_4q": 0,
            "gross_profit": null,
            "gross_margin": null,
            "gross_margin_4q_avg": 0,
            "net_income": null,
            "net_income_4q": null,
            "revenue": null,
            "revenue_4q": null,
            "common_shares": null,
            "book_valuer_per_share": null,
            "book_valuer_per_share_4q_avg": 4.83,
            "equity": null,
            "current_ratio": null,
            "debt_ratio": null,
            "inventory_turnover_ratio": null,
            "account_receivable_turnover_ratio": null,
            "reinvestment_rate": null,
            "research_to_sale_ratio": null,
            "price_fair": 0,
            "eps_avg_yearly": 0,
            "eps_latest_yearly": 0,
            "eps_growth_yearly": 0
        },
        "20124": {
            "year_quarter": 20124,
            "year": 2012,
            "quarter": 4,
            "eps": null,
            "eps_growth_year": null,
            "eps_4q": null,
            "eps_4q_growth_year": null,
            "roe": null,
            "roe_4q": 0,
            "gross_profit": null,
            "gross_margin": null,
            "gross_margin_4q_avg": 0,
            "net_income": null,
            "net_income_4q": null,
            "revenue": null,
            "revenue_4q": null,
            "common_shares": 181531,
            "book_valuer_per_share": 15.8,
            "book_valuer_per_share_4q_avg": 3.95,
            "equity": 286819,
            "current_ratio": 414.83,
            "debt_ratio": 23.66,
            "inventory_turnover_ratio": null,
            "account_receivable_turnover_ratio": null,
            "reinvestment_rate": null,
            "research_to_sale_ratio": null,
            "price_fair": 0,
            "eps_avg_yearly": 0,
            "eps_latest_yearly": 0,
            "eps_growth_yearly": 0
        },
        "20131": {
            "year_quarter": 20131,
            "year": 2013,
            "quarter": 1,
            "eps": null,
            "eps_growth_year": null,
            "eps_4q": null,
            "eps_4q_growth_year": null,
            "roe": null,
            "roe_4q": 0,
            "gross_profit": 103593,
            "gross_margin": null,
            "gross_margin_4q_avg": 0,
            "net_income": 42381,
            "net_income_4q": null,
            "revenue": 130777,
            "revenue_4q": null,
            "common_shares": 181531,
            "book_valuer_per_share": 18.1,
            "book_valuer_per_share_4q_avg": 8.48,
            "equity": 328516,
            "current_ratio": 455.96,
            "debt_ratio": 21.05,
            "inventory_turnover_ratio": null,
            "account_receivable_turnover_ratio": null,
            "reinvestment_rate": null,
            "research_to_sale_ratio": null,
            "price_fair": 0,
            "eps_avg_yearly": 0,
            "eps_latest_yearly": 0,
            "eps_growth_yearly": 0
        },
        "20132": {
            "year_quarter": 20132,
            "year": 2013,
            "quarter": 2,
            "eps": 2.03,
            "eps_growth_year": null,
            "eps_4q": null,
            "eps_4q_growth_year": null,
            "roe": 11.69,
            "roe_4q": 11.69,
            "gross_profit": 118401,
            "gross_margin": 75.68,
            "gross_margin_4q_avg": 18.92,
            "net_income": 36768,
            "net_income_4q": null,
            "revenue": 156458,
            "revenue_4q": null,
            "common_shares": 181531,
            "book_valuer_per_share": 16.57,
            "book_valuer_per_share_4q_avg": 12.62,
            "equity": 300783,
            "current_ratio": 279.64,
            "debt_ratio": 34.4,
            "inventory_turnover_ratio": 0.75,
            "account_receivable_turnover_ratio": 6.03,
            "reinvestment_rate": null,
            "research_to_sale_ratio": null,
            "price_fair": 0,
            "eps_avg_yearly": 0,
            "eps_latest_yearly": 0,
            "eps_growth_yearly": 0
        },
        "20133": {
            "year_quarter": 20133,
            "year": 2013,
            "quarter": 3,
            "eps": null,
            "eps_growth_year": null,
            "eps_4q": null,
            "eps_4q_growth_year": null,
            "roe": null,
            "roe_4q": 11.69,
            "gross_profit": 111489,
            "gross_margin": null,
            "gross_margin_4q_avg": 18.92,
            "net_income": 29447,
            "net_income_4q": null,
            "revenue": 136596,
            "revenue_4q": null,
            "common_shares": 181531,
            "book_valuer_per_share": 18.18,
            "book_valuer_per_share_4q_avg": 17.16,
            "equity": 330013,
            "current_ratio": 464.93,
            "debt_ratio": 20.47,
            "inventory_turnover_ratio": null,
            "account_receivable_turnover_ratio": null,
            "reinvestment_rate": null,
            "research_to_sale_ratio": null,
            "price_fair": 0,
            "eps_avg_yearly": 0,
            "eps_latest_yearly": 0,
            "eps_growth_yearly": 0
        },
        "20134": {
            "year_quarter": 20134,
            "year": 2013,
            "quarter": 4,
            "eps": null,
            "eps_growth_year": null,
            "eps_4q": null,
            "eps_4q_growth_year": null,
            "roe": null,
            "roe_4q": 11.69,
            "gross_profit": 92634,
            "gross_margin": null,
            "gross_margin_4q_avg": 18.92,
            "net_income": 15138,
            "net_income_4q": null,
            "revenue": 131885,
            "revenue_4q": null,
            "common_shares": 181531,
            "book_valuer_per_share": 19.02,
            "book_valuer_per_share_4q_avg": 17.97,
            "equity": 345206,
            "current_ratio": 444.81,
            "debt_ratio": 21.78,
            "inventory_turnover_ratio": null,
            "account_receivable_turnover_ratio": null,
            "reinvestment_rate": null,
            "research_to_sale_ratio": null,
            "price_fair": 0,
            "eps_avg_yearly": 0,
            "eps_latest_yearly": 0,
            "eps_growth_yearly": 0
        },
        "20141": {
            "year_quarter": 20141,
            "year": 2014,
            "quarter": 1,
            "eps": 0.85,
            "eps_growth_year": null,
            "eps_4q": 2.88,
            "eps_4q_growth_year": null,
            "roe": 4.39,
            "roe_4q": 16.08,
            "gross_profit": 94004,
            "gross_margin": 75.91,
            "gross_margin_4q_avg": 37.9,
            "net_income": 15500,
            "net_income_4q": null,
            "revenue": 123837,
            "revenue_4q": null,
            "common_shares": 181531,
            "book_valuer_per_share": 19.88,
            "book_valuer_per_share_4q_avg": 18.41,
            "equity": 360890,
            "current_ratio": 462.27,
            "debt_ratio": 20.67,
            "inventory_turnover_ratio": 0.53,
            "account_receivable_turnover_ratio": 2.37,
            "reinvestment_rate": null,
            "research_to_sale_ratio": 23.1,
            "price_fair": 0,
            "eps_avg_yearly": 0,
            "eps_latest_yearly": 0,
            "eps_growth_yearly": 0
        },
        "20142": {
            "year_quarter": 20142,
            "year": 2014,
            "quarter": 2,
            "eps": -0.43,
            "eps_growth_year": -121.23,
            "eps_4q": 0.42,
            "eps_4q_growth_year": null,
            "roe": -2.62,
            "roe_4q": 1.7699999999999996,
            "gross_profit": 98771,
            "gross_margin": 73.41,
            "gross_margin_4q_avg": 37.33,
            "net_income": -7892,
            "net_income_4q": null,
            "revenue": 134556,
            "revenue_4q": null,
            "common_shares": 181531,
            "book_valuer_per_share": 13.35,
            "book_valuer_per_share_4q_avg": 17.61,
            "equity": 242361,
            "current_ratio": 310.49,
            "debt_ratio": 30.01,
            "inventory_turnover_ratio": 0.63,
            "account_receivable_turnover_ratio": 2.35,
            "reinvestment_rate": null,
            "research_to_sale_ratio": 20.63,
            "price_fair": 0,
            "eps_avg_yearly": 0,
            "eps_latest_yearly": 0,
            "eps_growth_yearly": 0
        },
        "20143": {
            "year_quarter": 20143,
            "year": 2014,
            "quarter": 3,
            "eps": 0.69,
            "eps_growth_year": null,
            "eps_4q": 1.11,
            "eps_4q_growth_year": null,
            "roe": 5.05,
            "roe_4q": 6.819999999999999,
            "gross_profit": 87090,
            "gross_margin": 72.01,
            "gross_margin_4q_avg": 55.33,
            "net_income": 12572,
            "net_income_4q": null,
            "revenue": 120937,
            "revenue_4q": null,
            "common_shares": 181531,
            "book_valuer_per_share": 14.06,
            "book_valuer_per_share_4q_avg": 16.58,
            "equity": 255218,
            "current_ratio": 410.72,
            "debt_ratio": 22.54,
            "inventory_turnover_ratio": 0.56,
            "account_receivable_turnover_ratio": 2.1,
            "reinvestment_rate": null,
            "research_to_sale_ratio": 15.59,
            "price_fair": 0,
            "eps_avg_yearly": 0,
            "eps_latest_yearly": 0,
            "eps_growth_yearly": 0
        },
        "20144": {
            "year_quarter": 20144,
            "year": 2014,
            "quarter": 4,
            "eps": -0.19,
            "eps_growth_year": null,
            "eps_4q": 0.79,
            "eps_4q_growth_year": null,
            "roe": -1.19,
            "roe_4q": 5.629999999999999,
            "gross_profit": 98163,
            "gross_margin": 73.59,
            "gross_margin_4q_avg": 73.73,
            "net_income": -3862,
            "net_income_4q": null,
            "revenue": 133392,
            "revenue_4q": null,
            "common_shares": 205741,
            "book_valuer_per_share": 19.11,
            "book_valuer_per_share_4q_avg": 16.6,
            "equity": 393192,
            "current_ratio": 524.03,
            "debt_ratio": 18.43,
            "inventory_turnover_ratio": 0.6,
            "account_receivable_turnover_ratio": 2.41,
            "reinvestment_rate": null,
            "research_to_sale_ratio": 28.71,
            "price_fair": 0,
            "eps_avg_yearly": 0,
            "eps_latest_yearly": 0,
            "eps_growth_yearly": 0
        },
        "20151": {
            "year_quarter": 20151,
            "year": 2015,
            "quarter": 1,
            "eps": 0.05,
            "eps_growth_year": -94.12,
            "eps_4q": 0.09,
            "eps_4q_growth_year": -96.91,
            "roe": 0.26,
            "roe_4q": 1.5,
            "gross_profit": 69107,
            "gross_margin": 67.48,
            "gross_margin_4q_avg": 71.62,
            "net_income": 1013,
            "net_income_4q": null,
            "revenue": 102408,
            "revenue_4q": null,
            "common_shares": 205741,
            "book_valuer_per_share": 19.15,
            "book_valuer_per_share_4q_avg": 16.42,
            "equity": 394039,
            "current_ratio": 499.3,
            "debt_ratio": 19.36,
            "inventory_turnover_ratio": 0.63,
            "account_receivable_turnover_ratio": 2.05,
            "reinvestment_rate": null,
            "research_to_sale_ratio": 19.72,
            "price_fair": 0,
            "eps_avg_yearly": 0,
            "eps_latest_yearly": 0,
            "eps_growth_yearly": 0
        },
        "20152": {
            "year_quarter": 20152,
            "year": 2015,
            "quarter": 2,
            "eps": 0.43,
            "eps_growth_year": null,
            "eps_4q": 0.87,
            "eps_4q_growth_year": 108.08,
            "roe": 2.38,
            "roe_4q": 6.5,
            "gross_profit": 76578,
            "gross_margin": 69.46,
            "gross_margin_4q_avg": 70.64,
            "net_income": 9502,
            "net_income_4q": null,
            "revenue": 110254,
            "revenue_4q": null,
            "common_shares": 205741,
            "book_valuer_per_share": 19.6,
            "book_valuer_per_share_4q_avg": 17.98,
            "equity": 403336,
            "current_ratio": 487.5,
            "debt_ratio": 19.84,
            "inventory_turnover_ratio": 0.6,
            "account_receivable_turnover_ratio": 2.09,
            "reinvestment_rate": null,
            "research_to_sale_ratio": 19.06,
            "price_fair": 60.2,
            "eps_avg_yearly": 1.72,
            "eps_latest_yearly": 1.72,
            "eps_growth_yearly": 3040
        },
        "20153": {
            "year_quarter": 20153,
            "year": 2015,
            "quarter": 3,
            "eps": 0.35,
            "eps_growth_year": -49.28,
            "eps_4q": 0.65,
            "eps_4q_growth_year": -41.09,
            "roe": 1.91,
            "roe_4q": 3.36,
            "gross_profit": 66570,
            "gross_margin": 69.12,
            "gross_margin_4q_avg": 69.91,
            "net_income": 7783,
            "net_income_4q": null,
            "revenue": 96315,
            "revenue_4q": null,
            "common_shares": 205741,
            "book_valuer_per_share": 20.03,
            "book_valuer_per_share_4q_avg": 19.47,
            "equity": 412003,
            "current_ratio": 554.2,
            "debt_ratio": 17.56,
            "inventory_turnover_ratio": 0.44,
            "account_receivable_turnover_ratio": 1.63,
            "reinvestment_rate": null,
            "research_to_sale_ratio": 19.27,
            "price_fair": 54.6,
            "eps_avg_yearly": 1.56,
            "eps_latest_yearly": 1.4,
            "eps_growth_yearly": 1482.79
        },
        "20154": {
            "year_quarter": 20154,
            "year": 2015,
            "quarter": 4,
            "eps": -0.76,
            "eps_growth_year": null,
            "eps_4q": 0.07,
            "eps_4q_growth_year": -90.93,
            "roe": -4.14,
            "roe_4q": 0.41000000000000036,
            "gross_profit": 71754,
            "gross_margin": 63.64,
            "gross_margin_4q_avg": 67.43,
            "net_income": -16712,
            "net_income_4q": null,
            "revenue": 112747,
            "revenue_4q": null,
            "common_shares": 220452,
            "book_valuer_per_share": 17.9,
            "book_valuer_per_share_4q_avg": 19.17,
            "equity": 394645,
            "current_ratio": 671.97,
            "debt_ratio": 14.64,
            "inventory_turnover_ratio": 0.64,
            "account_receivable_turnover_ratio": 1.94,
            "reinvestment_rate": null,
            "research_to_sale_ratio": 12.64,
            "price_fair": 54.6,
            "eps_avg_yearly": 1.56,
            "eps_latest_yearly": 1.4,
            "eps_growth_yearly": 1482.79
        },
        "20161": {
            "year_quarter": 20161,
            "year": 2016,
            "quarter": 1,
            "eps": -0.98,
            "eps_growth_year": -2060,
            "eps_4q": -0.95,
            "eps_4q_growth_year": -1170.84,
            "roe": -5.62,
            "roe_4q": -5.47,
            "gross_profit": 48350,
            "gross_margin": 56.19,
            "gross_margin_4q_avg": 64.6,
            "net_income": -21582,
            "net_income_4q": null,
            "revenue": 86044,
            "revenue_4q": null,
            "common_shares": 220452,
            "book_valuer_per_share": 16.94,
            "book_valuer_per_share_4q_avg": 18.62,
            "equity": 373337,
            "current_ratio": 596.01,
            "debt_ratio": 16.48,
            "inventory_turnover_ratio": 0.8,
            "account_receivable_turnover_ratio": 1.54,
            "reinvestment_rate": null,
            "research_to_sale_ratio": 23.47,
            "price_fair": 54.6,
            "eps_avg_yearly": 1.56,
            "eps_latest_yearly": 1.4,
            "eps_growth_yearly": 1482.79
        },
        "20162": {
            "year_quarter": 20162,
            "year": 2016,
            "quarter": 2,
            "eps": -0.5,
            "eps_growth_year": -216.28,
            "eps_4q": -1.89,
            "eps_4q_growth_year": -316.57,
            "roe": -3.03,
            "roe_4q": -10.879999999999999,
            "gross_profit": 59453,
            "gross_margin": 69.53,
            "gross_margin_4q_avg": 64.62,
            "net_income": -11124,
            "net_income_4q": null,
            "revenue": 85502,
            "revenue_4q": null,
            "common_shares": 220452,
            "book_valuer_per_share": 16.42,
            "book_valuer_per_share_4q_avg": 17.82,
            "equity": 361959,
            "current_ratio": 576.14,
            "debt_ratio": 17.25,
            "inventory_turnover_ratio": 0.64,
            "account_receivable_turnover_ratio": 2.05,
            "reinvestment_rate": null,
            "research_to_sale_ratio": 20.64,
            "price_fair": 54.6,
            "eps_avg_yearly": 1.56,
            "eps_latest_yearly": 1.4,
            "eps_growth_yearly": 1482.79
        },
        "20163": {
            "year_quarter": 20163,
            "year": 2016,
            "quarter": 3,
            "eps": 0.04,
            "eps_growth_year": -88.57,
            "eps_4q": -2.21,
            "eps_4q_growth_year": -436.91,
            "roe": 0.22,
            "roe_4q": -12.57,
            "gross_profit": 63804,
            "gross_margin": 73,
            "gross_margin_4q_avg": 65.59,
            "net_income": 782,
            "net_income_4q": null,
            "revenue": 87402,
            "revenue_4q": null,
            "common_shares": 220452,
            "book_valuer_per_share": 16.47,
            "book_valuer_per_share_4q_avg": 16.93,
            "equity": 363088,
            "current_ratio": 629.17,
            "debt_ratio": 15.89,
            "inventory_turnover_ratio": 0.65,
            "account_receivable_turnover_ratio": 3.19,
            "reinvestment_rate": null,
            "research_to_sale_ratio": 16.55,
            "price_fair": 54.6,
            "eps_avg_yearly": 1.56,
            "eps_latest_yearly": 1.4,
            "eps_growth_yearly": 1482.79
        },
        "20164": {
            "year_quarter": 20164,
            "year": 2016,
            "quarter": 4,
            "eps": 0.6,
            "eps_growth_year": null,
            "eps_4q": -0.84,
            "eps_4q_growth_year": -1271.94,
            "roe": 3.61,
            "roe_4q": -4.82,
            "gross_profit": 48774,
            "gross_margin": 67.06,
            "gross_margin_4q_avg": 66.45,
            "net_income": 13337,
            "net_income_4q": null,
            "revenue": 72736,
            "revenue_4q": null,
            "common_shares": 220452,
            "book_valuer_per_share": 17.06,
            "book_valuer_per_share_4q_avg": 16.72,
            "equity": 376099,
            "current_ratio": 649.96,
            "debt_ratio": 14.7,
            "inventory_turnover_ratio": 0.73,
            "account_receivable_turnover_ratio": 3.07,
            "reinvestment_rate": -4.63,
            "research_to_sale_ratio": 23.37,
            "price_fair": 64.4,
            "eps_avg_yearly": 1.84,
            "eps_latest_yearly": 2.4,
            "eps_growth_yearly": 2855.19
        },
        "20171": {
            "year_quarter": 20171,
            "year": 2017,
            "quarter": 1,
            "eps": -0.32,
            "eps_growth_year": null,
            "eps_4q": -0.19,
            "eps_4q_growth_year": null,
            "roe": -1.91,
            "roe_4q": -1.1099999999999999,
            "gross_profit": 49165,
            "gross_margin": 72.47,
            "gross_margin_4q_avg": 70.52,
            "net_income": -7104,
            "net_income_4q": null,
            "revenue": 67843,
            "revenue_4q": null,
            "common_shares": 220452,
            "book_valuer_per_share": 16.72,
            "book_valuer_per_share_4q_avg": 16.67,
            "equity": 368690,
            "current_ratio": 620.39,
            "debt_ratio": 15.42,
            "inventory_turnover_ratio": 0.58,
            "account_receivable_turnover_ratio": 2.72,
            "reinvestment_rate": 5.25,
            "research_to_sale_ratio": 21.61,
            "price_fair": 64.4,
            "eps_avg_yearly": 1.84,
            "eps_latest_yearly": 2.4,
            "eps_growth_yearly": 2855.19
        },
        "20172": {
            "year_quarter": 20172,
            "year": 2017,
            "quarter": 2,
            "eps": -0.19,
            "eps_growth_year": null,
            "eps_4q": 0.13,
            "eps_4q_growth_year": null,
            "roe": -1.16,
            "roe_4q": 0.76,
            "gross_profit": 43016,
            "gross_margin": 60.84,
            "gross_margin_4q_avg": 68.34,
            "net_income": -4243,
            "net_income_4q": null,
            "revenue": 70706,
            "revenue_4q": null,
            "common_shares": 220452,
            "book_valuer_per_share": 16.54,
            "book_valuer_per_share_4q_avg": 16.7,
            "equity": 364610,
            "current_ratio": 533.43,
            "debt_ratio": 16.49,
            "inventory_turnover_ratio": 0.89,
            "account_receivable_turnover_ratio": 2.81,
            "reinvestment_rate": 19.62,
            "research_to_sale_ratio": 18.68,
            "price_fair": 64.4,
            "eps_avg_yearly": 1.84,
            "eps_latest_yearly": 2.4,
            "eps_growth_yearly": 2855.19
        },
        "20173": {
            "year_quarter": 20173,
            "year": 2017,
            "quarter": 3,
            "eps": -0.56,
            "eps_growth_year": -1500,
            "eps_4q": -0.47,
            "eps_4q_growth_year": null,
            "roe": -3.46,
            "roe_4q": -2.9200000000000004,
            "gross_profit": 41047,
            "gross_margin": 71.92,
            "gross_margin_4q_avg": 68.07,
            "net_income": -12416,
            "net_income_4q": null,
            "revenue": 57074,
            "revenue_4q": null,
            "common_shares": 220452,
            "book_valuer_per_share": 15.98,
            "book_valuer_per_share_4q_avg": 16.58,
            "equity": 352338,
            "current_ratio": 504.83,
            "debt_ratio": 16.97,
            "inventory_turnover_ratio": 0.42,
            "account_receivable_turnover_ratio": 2.73,
            "reinvestment_rate": null,
            "research_to_sale_ratio": 16.59,
            "price_fair": 64.4,
            "eps_avg_yearly": 1.84,
            "eps_latest_yearly": 2.4,
            "eps_growth_yearly": 2855.19
        },
        "20174": {
            "year_quarter": 20174,
            "year": 2017,
            "quarter": 4,
            "eps": 0.18,
            "eps_growth_year": -70.45,
            "eps_4q": -0.68,
            "eps_4q_growth_year": null,
            "roe": 1.28,
            "roe_4q": -5.25,
            "gross_profit": 45297,
            "gross_margin": 67.15,
            "gross_margin_4q_avg": 68.1,
            "net_income": 4974,
            "net_income_4q": null,
            "revenue": 67454,
            "revenue_4q": null,
            "common_shares": 278052,
            "book_valuer_per_share": 15.37,
            "book_valuer_per_share_4q_avg": 16.15,
            "equity": 427505,
            "current_ratio": 582.66,
            "debt_ratio": 16.13,
            "inventory_turnover_ratio": 0.52,
            "account_receivable_turnover_ratio": 3.44,
            "reinvestment_rate": null,
            "research_to_sale_ratio": 12.83,
            "price_fair": 64.4,
            "eps_avg_yearly": 1.84,
            "eps_latest_yearly": 2.4,
            "eps_growth_yearly": 2855.19
        },
        "20181": {
            "year_quarter": 20181,
            "year": 2018,
            "quarter": 1,
            "eps": -0.91,
            "eps_growth_year": null,
            "eps_4q": -1.33,
            "eps_4q_growth_year": null,
            "roe": -6.08,
            "roe_4q": -9.42,
            "gross_profit": 37514,
            "gross_margin": 70.3,
            "gross_margin_4q_avg": 67.55,
            "net_income": -25252,
            "net_income_4q": null,
            "revenue": 53361,
            "revenue_4q": null,
            "common_shares": 278052,
            "book_valuer_per_share": 14.48,
            "book_valuer_per_share_4q_avg": 15.59,
            "equity": 402607,
            "current_ratio": 734.63,
            "debt_ratio": 13.24,
            "inventory_turnover_ratio": 0.43,
            "account_receivable_turnover_ratio": 2.31,
            "reinvestment_rate": null,
            "research_to_sale_ratio": 13.62,
            "price_fair": 64.4,
            "eps_avg_yearly": 1.84,
            "eps_latest_yearly": 2.4,
            "eps_growth_yearly": 2855.19
        },
        "20182": {
            "year_quarter": 20182,
            "year": 2018,
            "quarter": 2,
            "eps": -0.74,
            "eps_growth_year": null,
            "eps_4q": -1.92,
            "eps_4q_growth_year": -1626.39,
            "roe": -5.26,
            "roe_4q": -13.52,
            "gross_profit": 40365,
            "gross_margin": 70.56,
            "gross_margin_4q_avg": 69.98,
            "net_income": -20610,
            "net_income_4q": null,
            "revenue": 57207,
            "revenue_4q": null,
            "common_shares": 278052,
            "book_valuer_per_share": 13.71,
            "book_valuer_per_share_4q_avg": 14.89,
            "equity": 381304,
            "current_ratio": 594.29,
            "debt_ratio": 15.99,
            "inventory_turnover_ratio": 0.48,
            "account_receivable_turnover_ratio": 2.59,
            "reinvestment_rate": null,
            "research_to_sale_ratio": 11.54,
            "price_fair": 64.4,
            "eps_avg_yearly": 1.84,
            "eps_latest_yearly": 2.4,
            "eps_growth_yearly": 2855.19
        },
        "20183": {
            "year_quarter": 20183,
            "year": 2018,
            "quarter": 3,
            "eps": -1.68,
            "eps_growth_year": null,
            "eps_4q": -3.15,
            "eps_4q_growth_year": null,
            "roe": -13.04,
            "roe_4q": -23.099999999999994,
            "gross_profit": 39298,
            "gross_margin": 61.25,
            "gross_margin_4q_avg": 67.32,
            "net_income": -46591,
            "net_income_4q": null,
            "revenue": 64165,
            "revenue_4q": null,
            "common_shares": 278052,
            "book_valuer_per_share": 11.98,
            "book_valuer_per_share_4q_avg": 13.89,
            "equity": 333397,
            "current_ratio": 496.93,
            "debt_ratio": 17.72,
            "inventory_turnover_ratio": 0.82,
            "account_receivable_turnover_ratio": 3.2,
            "reinvestment_rate": null,
            "research_to_sale_ratio": 12.24,
            "price_fair": 64.4,
            "eps_avg_yearly": 1.84,
            "eps_latest_yearly": 2.4,
            "eps_growth_yearly": 2855.19
        },
        "20184": {
            "year_quarter": 20184,
            "year": 2018,
            "quarter": 4,
            "eps": -0.62,
            "eps_growth_year": -447.01,
            "eps_4q": -3.95,
            "eps_4q_growth_year": null,
            "roe": -5.35,
            "roe_4q": -29.729999999999997,
            "gross_profit": 41505,
            "gross_margin": 82.34,
            "gross_margin_4q_avg": 71.11,
            "net_income": -17366,
            "net_income_4q": null,
            "revenue": 50406,
            "revenue_4q": null,
            "common_shares": 278052,
            "book_valuer_per_share": 11.37,
            "book_valuer_per_share_4q_avg": 12.89,
            "equity": 316364,
            "current_ratio": 433.68,
            "debt_ratio": 18.34,
            "inventory_turnover_ratio": 0.3,
            "account_receivable_turnover_ratio": 3,
            "reinvestment_rate": null,
            "research_to_sale_ratio": 12.66,
            "price_fair": 64.4,
            "eps_avg_yearly": 1.84,
            "eps_latest_yearly": 2.4,
            "eps_growth_yearly": 2855.19
        },
        "20191": {
            "year_quarter": 20191,
            "year": 2019,
            "quarter": 1,
            "eps": -0.08,
            "eps_growth_year": null,
            "eps_4q": -3.13,
            "eps_4q_growth_year": null,
            "roe": -0.71,
            "roe_4q": -24.36,
            "gross_profit": 29540,
            "gross_margin": 62.02,
            "gross_margin_4q_avg": 69.04,
            "net_income": -2234,
            "net_income_4q": null,
            "revenue": 47627,
            "revenue_4q": null,
            "common_shares": 278052,
            "book_valuer_per_share": 11.28,
            "book_valuer_per_share_4q_avg": 12.09,
            "equity": 314237,
            "current_ratio": 375.95,
            "debt_ratio": 23.65,
            "inventory_turnover_ratio": 0.52,
            "account_receivable_turnover_ratio": 3.23,
            "reinvestment_rate": null,
            "research_to_sale_ratio": 8.08,
            "price_fair": 64.4,
            "eps_avg_yearly": 1.84,
            "eps_latest_yearly": 2.4,
            "eps_growth_yearly": 2855.19
        },
        "20192": {
            "year_quarter": 20192,
            "year": 2019,
            "quarter": 2,
            "eps": -1.08,
            "eps_growth_year": null,
            "eps_4q": -3.46,
            "eps_4q_growth_year": null,
            "roe": -10.02,
            "roe_4q": -29.119999999999997,
            "gross_profit": 33789,
            "gross_margin": 63.41,
            "gross_margin_4q_avg": 67.26,
            "net_income": -29976,
            "net_income_4q": null,
            "revenue": 53283,
            "revenue_4q": null,
            "common_shares": 278052,
            "book_valuer_per_share": 10.2,
            "book_valuer_per_share_4q_avg": 11.21,
            "equity": 284220,
            "current_ratio": 314.14,
            "debt_ratio": 28.03,
            "inventory_turnover_ratio": 0.6,
            "account_receivable_turnover_ratio": 2.77,
            "reinvestment_rate": null,
            "research_to_sale_ratio": 5.34,
            "price_fair": 66.5,
            "eps_avg_yearly": 1.9,
            "eps_latest_yearly": 2.4,
            "eps_growth_yearly": 2762.79
        },
        "20193": {
            "year_quarter": 20193,
            "year": 2019,
            "quarter": 3,
            "eps": -0.51,
            "eps_growth_year": null,
            "eps_4q": -2.3,
            "eps_4q_growth_year": null,
            "roe": -5.2,
            "roe_4q": -21.28,
            "gross_profit": 33448,
            "gross_margin": 61.21,
            "gross_margin_4q_avg": 67.25,
            "net_income": -14390,
            "net_income_4q": null,
            "revenue": 54645,
            "revenue_4q": null,
            "common_shares": 278052,
            "book_valuer_per_share": 9.69,
            "book_valuer_per_share_4q_avg": 10.64,
            "equity": 269686,
            "current_ratio": 285.69,
            "debt_ratio": 33.18,
            "inventory_turnover_ratio": 0.76,
            "account_receivable_turnover_ratio": 2.55,
            "reinvestment_rate": null,
            "research_to_sale_ratio": 5.92,
            "price_fair": 84,
            "eps_avg_yearly": 2.4,
            "eps_latest_yearly": 2.4,
            "eps_growth_yearly": 5600
        },
        "20194": {
            "year_quarter": 20194,
            "year": 2019,
            "quarter": 4,
            "eps": -0.38,
            "eps_growth_year": null,
            "eps_4q": -3.92,
            "eps_4q_growth_year": null,
            "roe": -1.88,
            "roe_4q": -17.810000000000002,
            "gross_profit": 31911,
            "gross_margin": 55.89,
            "gross_margin_4q_avg": 60.63,
            "net_income": -5019,
            "net_income_4q": null,
            "revenue": 57101,
            "revenue_4q": null,
            "common_shares": 131592,
            "book_valuer_per_share": 20.12,
            "book_valuer_per_share_4q_avg": 12.82,
            "equity": 265114,
            "current_ratio": 270,
            "debt_ratio": 34.32,
            "inventory_turnover_ratio": 1.15,
            "account_receivable_turnover_ratio": 3.38,
            "reinvestment_rate": null,
            "research_to_sale_ratio": 4.82,
            "price_fair": 84,
            "eps_avg_yearly": 2.4,
            "eps_latest_yearly": 2.4,
            "eps_growth_yearly": 5600
        },
        "20201": {
            "year_quarter": 20201,
            "year": 2020,
            "quarter": 1,
            "eps": -3.54,
            "eps_growth_year": null,
            "eps_4q": -7.28,
            "eps_4q_growth_year": null,
            "roe": -19.22,
            "roe_4q": -36.31999999999999,
            "gross_profit": 39150,
            "gross_margin": 64.35,
            "gross_margin_4q_avg": 61.22,
            "net_income": -46492,
            "net_income_4q": null,
            "revenue": 60842,
            "revenue_4q": null,
            "common_shares": 131592,
            "book_valuer_per_share": 16.58,
            "book_valuer_per_share_4q_avg": 14.15,
            "equity": 218552,
            "current_ratio": 216.58,
            "debt_ratio": 40.68,
            "inventory_turnover_ratio": 0.97,
            "account_receivable_turnover_ratio": 3.64,
            "reinvestment_rate": null,
            "research_to_sale_ratio": 4.38,
            "price_fair": 84,
            "eps_avg_yearly": 2.4,
            "eps_latest_yearly": 2.4,
            "eps_growth_yearly": 5600
        },
        "20202": {
            "year_quarter": 20202,
            "year": 2020,
            "quarter": 2,
            "eps": -1.65,
            "eps_growth_year": null,
            "eps_4q": -6.65,
            "eps_4q_growth_year": null,
            "roe": -10.49,
            "roe_4q": -36.79,
            "gross_profit": 34262,
            "gross_margin": 57.99,
            "gross_margin_4q_avg": 59.86,
            "net_income": -21788,
            "net_income_4q": null,
            "revenue": 59078,
            "revenue_4q": null,
            "common_shares": 131592,
            "book_valuer_per_share": 14.95,
            "book_valuer_per_share_4q_avg": 15.34,
            "equity": 196977,
            "current_ratio": 192.66,
            "debt_ratio": 46.93,
            "inventory_turnover_ratio": 0.9,
            "account_receivable_turnover_ratio": 3.04,
            "reinvestment_rate": null,
            "research_to_sale_ratio": 4.43,
            "price_fair": 84,
            "eps_avg_yearly": 2.4,
            "eps_latest_yearly": 2.4,
            "eps_growth_yearly": 5600
        },
        "20203": {
            "year_quarter": 20203,
            "year": 2020,
            "quarter": 3,
            "eps": 0.04,
            "eps_growth_year": null,
            "eps_4q": -5.52,
            "eps_4q_growth_year": null,
            "roe": 0.31,
            "roe_4q": -31.279999999999998,
            "gross_profit": 43225,
            "gross_margin": 64.61,
            "gross_margin_4q_avg": 60.71,
            "net_income": 607,
            "net_income_4q": null,
            "revenue": 66901,
            "revenue_4q": null,
            "common_shares": 131592,
            "book_valuer_per_share": 15,
            "book_valuer_per_share_4q_avg": 16.66,
            "equity": 197773,
            "current_ratio": 187.2,
            "debt_ratio": 48.34,
            "inventory_turnover_ratio": 0.78,
            "account_receivable_turnover_ratio": 3.54,
            "reinvestment_rate": null,
            "research_to_sale_ratio": 4.27,
            "price_fair": 84,
            "eps_avg_yearly": 2.4,
            "eps_latest_yearly": 2.4,
            "eps_growth_yearly": 5600
        },
        "20204": {
            "year_quarter": 20204,
            "year": 2020,
            "quarter": 4,
            "eps": -0.49,
            "eps_growth_year": null,
            "eps_4q": -5.64,
            "eps_4q_growth_year": null,
            "roe": -3.34,
            "roe_4q": -32.739999999999995,
            "gross_profit": 35817,
            "gross_margin": 59.98,
            "gross_margin_4q_avg": 61.73,
            "net_income": -6494,
            "net_income_4q": null,
            "revenue": 59716,
            "revenue_4q": null,
            "common_shares": 131592,
            "book_valuer_per_share": 14.53,
            "book_valuer_per_share_4q_avg": 15.27,
            "equity": 191490,
            "current_ratio": 167.18,
            "debt_ratio": 52.1,
            "inventory_turnover_ratio": 0.79,
            "account_receivable_turnover_ratio": 3.45,
            "reinvestment_rate": null,
            "research_to_sale_ratio": 3.68,
            "price_fair": 0,
            "eps_avg_yearly": 0,
            "eps_latest_yearly": 0,
            "eps_growth_yearly": 0
        },
        "20211": {
            "year_quarter": 20211,
            "year": 2021,
            "quarter": 1,
            "eps": 0.67,
            "eps_growth_year": null,
            "eps_4q": -1.43,
            "eps_4q_growth_year": null,
            "roe": 4.49,
            "roe_4q": -9.03,
            "gross_profit": 33034,
            "gross_margin": 51.43,
            "gross_margin_4q_avg": 58.5,
            "net_income": 8802,
            "net_income_4q": null,
            "revenue": 64232,
            "revenue_4q": null,
            "common_shares": 131592,
            "book_valuer_per_share": 15.19,
            "book_valuer_per_share_4q_avg": 14.92,
            "equity": 200256,
            "current_ratio": 170.32,
            "debt_ratio": 51.33,
            "inventory_turnover_ratio": 1.16,
            "account_receivable_turnover_ratio": 3.61,
            "reinvestment_rate": null,
            "research_to_sale_ratio": 3.34,
            "price_fair": 0,
            "eps_avg_yearly": 0,
            "eps_latest_yearly": 0,
            "eps_growth_yearly": 0
        },
        "20212": {
            "year_quarter": 20212,
            "year": 2021,
            "quarter": 2,
            "eps": 2.26,
            "eps_growth_year": null,
            "eps_4q": 2.48,
            "eps_4q_growth_year": null,
            "roe": 13.79,
            "roe_4q": 15.250000000000002,
            "gross_profit": 41256,
            "gross_margin": 48.07,
            "gross_margin_4q_avg": 56.02,
            "net_income": 29686,
            "net_income_4q": null,
            "revenue": 85828,
            "revenue_4q": null,
            "common_shares": 131592,
            "book_valuer_per_share": 17.48,
            "book_valuer_per_share_4q_avg": 15.55,
            "equity": 230278,
            "current_ratio": 178.48,
            "debt_ratio": 45.85,
            "inventory_turnover_ratio": 2.05,
            "account_receivable_turnover_ratio": 3.69,
            "reinvestment_rate": null,
            "research_to_sale_ratio": 2.46,
            "price_fair": 316.4,
            "eps_avg_yearly": 9.04,
            "eps_latest_yearly": 9.04,
            "eps_growth_yearly": 949.25
        },
        "20213": {
            "year_quarter": 20213,
            "year": 2021,
            "quarter": 3,
            "eps": 2.17,
            "eps_growth_year": 5325,
            "eps_4q": 4.61,
            "eps_4q_growth_year": null,
            "roe": 11.67,
            "roe_4q": 26.610000000000003,
            "gross_profit": 26451,
            "gross_margin": 40.24,
            "gross_margin_4q_avg": 49.93,
            "net_income": 28540,
            "net_income_4q": null,
            "revenue": 65725,
            "revenue_4q": null,
            "common_shares": 131592,
            "book_valuer_per_share": 19.65,
            "book_valuer_per_share_4q_avg": 16.71,
            "equity": 258835,
            "current_ratio": 253.36,
            "debt_ratio": 39.93,
            "inventory_turnover_ratio": 1.98,
            "account_receivable_turnover_ratio": 2.42,
            "reinvestment_rate": null,
            "research_to_sale_ratio": 3.46,
            "price_fair": 310.1,
            "eps_avg_yearly": 8.86,
            "eps_latest_yearly": 8.68,
            "eps_growth_yearly": 466.66
        },
        "20214": {
            "year_quarter": 20214,
            "year": 2021,
            "quarter": 4,
            "eps": -0.23,
            "eps_growth_year": null,
            "eps_4q": 4.87,
            "eps_4q_growth_year": null,
            "roe": -1.15,
            "roe_4q": 28.799999999999997,
            "gross_profit": 17852,
            "gross_margin": 31.15,
            "gross_margin_4q_avg": 42.72,
            "net_income": -2953,
            "net_income_4q": null,
            "revenue": 57310,
            "revenue_4q": null,
            "common_shares": 131592,
            "book_valuer_per_share": 19.48,
            "book_valuer_per_share_4q_avg": 17.95,
            "equity": 256662,
            "current_ratio": 267.25,
            "debt_ratio": 42.72,
            "inventory_turnover_ratio": 2.2,
            "account_receivable_turnover_ratio": 2.12,
            "reinvestment_rate": null,
            "research_to_sale_ratio": 3.9,
            "price_fair": 310.1,
            "eps_avg_yearly": 8.86,
            "eps_latest_yearly": 8.68,
            "eps_growth_yearly": 466.66
        },
        "20221": {
            "year_quarter": 20221,
            "year": 2022,
            "quarter": 1,
            "eps": 1.29,
            "eps_growth_year": 92.54,
            "eps_4q": 5.5,
            "eps_4q_growth_year": null,
            "roe": 6.42,
            "roe_4q": 30.729999999999997,
            "gross_profit": 20120,
            "gross_margin": 44.83,
            "gross_margin_4q_avg": 41.07,
            "net_income": 17028,
            "net_income_4q": null,
            "revenue": 44885,
            "revenue_4q": null,
            "common_shares": 131592,
            "book_valuer_per_share": 20.81,
            "book_valuer_per_share_4q_avg": 19.36,
            "equity": 274064,
            "current_ratio": 293.57,
            "debt_ratio": 39.61,
            "inventory_turnover_ratio": 1.59,
            "account_receivable_turnover_ratio": 1.72,
            "reinvestment_rate": null,
            "research_to_sale_ratio": 5.3,
            "price_fair": 310.1,
            "eps_avg_yearly": 8.86,
            "eps_latest_yearly": 8.68,
            "eps_growth_yearly": 466.66
        },
        "20222": {
            "year_quarter": 20222,
            "year": 2022,
            "quarter": 2,
            "eps": 0.41,
            "eps_growth_year": -81.86,
            "eps_4q": 3.65,
            "eps_4q_growth_year": 47.17,
            "roe": 1.94,
            "roe_4q": 18.88,
            "gross_profit": 30743,
            "gross_margin": 58.44,
            "gross_margin_4q_avg": 43.67,
            "net_income": 5364,
            "net_income_4q": null,
            "revenue": 52606,
            "revenue_4q": null,
            "common_shares": 131592,
            "book_valuer_per_share": 21.25,
            "book_valuer_per_share_4q_avg": 20.3,
            "equity": 279928,
            "current_ratio": 297.77,
            "debt_ratio": 39.77,
            "inventory_turnover_ratio": 1.43,
            "account_receivable_turnover_ratio": 2.12,
            "reinvestment_rate": null,
            "research_to_sale_ratio": 4.79,
            "price_fair": 225.87,
            "eps_avg_yearly": 6.45,
            "eps_latest_yearly": 1.64,
            "eps_growth_yearly": 220.15
        },
        "20223": {
            "year_quarter": 20223,
            "year": 2022,
            "quarter": 3,
            "eps": 3.95,
            "eps_growth_year": 82.03,
            "eps_4q": 5.42,
            "eps_4q_growth_year": 17.8,
            "roe": 16.96,
            "roe_4q": 24.17,
            "gross_profit": 24572,
            "gross_margin": 59.32,
            "gross_margin_4q_avg": 48.44,
            "net_income": 51970,
            "net_income_4q": null,
            "revenue": 41426,
            "revenue_4q": null,
            "common_shares": 131592,
            "book_valuer_per_share": 25.29,
            "book_valuer_per_share_4q_avg": 21.71,
            "equity": 333047,
            "current_ratio": 349.19,
            "debt_ratio": 35.33,
            "inventory_turnover_ratio": 1.02,
            "account_receivable_turnover_ratio": 1.99,
            "reinvestment_rate": null,
            "research_to_sale_ratio": 8.44,
            "price_fair": 307.65,
            "eps_avg_yearly": 8.79,
            "eps_latest_yearly": 15.8,
            "eps_growth_yearly": 1028.53
        },
        "20224": {
            "year_quarter": 20224,
            "year": 2022,
            "quarter": 4,
            "eps": -0.2,
            "eps_growth_year": null,
            "eps_4q": 5.45,
            "eps_4q_growth_year": 11.93,
            "roe": -0.79,
            "roe_4q": 24.53,
            "gross_profit": 9236,
            "gross_margin": 23.02,
            "gross_margin_4q_avg": 46.4,
            "net_income": -2629,
            "net_income_4q": null,
            "revenue": 40121,
            "revenue_4q": null,
            "common_shares": 131592,
            "book_valuer_per_share": 25.01,
            "book_valuer_per_share_4q_avg": 23.09,
            "equity": 329404,
            "current_ratio": 376.94,
            "debt_ratio": 33.24,
            "inventory_turnover_ratio": 2.22,
            "account_receivable_turnover_ratio": 2.92,
            "reinvestment_rate": -379.03,
            "research_to_sale_ratio": 8.15,
            "price_fair": 307.65,
            "eps_avg_yearly": 8.79,
            "eps_latest_yearly": 15.8,
            "eps_growth_yearly": 1028.53
        },
        "20231": {
            "year_quarter": 20231,
            "year": 2023,
            "quarter": 1,
            "eps": -0.02,
            "eps_growth_year": -101.55,
            "eps_4q": 4.14,
            "eps_4q_growth_year": -24.68,
            "roe": -0.07,
            "roe_4q": 18.040000000000003,
            "gross_profit": 25864,
            "gross_margin": 61.07,
            "gross_margin_4q_avg": 50.46,
            "net_income": -237,
            "net_income_4q": null,
            "revenue": 42354,
            "revenue_4q": null,
            "common_shares": 131592,
            "book_valuer_per_share": 24.99,
            "book_valuer_per_share_4q_avg": 24.14,
            "equity": 329096,
            "current_ratio": 398.87,
            "debt_ratio": 31.33,
            "inventory_turnover_ratio": 1.21,
            "account_receivable_turnover_ratio": 4.46,
            "reinvestment_rate": -310.67,
            "research_to_sale_ratio": 6.8,
            "price_fair": 307.65,
            "eps_avg_yearly": 8.79,
            "eps_latest_yearly": 15.8,
            "eps_growth_yearly": 1028.53
        },
        "20232": {
            "year_quarter": 20232,
            "year": 2023,
            "quarter": 2,
            "eps": 0.83,
            "eps_growth_year": 102.44,
            "eps_4q": 4.57,
            "eps_4q_growth_year": 25.18,
            "roe": 3.27,
            "roe_4q": 19.37,
            "gross_profit": 31827,
            "gross_margin": 49.35,
            "gross_margin_4q_avg": 48.19,
            "net_income": 10961,
            "net_income_4q": null,
            "revenue": 64488,
            "revenue_4q": null,
            "common_shares": 131592,
            "book_valuer_per_share": 25.86,
            "book_valuer_per_share_4q_avg": 25.29,
            "equity": 340571,
            "current_ratio": 407.05,
            "debt_ratio": 30.86,
            "inventory_turnover_ratio": 1.96,
            "account_receivable_turnover_ratio": 7.07,
            "reinvestment_rate": -72.01,
            "research_to_sale_ratio": 3.89,
            "price_fair": 307.65,
            "eps_avg_yearly": 8.79,
            "eps_latest_yearly": 15.8,
            "eps_growth_yearly": 1028.53
        },
        "20233": {
            "year_quarter": 20233,
            "year": 2023,
            "quarter": 3,
            "eps": 0.9,
            "eps_growth_year": -77.22,
            "eps_4q": 1.51,
            "eps_4q_growth_year": -72.11,
            "roe": 3.78,
            "roe_4q": 6.1899999999999995,
            "gross_profit": 39694,
            "gross_margin": 35.89,
            "gross_margin_4q_avg": 42.33,
            "net_income": 11795,
            "net_income_4q": null,
            "revenue": 110597,
            "revenue_4q": null,
            "common_shares": 131592,
            "book_valuer_per_share": 21.5,
            "book_valuer_per_share_4q_avg": 24.34,
            "equity": 282848,
            "current_ratio": 336.45,
            "debt_ratio": 36.55,
            "inventory_turnover_ratio": 4.63,
            "account_receivable_turnover_ratio": 14.28,
            "reinvestment_rate": -49.34,
            "research_to_sale_ratio": 2.06,
            "price_fair": 271.32,
            "eps_avg_yearly": 7.75,
            "eps_latest_yearly": 3.6,
            "eps_growth_yearly": 829.57
        }
    },
    "months": {
        "2013-04": {
            "month": "2013-04",
            "price": "98.05",
            "revenue": 43495
        },
        "2013-05": {
            "month": "2013-05",
            "price": "121.61",
            "revenue": 54213
        },
        "2013-06": {
            "month": "2013-06",
            "price": "127.81",
            "revenue": 56769
        },
        "2013-07": {
            "month": "2013-07",
            "price": "139.40",
            "revenue": 46711
        },
        "2013-08": {
            "month": "2013-08",
            "price": "134.47",
            "revenue": 48766
        },
        "2013-09": {
            "month": "2013-09",
            "price": "120.71",
            "revenue": 41846
        },
        "2013-10": {
            "month": "2013-10",
            "price": "124.85",
            "revenue": 39956
        },
        "2013-11": {
            "month": "2013-11",
            "price": "128.47",
            "revenue": 47114
        },
        "2013-12": {
            "month": "2013-12",
            "price": "133.28",
            "revenue": 45255
        },
        "2014-01": {
            "month": "2014-01",
            "price": "145.71",
            "revenue": 31039
        },
        "2014-02": {
            "month": "2014-02",
            "price": "150.74",
            "revenue": 43100
        },
        "2014-03": {
            "month": "2014-03",
            "price": "159.18",
            "revenue": 50669
        },
        "2014-04": {
            "month": "2014-04",
            "price": "170.78",
            "revenue": 42796
        },
        "2014-05": {
            "month": "2014-05",
            "price": "157.82",
            "revenue": 38654
        },
        "2014-06": {
            "month": "2014-06",
            "price": "138.82",
            "revenue": 52280
        },
        "2014-07": {
            "month": "2014-07",
            "price": "114.29",
            "revenue": 34404
        },
        "2014-08": {
            "month": "2014-08",
            "price": "72.12",
            "revenue": 42456
        },
        "2014-09": {
            "month": "2014-09",
            "price": "70.87",
            "revenue": 44075
        },
        "2014-10": {
            "month": "2014-10",
            "price": "60.29",
            "revenue": 48027
        },
        "2014-11": {
            "month": "2014-11",
            "price": "68.39",
            "revenue": 48625
        },
        "2014-12": {
            "month": "2014-12",
            "price": "72.57",
            "revenue": 37285
        },
        "2015-01": {
            "month": "2015-01",
            "price": "58.81",
            "revenue": 33325
        },
        "2015-02": {
            "month": "2015-02",
            "price": "50.27",
            "revenue": 30971
        },
        "2015-03": {
            "month": "2015-03",
            "price": "46.38",
            "revenue": 37950
        },
        "2015-04": {
            "month": "2015-04",
            "price": "38.24",
            "revenue": 38801
        },
        "2015-05": {
            "month": "2015-05",
            "price": "33.11",
            "revenue": 32697
        },
        "2015-06": {
            "month": "2015-06",
            "price": "30.85",
            "revenue": 38496
        },
        "2015-07": {
            "month": "2015-07",
            "price": "28.71",
            "revenue": 32401
        },
        "2015-08": {
            "month": "2015-08",
            "price": "23.20",
            "revenue": 28808
        },
        "2015-09": {
            "month": "2015-09",
            "price": "21.59",
            "revenue": 35410
        },
        "2015-10": {
            "month": "2015-10",
            "price": "23.40",
            "revenue": 43758
        },
        "2015-11": {
            "month": "2015-11",
            "price": "24.04",
            "revenue": 36456
        },
        "2015-12": {
            "month": "2015-12",
            "price": "21.20",
            "revenue": 34360
        },
        "2016-01": {
            "month": "2016-01",
            "price": "19.25",
            "revenue": 36087
        },
        "2016-02": {
            "month": "2016-02",
            "price": "20.01",
            "revenue": 23517
        },
        "2016-03": {
            "month": "2016-03",
            "price": "20.35",
            "revenue": 26514
        },
        "2016-04": {
            "month": "2016-04",
            "price": "17.64",
            "revenue": 27115
        },
        "2016-05": {
            "month": "2016-05",
            "price": "15.20",
            "revenue": 31683
        },
        "2016-06": {
            "month": "2016-06",
            "price": "16.16",
            "revenue": 26890
        },
        "2016-07": {
            "month": "2016-07",
            "price": "16.30",
            "revenue": 31727
        },
        "2016-08": {
            "month": "2016-08",
            "price": "15.78",
            "revenue": 27547
        },
        "2016-09": {
            "month": "2016-09",
            "price": "16.19",
            "revenue": 28375
        },
        "2016-10": {
            "month": "2016-10",
            "price": "15.40",
            "revenue": 28809
        },
        "2016-11": {
            "month": "2016-11",
            "price": "15.31",
            "revenue": 27539
        },
        "2016-12": {
            "month": "2016-12",
            "price": "15.06",
            "revenue": 17094
        },
        "2017-01": {
            "month": "2017-01",
            "price": "14.48",
            "revenue": 20059
        },
        "2017-02": {
            "month": "2017-02",
            "price": "14.25",
            "revenue": 18643
        },
        "2017-03": {
            "month": "2017-03",
            "price": "13.98",
            "revenue": 29087
        },
        "2017-04": {
            "month": "2017-04",
            "price": "16.56",
            "revenue": 20414
        },
        "2017-05": {
            "month": "2017-05",
            "price": "22.16",
            "revenue": 27804
        },
        "2017-06": {
            "month": "2017-06",
            "price": "18.40",
            "revenue": 22503
        },
        "2017-07": {
            "month": "2017-07",
            "price": "16.66",
            "revenue": 17146
        },
        "2017-08": {
            "month": "2017-08",
            "price": "15.20",
            "revenue": 19363
        },
        "2017-09": {
            "month": "2017-09",
            "price": "15.33",
            "revenue": 20530
        },
        "2017-10": {
            "month": "2017-10",
            "price": "15.01",
            "revenue": 17902
        },
        "2017-11": {
            "month": "2017-11",
            "price": "14.10",
            "revenue": 22835
        },
        "2017-12": {
            "month": "2017-12",
            "price": "13.51",
            "revenue": 25797
        },
        "2018-01": {
            "month": "2018-01",
            "price": "13.82",
            "revenue": 17802
        },
        "2018-02": {
            "month": "2018-02",
            "price": "13.18",
            "revenue": 17357
        },
        "2018-03": {
            "month": "2018-03",
            "price": "13.89",
            "revenue": 18202
        },
        "2018-04": {
            "month": "2018-04",
            "price": "14.06",
            "revenue": 19222
        },
        "2018-05": {
            "month": "2018-05",
            "price": "13.21",
            "revenue": 19372
        },
        "2018-06": {
            "month": "2018-06",
            "price": "12.96",
            "revenue": 18612
        },
        "2018-07": {
            "month": "2018-07",
            "price": "11.78",
            "revenue": 23208
        },
        "2018-08": {
            "month": "2018-08",
            "price": "11.78",
            "revenue": 22121
        },
        "2018-09": {
            "month": "2018-09",
            "price": "11.85",
            "revenue": 18870
        },
        "2018-10": {
            "month": "2018-10",
            "price": "11.28",
            "revenue": 14264
        },
        "2018-11": {
            "month": "2018-11",
            "price": "9.45",
            "revenue": 18256
        },
        "2018-12": {
            "month": "2018-12",
            "price": "9.25",
            "revenue": 17726
        },
        "2019-01": {
            "month": "2019-01",
            "price": "9.21",
            "revenue": 15721
        },
        "2019-02": {
            "month": "2019-02",
            "price": "9.21",
            "revenue": 13800
        },
        "2019-03": {
            "month": "2019-03",
            "price": "9.16",
            "revenue": 18016
        },
        "2019-04": {
            "month": "2019-04",
            "price": "9.04",
            "revenue": 16497
        },
        "2019-05": {
            "month": "2019-05",
            "price": "8.28",
            "revenue": 19910
        },
        "2019-06": {
            "month": "2019-06",
            "price": "8.07",
            "revenue": 16979
        },
        "2019-07": {
            "month": "2019-07",
            "price": "7.83",
            "revenue": 17137
        },
        "2019-08": {
            "month": "2019-08",
            "price": "7.78",
            "revenue": 19079
        },
        "2019-09": {
            "month": "2019-09",
            "price": "7.36",
            "revenue": 18508
        },
        "2019-10": {
            "month": "2019-10",
            "price": "7.21",
            "revenue": 18305
        },
        "2019-11": {
            "month": "2019-11",
            "price": "6.59",
            "revenue": 18654
        },
        "2019-12": {
            "month": "2019-12",
            "price": "6.42",
            "revenue": 20101
        },
        "2020-01": {
            "month": "2020-01",
            "price": "6.89",
            "revenue": 15464
        },
        "2020-02": {
            "month": "2020-02",
            "price": "9.57",
            "revenue": 23131
        },
        "2020-03": {
            "month": "2020-03",
            "price": "14.80",
            "revenue": 22247
        },
        "2020-04": {
            "month": "2020-04",
            "price": "14.54",
            "revenue": 19006
        },
        "2020-05": {
            "month": "2020-05",
            "price": "14.02",
            "revenue": 18268
        },
        "2020-06": {
            "month": "2020-06",
            "price": "13.81",
            "revenue": 21736
        },
        "2020-07": {
            "month": "2020-07",
            "price": "13.68",
            "revenue": 23473
        },
        "2020-08": {
            "month": "2020-08",
            "price": "13.03",
            "revenue": 22151
        },
        "2020-09": {
            "month": "2020-09",
            "price": "17.30",
            "revenue": 23175
        },
        "2020-10": {
            "month": "2020-10",
            "price": "16.40",
            "revenue": 19986
        },
        "2020-11": {
            "month": "2020-11",
            "price": "15.69",
            "revenue": 20959
        },
        "2020-12": {
            "month": "2020-12",
            "price": "15.40",
            "revenue": 17574
        },
        "2021-01": {
            "month": "2021-01",
            "price": "15.87",
            "revenue": 20371
        },
        "2021-02": {
            "month": "2021-02",
            "price": "15.59",
            "revenue": 20939
        },
        "2021-03": {
            "month": "2021-03",
            "price": "15.94",
            "revenue": 22941
        },
        "2021-04": {
            "month": "2021-04",
            "price": "17.00",
            "revenue": 27259
        },
        "2021-05": {
            "month": "2021-05",
            "price": "19.10",
            "revenue": 25374
        },
        "2021-06": {
            "month": "2021-06",
            "price": "24.02",
            "revenue": 25466
        },
        "2021-07": {
            "month": "2021-07",
            "price": "23.98",
            "revenue": 26991
        },
        "2021-08": {
            "month": "2021-08",
            "price": "28.20",
            "revenue": 22769
        },
        "2021-09": {
            "month": "2021-09",
            "price": "40.52",
            "revenue": 16380
        },
        "2021-10": {
            "month": "2021-10",
            "price": "44.18",
            "revenue": 15724
        },
        "2021-11": {
            "month": "2021-11",
            "price": "44.64",
            "revenue": 14546
        },
        "2021-12": {
            "month": "2021-12",
            "price": "41.24",
            "revenue": 16955
        },
        "2022-01": {
            "month": "2022-01",
            "price": "36.00",
            "revenue": 11371
        },
        "2022-02": {
            "month": "2022-02",
            "price": "33.56",
            "revenue": 10770
        },
        "2022-03": {
            "month": "2022-03",
            "price": "31.03",
            "revenue": 21709
        },
        "2022-04": {
            "month": "2022-04",
            "price": "28.89",
            "revenue": 18365
        },
        "2022-05": {
            "month": "2022-05",
            "price": "28.27",
            "revenue": 17374
        },
        "2022-06": {
            "month": "2022-06",
            "price": "30.53",
            "revenue": 16466
        },
        "2022-07": {
            "month": "2022-07",
            "price": "30.35",
            "revenue": 15361
        },
        "2022-08": {
            "month": "2022-08",
            "price": "30.40",
            "revenue": 14402
        },
        "2022-09": {
            "month": "2022-09",
            "price": "30.74",
            "revenue": 13100
        },
        "2022-10": {
            "month": "2022-10",
            "price": "30.13",
            "revenue": 13445
        },
        "2022-11": {
            "month": "2022-11",
            "price": "34.02",
            "revenue": 12121
        },
        "2022-12": {
            "month": "2022-12",
            "price": "35.40",
            "revenue": 11853
        },
        "2023-01": {
            "month": "2023-01",
            "price": "34.87",
            "revenue": 10674
        },
        "2023-02": {
            "month": "2023-02",
            "price": "36.38",
            "revenue": 14787
        },
        "2023-03": {
            "month": "2023-03",
            "price": "38.79",
            "revenue": 16893
        },
        "2023-04": {
            "month": "2023-04",
            "price": "36.90",
            "revenue": 19814
        },
        "2023-05": {
            "month": "2023-05",
            "price": "31.70",
            "revenue": 22480
        },
        "2023-06": {
            "month": "2023-06",
            "price": "31.20",
            "revenue": 22197
        },
        "2023-07": {
            "month": "2023-07",
            "price": "39.27",
            "revenue": 23802
        },
        "2023-08": {
            "month": "2023-08",
            "price": "34.63",
            "revenue": 27735
        },
        "2023-09": {
            "month": "2023-09",
            "price": "42.32",
            "revenue": 59057
        },
        "2023-10": {
            "month": "2023-10",
            "price": "55.00",
            "revenue": 45357
        },
        "2023-11": {
            "month": "2023-11",
            "price": "56.47",
            "revenue": 46249
        }
    }
}
