{
    "summary": {
        "stock_name": "易發",
        "stock_id": "6425",
        "category": "電機機械",
        "main_business": "高科技自動化設備設計、製造、銷售",
        "website_url": "https://www.efctw.com",
        "ceo": "劉國麟",
        "pe_ratio": -45,
        "report_year_from": 2011,
        "report_year_to": 2023,
        "age": 13,
        "eps_negative_percentage": 57,
        "eps_growth_avg": {
            "last_all": -33.33,
            "last_2y": -100,
            "last_4y": -100,
            "last_8y": null,
            "last_12y": null,
            "last_16y": null,
            "last_20y": null,
            "at_2006_last_3y": null,
            "at_2007_last_3y": null,
            "at_2008_last_3y": null,
            "at_2009_last_3y": null,
            "at_2010_last_3y": null,
            "at_2011_last_3y": null,
            "at_2012_last_3y": null,
            "at_2013_last_3y": null,
            "at_2014_last_3y": null,
            "at_2015_last_3y": null,
            "at_2016_last_3y": null,
            "at_2017_last_3y": null,
            "at_2018_last_3y": null,
            "at_2019_last_3y": null,
            "at_2020_last_3y": null,
            "at_2021_last_3y": null,
            "at_2022_last_3y": -100,
            "at_2023_last_3y": -100,
            "at_2024_last_3y": -100,
            "at_2006_last_all": null,
            "at_2007_last_all": null,
            "at_2008_last_all": null,
            "at_2009_last_all": null,
            "at_2010_last_all": null,
            "at_2011_last_all": null,
            "at_2012_last_all": null,
            "at_2013_last_all": null,
            "at_2014_last_all": null,
            "at_2015_last_all": null,
            "at_2016_last_all": null,
            "at_2017_last_all": null,
            "at_2018_last_all": null,
            "at_2019_last_all": 0,
            "at_2020_last_all": 0,
            "at_2021_last_all": 0,
            "at_2022_last_all": 0,
            "at_2023_last_all": -33.33,
            "at_2024_last_all": -33.33
        },
        "latest_eps": -1.59,
        "latest_price": 72.3,
        "latest_roe": -7.6,
        "latest_gross_margin": 23.05,
        "latest_equity": 929846,
        "latest_revenue": 384341,
        "latest_gross_profit": 88593,
        "latest_net_income": 14571,
        "latest_debt_ratio": 62.57,
        "latest_current_ratio": 121.18,
        "latest_account_receivable_turnover_ratio": 0.8,
        "latest_inventory_turnover_ratio": 0.82,
        "latest_reinvestment_rate": null,
        "latest_research_to_sale_ratio": 9.42
    },
    "eps_dividends": {
        "2001": {
            "cash": 0,
            "stock": 0,
            "eps": 0
        },
        "2002": {
            "cash": 0,
            "stock": 0,
            "eps": 0
        },
        "2003": {
            "cash": 0,
            "stock": 0,
            "eps": 0
        },
        "2004": {
            "cash": 0,
            "stock": 0,
            "eps": 0
        },
        "2005": {
            "cash": 0,
            "stock": 0,
            "eps": 0
        },
        "2006": {
            "cash": 0,
            "stock": 0,
            "eps": 0
        },
        "2007": {
            "cash": 0,
            "stock": 0,
            "eps": 0
        },
        "2008": {
            "cash": 0,
            "stock": 0,
            "eps": 0
        },
        "2009": {
            "cash": 0,
            "stock": 0,
            "eps": 0
        },
        "2010": {
            "cash": 0,
            "stock": 0,
            "eps": 0
        },
        "2011": {
            "cash": 0,
            "stock": 0,
            "eps": 0
        },
        "2012": {
            "cash": 0,
            "stock": 0,
            "eps": 0
        },
        "2013": {
            "cash": 3,
            "stock": 0,
            "eps": 0
        },
        "2014": {
            "cash": 3,
            "stock": 3,
            "eps": 0
        },
        "2015": {
            "cash": 2,
            "stock": 0,
            "eps": 1.67
        },
        "2016": {
            "cash": 3,
            "stock": 0,
            "eps": 0
        },
        "2017": {
            "cash": 0.5,
            "stock": 0,
            "eps": 0
        },
        "2018": {
            "cash": 2.1,
            "stock": 0,
            "eps": 3.79
        },
        "2019": {
            "cash": 3,
            "stock": 0,
            "eps": -3.26
        },
        "2020": {
            "cash": 0.5,
            "stock": 0,
            "eps": -0.99
        },
        "2021": {
            "cash": 0.5,
            "stock": 0,
            "eps": -2.52
        },
        "2022": {
            "cash": 0.5,
            "stock": 0,
            "eps": 1.13
        },
        "2023": {
            "cash": 1,
            "stock": 0,
            "eps": -1.59
        },
        "2024": {
            "cash": 0.5,
            "stock": 0,
            "eps": 0
        }
    },
    "dividends": {
        "2013-05-15": {
            "cash": 3,
            "stock": 0
        },
        "2014-09-12": {
            "cash": 3,
            "stock": 3
        },
        "2015-10-28": {
            "cash": 2,
            "stock": 0
        },
        "2016-07-28": {
            "cash": 3,
            "stock": 0
        },
        "2017-09-20": {
            "cash": 0.5,
            "stock": 0
        },
        "2018-09-19": {
            "cash": 2.1,
            "stock": 0
        },
        "2019-06-26": {
            "cash": 3,
            "stock": 0
        },
        "2020-07-17": {
            "cash": 0.5,
            "stock": 0
        },
        "2021-07-08": {
            "cash": 0.5,
            "stock": 0
        },
        "2022-08-10": {
            "cash": 0.5,
            "stock": 0
        },
        "2023-07-19": {
            "cash": 1,
            "stock": 0
        },
        "2024-03-12": {
            "cash": 0.5,
            "stock": 0
        }
    },
    "prices": {
        "200101": "無",
        "200102": "無",
        "200103": "無",
        "200104": "無",
        "200105": "無",
        "200106": "無",
        "200107": "無",
        "200108": "無",
        "200109": "無",
        "200110": "無",
        "200111": "無",
        "200112": "無",
        "200201": "無",
        "200202": "無",
        "200203": "無",
        "200204": "無",
        "200205": "無",
        "200206": "無",
        "200207": "無",
        "200208": "無",
        "200209": "無",
        "200210": "無",
        "200211": "無",
        "200212": "無",
        "200301": "無",
        "200302": "無",
        "200303": "無",
        "200304": "無",
        "200305": "無",
        "200306": "無",
        "200307": "無",
        "200308": "無",
        "200309": "無",
        "200310": "無",
        "200311": "無",
        "200312": "無",
        "200401": "無",
        "200402": "無",
        "200403": "無",
        "200404": "無",
        "200405": "無",
        "200406": "無",
        "200407": "無",
        "200408": "無",
        "200409": "無",
        "200410": "無",
        "200411": "無",
        "200412": "無",
        "200501": "無",
        "200502": "無",
        "200503": "無",
        "200504": "無",
        "200505": "無",
        "200506": "無",
        "200507": "無",
        "200508": "無",
        "200509": "無",
        "200510": "無",
        "200511": "無",
        "200512": "無",
        "200601": "無",
        "200602": "無",
        "200603": "無",
        "200604": "無",
        "200605": "無",
        "200606": "無",
        "200607": "無",
        "200608": "無",
        "200609": "無",
        "200610": "無",
        "200611": "無",
        "200612": "無",
        "200701": "無",
        "200702": "無",
        "200703": "無",
        "200704": "無",
        "200705": "無",
        "200706": "無",
        "200707": "無",
        "200708": "無",
        "200709": "無",
        "200710": "無",
        "200711": "無",
        "200712": "無",
        "200801": "無",
        "200802": "無",
        "200803": "無",
        "200804": "無",
        "200805": "無",
        "200806": "無",
        "200807": "無",
        "200808": "無",
        "200809": "無",
        "200810": "無",
        "200811": "無",
        "200812": "無",
        "200901": "無",
        "200902": "無",
        "200903": "無",
        "200904": "無",
        "200905": "無",
        "200906": "無",
        "200907": "無",
        "200908": "無",
        "200909": "無",
        "200910": "無",
        "200911": "無",
        "200912": "無",
        "201001": "無",
        "201002": "無",
        "201003": "無",
        "201004": "無",
        "201005": "無",
        "201006": "無",
        "201007": "無",
        "201008": "無",
        "201009": "無",
        "201010": "無",
        "201011": "無",
        "201012": "無",
        "201101": "無",
        "201102": "無",
        "201103": "無",
        "201104": "無",
        "201105": "無",
        "201106": "無",
        "201107": "無",
        "201108": "無",
        "201109": "無",
        "201110": "無",
        "201111": "無",
        "201112": "無",
        "201201": "無",
        "201202": "無",
        "201203": "無",
        "201204": "無",
        "201205": "無",
        "201206": "無",
        "201207": "無",
        "201208": "無",
        "201209": "無",
        "201210": "無",
        "201211": "無",
        "201212": "無",
        "201301": "無",
        "201302": "無",
        "201303": "無",
        "201304": "無",
        "201305": "無",
        "201306": "無",
        "201307": "無",
        "201308": "50.92",
        "201309": "48.98",
        "201310": "51.40",
        "201311": "52.88",
        "201312": "52.73",
        "201401": "60.34",
        "201402": "66.70",
        "201403": "66.80",
        "201404": "76.24",
        "201405": "82.41",
        "201406": "85.83",
        "201407": "82.31",
        "201408": "62.91",
        "201409": "57.31",
        "201410": "51.42",
        "201411": "52.70",
        "201412": "53.10",
        "201501": "58.53",
        "201502": "61.98",
        "201503": "60.38",
        "201504": "59.31",
        "201505": "61.12",
        "201506": "61.14",
        "201507": "59.08",
        "201508": "46.63",
        "201509": "40.09",
        "201510": "39.16",
        "201511": "39.59",
        "201512": "39.13",
        "201601": "38.49",
        "201602": "35.38",
        "201603": "38.35",
        "201604": "40.14",
        "201605": "38.25",
        "201606": "37.50",
        "201607": "31.83",
        "201608": "30.30",
        "201609": "27.04",
        "201610": "26.16",
        "201611": "23.94",
        "201612": "24.58",
        "201701": "23.67",
        "201702": "24.61",
        "201703": "24.44",
        "201704": "29.13",
        "201705": "28.99",
        "201706": "30.17",
        "201707": "30.73",
        "201708": "30.50",
        "201709": "29.49",
        "201710": "29.91",
        "201711": "34.35",
        "201712": "40.01",
        "201801": "48.60",
        "201802": "45.56",
        "201803": "45.95",
        "201804": "41.84",
        "201805": "43.81",
        "201806": "46.32",
        "201807": "47.21",
        "201808": "43.74",
        "201809": "42.01",
        "201810": "39.58",
        "201811": "41.34",
        "201812": "41.71",
        "201901": "43.49",
        "201902": "39.78",
        "201903": "45.52",
        "201904": "48.16",
        "201905": "45.70",
        "201906": "39.67",
        "201907": "39.32",
        "201908": "33.82",
        "201909": "30.32",
        "201910": "27.79",
        "201911": "25.97",
        "201912": "26.39",
        "202001": "26.52",
        "202002": "25.15",
        "202003": "20.90",
        "202004": "23.72",
        "202005": "25.86",
        "202006": "24.78",
        "202007": "25.10",
        "202008": "31.30",
        "202009": "46.88",
        "202010": "48.81",
        "202011": "38.42",
        "202012": "30.88",
        "202101": "28.66",
        "202102": "29.68",
        "202103": "32.82",
        "202104": "30.58",
        "202105": "26.65",
        "202106": "25.35",
        "202107": "23.85",
        "202108": "22.71",
        "202109": "23.88",
        "202110": "28.32",
        "202111": "26.65",
        "202112": "26.26",
        "202201": "28.44",
        "202202": "27.28",
        "202203": "25.03",
        "202204": "23.05",
        "202205": "22.89",
        "202206": "22.26",
        "202207": "22.02",
        "202208": "21.88",
        "202209": "21.30",
        "202210": "19.58",
        "202211": "19.83",
        "202212": "19.98",
        "202301": "21.69",
        "202302": "20.40",
        "202303": "20.55",
        "202304": "20.71",
        "202305": "21.00",
        "202306": "21.08",
        "202307": "21.24",
        "202308": "20.93",
        "202309": "20.74",
        "202310": "20.40",
        "202311": "20.45",
        "202312": "21.99",
        "202401": "30.48",
        "202402": "58.31",
        "202403": "63.63",
        "202404": "無"
    },
    "quarters": {
        "20011": {
            "year_quarter": 20011,
            "year": 2001,
            "quarter": 1,
            "eps": null,
            "eps_growth_year": null,
            "eps_4q": null,
            "eps_4q_growth_year": null,
            "roe": null,
            "roe_4q": 0,
            "gross_profit": null,
            "gross_margin": null,
            "gross_margin_4q_avg": 0,
            "net_income": null,
            "net_income_4q": null,
            "revenue": null,
            "revenue_4q": null,
            "common_shares": null,
            "book_valuer_per_share": null,
            "book_valuer_per_share_4q_avg": 0,
            "equity": null,
            "current_ratio": null,
            "debt_ratio": null,
            "inventory_turnover_ratio": null,
            "account_receivable_turnover_ratio": null,
            "reinvestment_rate": null,
            "research_to_sale_ratio": null,
            "price_fair": 0,
            "eps_avg_yearly": 0,
            "eps_latest_yearly": 0,
            "eps_growth_yearly": 0
        },
        "20012": {
            "year_quarter": 20012,
            "year": 2001,
            "quarter": 2,
            "eps": null,
            "eps_growth_year": null,
            "eps_4q": null,
            "eps_4q_growth_year": null,
            "roe": null,
            "roe_4q": 0,
            "gross_profit": null,
            "gross_margin": null,
            "gross_margin_4q_avg": 0,
            "net_income": null,
            "net_income_4q": null,
            "revenue": null,
            "revenue_4q": null,
            "common_shares": null,
            "book_valuer_per_share": null,
            "book_valuer_per_share_4q_avg": 0,
            "equity": null,
            "current_ratio": null,
            "debt_ratio": null,
            "inventory_turnover_ratio": null,
            "account_receivable_turnover_ratio": null,
            "reinvestment_rate": null,
            "research_to_sale_ratio": null,
            "price_fair": 0,
            "eps_avg_yearly": 0,
            "eps_latest_yearly": 0,
            "eps_growth_yearly": 0
        },
        "20013": {
            "year_quarter": 20013,
            "year": 2001,
            "quarter": 3,
            "eps": null,
            "eps_growth_year": null,
            "eps_4q": null,
            "eps_4q_growth_year": null,
            "roe": null,
            "roe_4q": 0,
            "gross_profit": null,
            "gross_margin": null,
            "gross_margin_4q_avg": 0,
            "net_income": null,
            "net_income_4q": null,
            "revenue": null,
            "revenue_4q": null,
            "common_shares": null,
            "book_valuer_per_share": null,
            "book_valuer_per_share_4q_avg": 0,
            "equity": null,
            "current_ratio": null,
            "debt_ratio": null,
            "inventory_turnover_ratio": null,
            "account_receivable_turnover_ratio": null,
            "reinvestment_rate": null,
            "research_to_sale_ratio": null,
            "price_fair": 0,
            "eps_avg_yearly": 0,
            "eps_latest_yearly": 0,
            "eps_growth_yearly": 0
        },
        "20014": {
            "year_quarter": 20014,
            "year": 2001,
            "quarter": 4,
            "eps": null,
            "eps_growth_year": null,
            "eps_4q": null,
            "eps_4q_growth_year": null,
            "roe": null,
            "roe_4q": 0,
            "gross_profit": null,
            "gross_margin": null,
            "gross_margin_4q_avg": 0,
            "net_income": null,
            "net_income_4q": null,
            "revenue": null,
            "revenue_4q": null,
            "common_shares": null,
            "book_valuer_per_share": null,
            "book_valuer_per_share_4q_avg": 0,
            "equity": null,
            "current_ratio": null,
            "debt_ratio": null,
            "inventory_turnover_ratio": null,
            "account_receivable_turnover_ratio": null,
            "reinvestment_rate": null,
            "research_to_sale_ratio": null,
            "price_fair": 0,
            "eps_avg_yearly": 0,
            "eps_latest_yearly": 0,
            "eps_growth_yearly": 0
        },
        "20021": {
            "year_quarter": 20021,
            "year": 2002,
            "quarter": 1,
            "eps": null,
            "eps_growth_year": null,
            "eps_4q": null,
            "eps_4q_growth_year": null,
            "roe": null,
            "roe_4q": 0,
            "gross_profit": null,
            "gross_margin": null,
            "gross_margin_4q_avg": 0,
            "net_income": null,
            "net_income_4q": null,
            "revenue": null,
            "revenue_4q": null,
            "common_shares": null,
            "book_valuer_per_share": null,
            "book_valuer_per_share_4q_avg": 0,
            "equity": null,
            "current_ratio": null,
            "debt_ratio": null,
            "inventory_turnover_ratio": null,
            "account_receivable_turnover_ratio": null,
            "reinvestment_rate": null,
            "research_to_sale_ratio": null,
            "price_fair": 0,
            "eps_avg_yearly": 0,
            "eps_latest_yearly": 0,
            "eps_growth_yearly": 0
        },
        "20022": {
            "year_quarter": 20022,
            "year": 2002,
            "quarter": 2,
            "eps": null,
            "eps_growth_year": null,
            "eps_4q": null,
            "eps_4q_growth_year": null,
            "roe": null,
            "roe_4q": 0,
            "gross_profit": null,
            "gross_margin": null,
            "gross_margin_4q_avg": 0,
            "net_income": null,
            "net_income_4q": null,
            "revenue": null,
            "revenue_4q": null,
            "common_shares": null,
            "book_valuer_per_share": null,
            "book_valuer_per_share_4q_avg": 0,
            "equity": null,
            "current_ratio": null,
            "debt_ratio": null,
            "inventory_turnover_ratio": null,
            "account_receivable_turnover_ratio": null,
            "reinvestment_rate": null,
            "research_to_sale_ratio": null,
            "price_fair": 0,
            "eps_avg_yearly": 0,
            "eps_latest_yearly": 0,
            "eps_growth_yearly": 0
        },
        "20023": {
            "year_quarter": 20023,
            "year": 2002,
            "quarter": 3,
            "eps": null,
            "eps_growth_year": null,
            "eps_4q": null,
            "eps_4q_growth_year": null,
            "roe": null,
            "roe_4q": 0,
            "gross_profit": null,
            "gross_margin": null,
            "gross_margin_4q_avg": 0,
            "net_income": null,
            "net_income_4q": null,
            "revenue": null,
            "revenue_4q": null,
            "common_shares": null,
            "book_valuer_per_share": null,
            "book_valuer_per_share_4q_avg": 0,
            "equity": null,
            "current_ratio": null,
            "debt_ratio": null,
            "inventory_turnover_ratio": null,
            "account_receivable_turnover_ratio": null,
            "reinvestment_rate": null,
            "research_to_sale_ratio": null,
            "price_fair": 0,
            "eps_avg_yearly": 0,
            "eps_latest_yearly": 0,
            "eps_growth_yearly": 0
        },
        "20024": {
            "year_quarter": 20024,
            "year": 2002,
            "quarter": 4,
            "eps": null,
            "eps_growth_year": null,
            "eps_4q": null,
            "eps_4q_growth_year": null,
            "roe": null,
            "roe_4q": 0,
            "gross_profit": null,
            "gross_margin": null,
            "gross_margin_4q_avg": 0,
            "net_income": null,
            "net_income_4q": null,
            "revenue": null,
            "revenue_4q": null,
            "common_shares": null,
            "book_valuer_per_share": null,
            "book_valuer_per_share_4q_avg": 0,
            "equity": null,
            "current_ratio": null,
            "debt_ratio": null,
            "inventory_turnover_ratio": null,
            "account_receivable_turnover_ratio": null,
            "reinvestment_rate": null,
            "research_to_sale_ratio": null,
            "price_fair": 0,
            "eps_avg_yearly": 0,
            "eps_latest_yearly": 0,
            "eps_growth_yearly": 0
        },
        "20031": {
            "year_quarter": 20031,
            "year": 2003,
            "quarter": 1,
            "eps": null,
            "eps_growth_year": null,
            "eps_4q": null,
            "eps_4q_growth_year": null,
            "roe": null,
            "roe_4q": 0,
            "gross_profit": null,
            "gross_margin": null,
            "gross_margin_4q_avg": 0,
            "net_income": null,
            "net_income_4q": null,
            "revenue": null,
            "revenue_4q": null,
            "common_shares": null,
            "book_valuer_per_share": null,
            "book_valuer_per_share_4q_avg": 0,
            "equity": null,
            "current_ratio": null,
            "debt_ratio": null,
            "inventory_turnover_ratio": null,
            "account_receivable_turnover_ratio": null,
            "reinvestment_rate": null,
            "research_to_sale_ratio": null,
            "price_fair": 0,
            "eps_avg_yearly": 0,
            "eps_latest_yearly": 0,
            "eps_growth_yearly": 0
        },
        "20032": {
            "year_quarter": 20032,
            "year": 2003,
            "quarter": 2,
            "eps": null,
            "eps_growth_year": null,
            "eps_4q": null,
            "eps_4q_growth_year": null,
            "roe": null,
            "roe_4q": 0,
            "gross_profit": null,
            "gross_margin": null,
            "gross_margin_4q_avg": 0,
            "net_income": null,
            "net_income_4q": null,
            "revenue": null,
            "revenue_4q": null,
            "common_shares": null,
            "book_valuer_per_share": null,
            "book_valuer_per_share_4q_avg": 0,
            "equity": null,
            "current_ratio": null,
            "debt_ratio": null,
            "inventory_turnover_ratio": null,
            "account_receivable_turnover_ratio": null,
            "reinvestment_rate": null,
            "research_to_sale_ratio": null,
            "price_fair": 0,
            "eps_avg_yearly": 0,
            "eps_latest_yearly": 0,
            "eps_growth_yearly": 0
        },
        "20033": {
            "year_quarter": 20033,
            "year": 2003,
            "quarter": 3,
            "eps": null,
            "eps_growth_year": null,
            "eps_4q": null,
            "eps_4q_growth_year": null,
            "roe": null,
            "roe_4q": 0,
            "gross_profit": null,
            "gross_margin": null,
            "gross_margin_4q_avg": 0,
            "net_income": null,
            "net_income_4q": null,
            "revenue": null,
            "revenue_4q": null,
            "common_shares": null,
            "book_valuer_per_share": null,
            "book_valuer_per_share_4q_avg": 0,
            "equity": null,
            "current_ratio": null,
            "debt_ratio": null,
            "inventory_turnover_ratio": null,
            "account_receivable_turnover_ratio": null,
            "reinvestment_rate": null,
            "research_to_sale_ratio": null,
            "price_fair": 0,
            "eps_avg_yearly": 0,
            "eps_latest_yearly": 0,
            "eps_growth_yearly": 0
        },
        "20034": {
            "year_quarter": 20034,
            "year": 2003,
            "quarter": 4,
            "eps": null,
            "eps_growth_year": null,
            "eps_4q": null,
            "eps_4q_growth_year": null,
            "roe": null,
            "roe_4q": 0,
            "gross_profit": null,
            "gross_margin": null,
            "gross_margin_4q_avg": 0,
            "net_income": null,
            "net_income_4q": null,
            "revenue": null,
            "revenue_4q": null,
            "common_shares": null,
            "book_valuer_per_share": null,
            "book_valuer_per_share_4q_avg": 0,
            "equity": null,
            "current_ratio": null,
            "debt_ratio": null,
            "inventory_turnover_ratio": null,
            "account_receivable_turnover_ratio": null,
            "reinvestment_rate": null,
            "research_to_sale_ratio": null,
            "price_fair": 0,
            "eps_avg_yearly": 0,
            "eps_latest_yearly": 0,
            "eps_growth_yearly": 0
        },
        "20041": {
            "year_quarter": 20041,
            "year": 2004,
            "quarter": 1,
            "eps": null,
            "eps_growth_year": null,
            "eps_4q": null,
            "eps_4q_growth_year": null,
            "roe": null,
            "roe_4q": 0,
            "gross_profit": null,
            "gross_margin": null,
            "gross_margin_4q_avg": 0,
            "net_income": null,
            "net_income_4q": null,
            "revenue": null,
            "revenue_4q": null,
            "common_shares": null,
            "book_valuer_per_share": null,
            "book_valuer_per_share_4q_avg": 0,
            "equity": null,
            "current_ratio": null,
            "debt_ratio": null,
            "inventory_turnover_ratio": null,
            "account_receivable_turnover_ratio": null,
            "reinvestment_rate": null,
            "research_to_sale_ratio": null,
            "price_fair": 0,
            "eps_avg_yearly": 0,
            "eps_latest_yearly": 0,
            "eps_growth_yearly": 0
        },
        "20042": {
            "year_quarter": 20042,
            "year": 2004,
            "quarter": 2,
            "eps": null,
            "eps_growth_year": null,
            "eps_4q": null,
            "eps_4q_growth_year": null,
            "roe": null,
            "roe_4q": 0,
            "gross_profit": null,
            "gross_margin": null,
            "gross_margin_4q_avg": 0,
            "net_income": null,
            "net_income_4q": null,
            "revenue": null,
            "revenue_4q": null,
            "common_shares": null,
            "book_valuer_per_share": null,
            "book_valuer_per_share_4q_avg": 0,
            "equity": null,
            "current_ratio": null,
            "debt_ratio": null,
            "inventory_turnover_ratio": null,
            "account_receivable_turnover_ratio": null,
            "reinvestment_rate": null,
            "research_to_sale_ratio": null,
            "price_fair": 0,
            "eps_avg_yearly": 0,
            "eps_latest_yearly": 0,
            "eps_growth_yearly": 0
        },
        "20043": {
            "year_quarter": 20043,
            "year": 2004,
            "quarter": 3,
            "eps": null,
            "eps_growth_year": null,
            "eps_4q": null,
            "eps_4q_growth_year": null,
            "roe": null,
            "roe_4q": 0,
            "gross_profit": null,
            "gross_margin": null,
            "gross_margin_4q_avg": 0,
            "net_income": null,
            "net_income_4q": null,
            "revenue": null,
            "revenue_4q": null,
            "common_shares": null,
            "book_valuer_per_share": null,
            "book_valuer_per_share_4q_avg": 0,
            "equity": null,
            "current_ratio": null,
            "debt_ratio": null,
            "inventory_turnover_ratio": null,
            "account_receivable_turnover_ratio": null,
            "reinvestment_rate": null,
            "research_to_sale_ratio": null,
            "price_fair": 0,
            "eps_avg_yearly": 0,
            "eps_latest_yearly": 0,
            "eps_growth_yearly": 0
        },
        "20044": {
            "year_quarter": 20044,
            "year": 2004,
            "quarter": 4,
            "eps": null,
            "eps_growth_year": null,
            "eps_4q": null,
            "eps_4q_growth_year": null,
            "roe": null,
            "roe_4q": 0,
            "gross_profit": null,
            "gross_margin": null,
            "gross_margin_4q_avg": 0,
            "net_income": null,
            "net_income_4q": null,
            "revenue": null,
            "revenue_4q": null,
            "common_shares": null,
            "book_valuer_per_share": null,
            "book_valuer_per_share_4q_avg": 0,
            "equity": null,
            "current_ratio": null,
            "debt_ratio": null,
            "inventory_turnover_ratio": null,
            "account_receivable_turnover_ratio": null,
            "reinvestment_rate": null,
            "research_to_sale_ratio": null,
            "price_fair": 0,
            "eps_avg_yearly": 0,
            "eps_latest_yearly": 0,
            "eps_growth_yearly": 0
        },
        "20051": {
            "year_quarter": 20051,
            "year": 2005,
            "quarter": 1,
            "eps": null,
            "eps_growth_year": null,
            "eps_4q": null,
            "eps_4q_growth_year": null,
            "roe": null,
            "roe_4q": 0,
            "gross_profit": null,
            "gross_margin": null,
            "gross_margin_4q_avg": 0,
            "net_income": null,
            "net_income_4q": null,
            "revenue": null,
            "revenue_4q": null,
            "common_shares": null,
            "book_valuer_per_share": null,
            "book_valuer_per_share_4q_avg": 0,
            "equity": null,
            "current_ratio": null,
            "debt_ratio": null,
            "inventory_turnover_ratio": null,
            "account_receivable_turnover_ratio": null,
            "reinvestment_rate": null,
            "research_to_sale_ratio": null,
            "price_fair": 0,
            "eps_avg_yearly": 0,
            "eps_latest_yearly": 0,
            "eps_growth_yearly": 0
        },
        "20052": {
            "year_quarter": 20052,
            "year": 2005,
            "quarter": 2,
            "eps": null,
            "eps_growth_year": null,
            "eps_4q": null,
            "eps_4q_growth_year": null,
            "roe": null,
            "roe_4q": 0,
            "gross_profit": null,
            "gross_margin": null,
            "gross_margin_4q_avg": 0,
            "net_income": null,
            "net_income_4q": null,
            "revenue": null,
            "revenue_4q": null,
            "common_shares": null,
            "book_valuer_per_share": null,
            "book_valuer_per_share_4q_avg": 0,
            "equity": null,
            "current_ratio": null,
            "debt_ratio": null,
            "inventory_turnover_ratio": null,
            "account_receivable_turnover_ratio": null,
            "reinvestment_rate": null,
            "research_to_sale_ratio": null,
            "price_fair": 0,
            "eps_avg_yearly": 0,
            "eps_latest_yearly": 0,
            "eps_growth_yearly": 0
        },
        "20053": {
            "year_quarter": 20053,
            "year": 2005,
            "quarter": 3,
            "eps": null,
            "eps_growth_year": null,
            "eps_4q": null,
            "eps_4q_growth_year": null,
            "roe": null,
            "roe_4q": 0,
            "gross_profit": null,
            "gross_margin": null,
            "gross_margin_4q_avg": 0,
            "net_income": null,
            "net_income_4q": null,
            "revenue": null,
            "revenue_4q": null,
            "common_shares": null,
            "book_valuer_per_share": null,
            "book_valuer_per_share_4q_avg": 0,
            "equity": null,
            "current_ratio": null,
            "debt_ratio": null,
            "inventory_turnover_ratio": null,
            "account_receivable_turnover_ratio": null,
            "reinvestment_rate": null,
            "research_to_sale_ratio": null,
            "price_fair": 0,
            "eps_avg_yearly": 0,
            "eps_latest_yearly": 0,
            "eps_growth_yearly": 0
        },
        "20054": {
            "year_quarter": 20054,
            "year": 2005,
            "quarter": 4,
            "eps": null,
            "eps_growth_year": null,
            "eps_4q": null,
            "eps_4q_growth_year": null,
            "roe": null,
            "roe_4q": 0,
            "gross_profit": null,
            "gross_margin": null,
            "gross_margin_4q_avg": 0,
            "net_income": null,
            "net_income_4q": null,
            "revenue": null,
            "revenue_4q": null,
            "common_shares": null,
            "book_valuer_per_share": null,
            "book_valuer_per_share_4q_avg": 0,
            "equity": null,
            "current_ratio": null,
            "debt_ratio": null,
            "inventory_turnover_ratio": null,
            "account_receivable_turnover_ratio": null,
            "reinvestment_rate": null,
            "research_to_sale_ratio": null,
            "price_fair": 0,
            "eps_avg_yearly": 0,
            "eps_latest_yearly": 0,
            "eps_growth_yearly": 0
        },
        "20061": {
            "year_quarter": 20061,
            "year": 2006,
            "quarter": 1,
            "eps": null,
            "eps_growth_year": null,
            "eps_4q": null,
            "eps_4q_growth_year": null,
            "roe": null,
            "roe_4q": 0,
            "gross_profit": null,
            "gross_margin": null,
            "gross_margin_4q_avg": 0,
            "net_income": null,
            "net_income_4q": null,
            "revenue": null,
            "revenue_4q": null,
            "common_shares": null,
            "book_valuer_per_share": null,
            "book_valuer_per_share_4q_avg": 0,
            "equity": null,
            "current_ratio": null,
            "debt_ratio": null,
            "inventory_turnover_ratio": null,
            "account_receivable_turnover_ratio": null,
            "reinvestment_rate": null,
            "research_to_sale_ratio": null,
            "price_fair": 0,
            "eps_avg_yearly": 0,
            "eps_latest_yearly": 0,
            "eps_growth_yearly": 0
        },
        "20062": {
            "year_quarter": 20062,
            "year": 2006,
            "quarter": 2,
            "eps": null,
            "eps_growth_year": null,
            "eps_4q": null,
            "eps_4q_growth_year": null,
            "roe": null,
            "roe_4q": 0,
            "gross_profit": null,
            "gross_margin": null,
            "gross_margin_4q_avg": 0,
            "net_income": null,
            "net_income_4q": null,
            "revenue": null,
            "revenue_4q": null,
            "common_shares": null,
            "book_valuer_per_share": null,
            "book_valuer_per_share_4q_avg": 0,
            "equity": null,
            "current_ratio": null,
            "debt_ratio": null,
            "inventory_turnover_ratio": null,
            "account_receivable_turnover_ratio": null,
            "reinvestment_rate": null,
            "research_to_sale_ratio": null,
            "price_fair": 0,
            "eps_avg_yearly": 0,
            "eps_latest_yearly": 0,
            "eps_growth_yearly": 0
        },
        "20063": {
            "year_quarter": 20063,
            "year": 2006,
            "quarter": 3,
            "eps": null,
            "eps_growth_year": null,
            "eps_4q": null,
            "eps_4q_growth_year": null,
            "roe": null,
            "roe_4q": 0,
            "gross_profit": null,
            "gross_margin": null,
            "gross_margin_4q_avg": 0,
            "net_income": null,
            "net_income_4q": null,
            "revenue": null,
            "revenue_4q": null,
            "common_shares": null,
            "book_valuer_per_share": null,
            "book_valuer_per_share_4q_avg": 0,
            "equity": null,
            "current_ratio": null,
            "debt_ratio": null,
            "inventory_turnover_ratio": null,
            "account_receivable_turnover_ratio": null,
            "reinvestment_rate": null,
            "research_to_sale_ratio": null,
            "price_fair": 0,
            "eps_avg_yearly": 0,
            "eps_latest_yearly": 0,
            "eps_growth_yearly": 0
        },
        "20064": {
            "year_quarter": 20064,
            "year": 2006,
            "quarter": 4,
            "eps": null,
            "eps_growth_year": null,
            "eps_4q": null,
            "eps_4q_growth_year": null,
            "roe": null,
            "roe_4q": 0,
            "gross_profit": null,
            "gross_margin": null,
            "gross_margin_4q_avg": 0,
            "net_income": null,
            "net_income_4q": null,
            "revenue": null,
            "revenue_4q": null,
            "common_shares": null,
            "book_valuer_per_share": null,
            "book_valuer_per_share_4q_avg": 0,
            "equity": null,
            "current_ratio": null,
            "debt_ratio": null,
            "inventory_turnover_ratio": null,
            "account_receivable_turnover_ratio": null,
            "reinvestment_rate": null,
            "research_to_sale_ratio": null,
            "price_fair": 0,
            "eps_avg_yearly": 0,
            "eps_latest_yearly": 0,
            "eps_growth_yearly": 0
        },
        "20071": {
            "year_quarter": 20071,
            "year": 2007,
            "quarter": 1,
            "eps": null,
            "eps_growth_year": null,
            "eps_4q": null,
            "eps_4q_growth_year": null,
            "roe": null,
            "roe_4q": 0,
            "gross_profit": null,
            "gross_margin": null,
            "gross_margin_4q_avg": 0,
            "net_income": null,
            "net_income_4q": null,
            "revenue": null,
            "revenue_4q": null,
            "common_shares": null,
            "book_valuer_per_share": null,
            "book_valuer_per_share_4q_avg": 0,
            "equity": null,
            "current_ratio": null,
            "debt_ratio": null,
            "inventory_turnover_ratio": null,
            "account_receivable_turnover_ratio": null,
            "reinvestment_rate": null,
            "research_to_sale_ratio": null,
            "price_fair": 0,
            "eps_avg_yearly": 0,
            "eps_latest_yearly": 0,
            "eps_growth_yearly": 0
        },
        "20072": {
            "year_quarter": 20072,
            "year": 2007,
            "quarter": 2,
            "eps": null,
            "eps_growth_year": null,
            "eps_4q": null,
            "eps_4q_growth_year": null,
            "roe": null,
            "roe_4q": 0,
            "gross_profit": null,
            "gross_margin": null,
            "gross_margin_4q_avg": 0,
            "net_income": null,
            "net_income_4q": null,
            "revenue": null,
            "revenue_4q": null,
            "common_shares": null,
            "book_valuer_per_share": null,
            "book_valuer_per_share_4q_avg": 0,
            "equity": null,
            "current_ratio": null,
            "debt_ratio": null,
            "inventory_turnover_ratio": null,
            "account_receivable_turnover_ratio": null,
            "reinvestment_rate": null,
            "research_to_sale_ratio": null,
            "price_fair": 0,
            "eps_avg_yearly": 0,
            "eps_latest_yearly": 0,
            "eps_growth_yearly": 0
        },
        "20073": {
            "year_quarter": 20073,
            "year": 2007,
            "quarter": 3,
            "eps": null,
            "eps_growth_year": null,
            "eps_4q": null,
            "eps_4q_growth_year": null,
            "roe": null,
            "roe_4q": 0,
            "gross_profit": null,
            "gross_margin": null,
            "gross_margin_4q_avg": 0,
            "net_income": null,
            "net_income_4q": null,
            "revenue": null,
            "revenue_4q": null,
            "common_shares": null,
            "book_valuer_per_share": null,
            "book_valuer_per_share_4q_avg": 0,
            "equity": null,
            "current_ratio": null,
            "debt_ratio": null,
            "inventory_turnover_ratio": null,
            "account_receivable_turnover_ratio": null,
            "reinvestment_rate": null,
            "research_to_sale_ratio": null,
            "price_fair": 0,
            "eps_avg_yearly": 0,
            "eps_latest_yearly": 0,
            "eps_growth_yearly": 0
        },
        "20074": {
            "year_quarter": 20074,
            "year": 2007,
            "quarter": 4,
            "eps": null,
            "eps_growth_year": null,
            "eps_4q": null,
            "eps_4q_growth_year": null,
            "roe": null,
            "roe_4q": 0,
            "gross_profit": null,
            "gross_margin": null,
            "gross_margin_4q_avg": 0,
            "net_income": null,
            "net_income_4q": null,
            "revenue": null,
            "revenue_4q": null,
            "common_shares": null,
            "book_valuer_per_share": null,
            "book_valuer_per_share_4q_avg": 0,
            "equity": null,
            "current_ratio": null,
            "debt_ratio": null,
            "inventory_turnover_ratio": null,
            "account_receivable_turnover_ratio": null,
            "reinvestment_rate": null,
            "research_to_sale_ratio": null,
            "price_fair": 0,
            "eps_avg_yearly": 0,
            "eps_latest_yearly": 0,
            "eps_growth_yearly": 0
        },
        "20081": {
            "year_quarter": 20081,
            "year": 2008,
            "quarter": 1,
            "eps": null,
            "eps_growth_year": null,
            "eps_4q": null,
            "eps_4q_growth_year": null,
            "roe": null,
            "roe_4q": 0,
            "gross_profit": null,
            "gross_margin": null,
            "gross_margin_4q_avg": 0,
            "net_income": null,
            "net_income_4q": null,
            "revenue": null,
            "revenue_4q": null,
            "common_shares": null,
            "book_valuer_per_share": null,
            "book_valuer_per_share_4q_avg": 0,
            "equity": null,
            "current_ratio": null,
            "debt_ratio": null,
            "inventory_turnover_ratio": null,
            "account_receivable_turnover_ratio": null,
            "reinvestment_rate": null,
            "research_to_sale_ratio": null,
            "price_fair": 0,
            "eps_avg_yearly": 0,
            "eps_latest_yearly": 0,
            "eps_growth_yearly": 0
        },
        "20082": {
            "year_quarter": 20082,
            "year": 2008,
            "quarter": 2,
            "eps": null,
            "eps_growth_year": null,
            "eps_4q": null,
            "eps_4q_growth_year": null,
            "roe": null,
            "roe_4q": 0,
            "gross_profit": null,
            "gross_margin": null,
            "gross_margin_4q_avg": 0,
            "net_income": null,
            "net_income_4q": null,
            "revenue": null,
            "revenue_4q": null,
            "common_shares": null,
            "book_valuer_per_share": null,
            "book_valuer_per_share_4q_avg": 0,
            "equity": null,
            "current_ratio": null,
            "debt_ratio": null,
            "inventory_turnover_ratio": null,
            "account_receivable_turnover_ratio": null,
            "reinvestment_rate": null,
            "research_to_sale_ratio": null,
            "price_fair": 0,
            "eps_avg_yearly": 0,
            "eps_latest_yearly": 0,
            "eps_growth_yearly": 0
        },
        "20083": {
            "year_quarter": 20083,
            "year": 2008,
            "quarter": 3,
            "eps": null,
            "eps_growth_year": null,
            "eps_4q": null,
            "eps_4q_growth_year": null,
            "roe": null,
            "roe_4q": 0,
            "gross_profit": null,
            "gross_margin": null,
            "gross_margin_4q_avg": 0,
            "net_income": null,
            "net_income_4q": null,
            "revenue": null,
            "revenue_4q": null,
            "common_shares": null,
            "book_valuer_per_share": null,
            "book_valuer_per_share_4q_avg": 0,
            "equity": null,
            "current_ratio": null,
            "debt_ratio": null,
            "inventory_turnover_ratio": null,
            "account_receivable_turnover_ratio": null,
            "reinvestment_rate": null,
            "research_to_sale_ratio": null,
            "price_fair": 0,
            "eps_avg_yearly": 0,
            "eps_latest_yearly": 0,
            "eps_growth_yearly": 0
        },
        "20084": {
            "year_quarter": 20084,
            "year": 2008,
            "quarter": 4,
            "eps": null,
            "eps_growth_year": null,
            "eps_4q": null,
            "eps_4q_growth_year": null,
            "roe": null,
            "roe_4q": 0,
            "gross_profit": null,
            "gross_margin": null,
            "gross_margin_4q_avg": 0,
            "net_income": null,
            "net_income_4q": null,
            "revenue": null,
            "revenue_4q": null,
            "common_shares": null,
            "book_valuer_per_share": null,
            "book_valuer_per_share_4q_avg": 0,
            "equity": null,
            "current_ratio": null,
            "debt_ratio": null,
            "inventory_turnover_ratio": null,
            "account_receivable_turnover_ratio": null,
            "reinvestment_rate": null,
            "research_to_sale_ratio": null,
            "price_fair": 0,
            "eps_avg_yearly": 0,
            "eps_latest_yearly": 0,
            "eps_growth_yearly": 0
        },
        "20091": {
            "year_quarter": 20091,
            "year": 2009,
            "quarter": 1,
            "eps": null,
            "eps_growth_year": null,
            "eps_4q": null,
            "eps_4q_growth_year": null,
            "roe": null,
            "roe_4q": 0,
            "gross_profit": null,
            "gross_margin": null,
            "gross_margin_4q_avg": 0,
            "net_income": null,
            "net_income_4q": null,
            "revenue": null,
            "revenue_4q": null,
            "common_shares": null,
            "book_valuer_per_share": null,
            "book_valuer_per_share_4q_avg": 0,
            "equity": null,
            "current_ratio": null,
            "debt_ratio": null,
            "inventory_turnover_ratio": null,
            "account_receivable_turnover_ratio": null,
            "reinvestment_rate": null,
            "research_to_sale_ratio": null,
            "price_fair": 0,
            "eps_avg_yearly": 0,
            "eps_latest_yearly": 0,
            "eps_growth_yearly": 0
        },
        "20092": {
            "year_quarter": 20092,
            "year": 2009,
            "quarter": 2,
            "eps": null,
            "eps_growth_year": null,
            "eps_4q": null,
            "eps_4q_growth_year": null,
            "roe": null,
            "roe_4q": 0,
            "gross_profit": null,
            "gross_margin": null,
            "gross_margin_4q_avg": 0,
            "net_income": null,
            "net_income_4q": null,
            "revenue": null,
            "revenue_4q": null,
            "common_shares": null,
            "book_valuer_per_share": null,
            "book_valuer_per_share_4q_avg": 0,
            "equity": null,
            "current_ratio": null,
            "debt_ratio": null,
            "inventory_turnover_ratio": null,
            "account_receivable_turnover_ratio": null,
            "reinvestment_rate": null,
            "research_to_sale_ratio": null,
            "price_fair": 0,
            "eps_avg_yearly": 0,
            "eps_latest_yearly": 0,
            "eps_growth_yearly": 0
        },
        "20093": {
            "year_quarter": 20093,
            "year": 2009,
            "quarter": 3,
            "eps": null,
            "eps_growth_year": null,
            "eps_4q": null,
            "eps_4q_growth_year": null,
            "roe": null,
            "roe_4q": 0,
            "gross_profit": null,
            "gross_margin": null,
            "gross_margin_4q_avg": 0,
            "net_income": null,
            "net_income_4q": null,
            "revenue": null,
            "revenue_4q": null,
            "common_shares": null,
            "book_valuer_per_share": null,
            "book_valuer_per_share_4q_avg": 0,
            "equity": null,
            "current_ratio": null,
            "debt_ratio": null,
            "inventory_turnover_ratio": null,
            "account_receivable_turnover_ratio": null,
            "reinvestment_rate": null,
            "research_to_sale_ratio": null,
            "price_fair": 0,
            "eps_avg_yearly": 0,
            "eps_latest_yearly": 0,
            "eps_growth_yearly": 0
        },
        "20094": {
            "year_quarter": 20094,
            "year": 2009,
            "quarter": 4,
            "eps": null,
            "eps_growth_year": null,
            "eps_4q": null,
            "eps_4q_growth_year": null,
            "roe": null,
            "roe_4q": 0,
            "gross_profit": null,
            "gross_margin": null,
            "gross_margin_4q_avg": 0,
            "net_income": null,
            "net_income_4q": null,
            "revenue": null,
            "revenue_4q": null,
            "common_shares": null,
            "book_valuer_per_share": null,
            "book_valuer_per_share_4q_avg": 0,
            "equity": null,
            "current_ratio": null,
            "debt_ratio": null,
            "inventory_turnover_ratio": null,
            "account_receivable_turnover_ratio": null,
            "reinvestment_rate": null,
            "research_to_sale_ratio": null,
            "price_fair": 0,
            "eps_avg_yearly": 0,
            "eps_latest_yearly": 0,
            "eps_growth_yearly": 0
        },
        "20101": {
            "year_quarter": 20101,
            "year": 2010,
            "quarter": 1,
            "eps": null,
            "eps_growth_year": null,
            "eps_4q": null,
            "eps_4q_growth_year": null,
            "roe": null,
            "roe_4q": 0,
            "gross_profit": null,
            "gross_margin": null,
            "gross_margin_4q_avg": 0,
            "net_income": null,
            "net_income_4q": null,
            "revenue": null,
            "revenue_4q": null,
            "common_shares": null,
            "book_valuer_per_share": null,
            "book_valuer_per_share_4q_avg": 0,
            "equity": null,
            "current_ratio": null,
            "debt_ratio": null,
            "inventory_turnover_ratio": null,
            "account_receivable_turnover_ratio": null,
            "reinvestment_rate": null,
            "research_to_sale_ratio": null,
            "price_fair": 0,
            "eps_avg_yearly": 0,
            "eps_latest_yearly": 0,
            "eps_growth_yearly": 0
        },
        "20102": {
            "year_quarter": 20102,
            "year": 2010,
            "quarter": 2,
            "eps": null,
            "eps_growth_year": null,
            "eps_4q": null,
            "eps_4q_growth_year": null,
            "roe": null,
            "roe_4q": 0,
            "gross_profit": null,
            "gross_margin": null,
            "gross_margin_4q_avg": 0,
            "net_income": null,
            "net_income_4q": null,
            "revenue": null,
            "revenue_4q": null,
            "common_shares": null,
            "book_valuer_per_share": null,
            "book_valuer_per_share_4q_avg": 0,
            "equity": null,
            "current_ratio": null,
            "debt_ratio": null,
            "inventory_turnover_ratio": null,
            "account_receivable_turnover_ratio": null,
            "reinvestment_rate": null,
            "research_to_sale_ratio": null,
            "price_fair": 0,
            "eps_avg_yearly": 0,
            "eps_latest_yearly": 0,
            "eps_growth_yearly": 0
        },
        "20103": {
            "year_quarter": 20103,
            "year": 2010,
            "quarter": 3,
            "eps": null,
            "eps_growth_year": null,
            "eps_4q": null,
            "eps_4q_growth_year": null,
            "roe": null,
            "roe_4q": 0,
            "gross_profit": null,
            "gross_margin": null,
            "gross_margin_4q_avg": 0,
            "net_income": null,
            "net_income_4q": null,
            "revenue": null,
            "revenue_4q": null,
            "common_shares": null,
            "book_valuer_per_share": null,
            "book_valuer_per_share_4q_avg": 0,
            "equity": null,
            "current_ratio": null,
            "debt_ratio": null,
            "inventory_turnover_ratio": null,
            "account_receivable_turnover_ratio": null,
            "reinvestment_rate": null,
            "research_to_sale_ratio": null,
            "price_fair": 0,
            "eps_avg_yearly": 0,
            "eps_latest_yearly": 0,
            "eps_growth_yearly": 0
        },
        "20104": {
            "year_quarter": 20104,
            "year": 2010,
            "quarter": 4,
            "eps": null,
            "eps_growth_year": null,
            "eps_4q": null,
            "eps_4q_growth_year": null,
            "roe": null,
            "roe_4q": 0,
            "gross_profit": null,
            "gross_margin": null,
            "gross_margin_4q_avg": 0,
            "net_income": null,
            "net_income_4q": null,
            "revenue": null,
            "revenue_4q": null,
            "common_shares": null,
            "book_valuer_per_share": null,
            "book_valuer_per_share_4q_avg": 0,
            "equity": null,
            "current_ratio": null,
            "debt_ratio": null,
            "inventory_turnover_ratio": null,
            "account_receivable_turnover_ratio": null,
            "reinvestment_rate": null,
            "research_to_sale_ratio": null,
            "price_fair": 0,
            "eps_avg_yearly": 0,
            "eps_latest_yearly": 0,
            "eps_growth_yearly": 0
        },
        "20111": {
            "year_quarter": 20111,
            "year": 2011,
            "quarter": 1,
            "eps": null,
            "eps_growth_year": null,
            "eps_4q": null,
            "eps_4q_growth_year": null,
            "roe": null,
            "roe_4q": 0,
            "gross_profit": null,
            "gross_margin": null,
            "gross_margin_4q_avg": 0,
            "net_income": null,
            "net_income_4q": null,
            "revenue": null,
            "revenue_4q": null,
            "common_shares": null,
            "book_valuer_per_share": null,
            "book_valuer_per_share_4q_avg": 0,
            "equity": null,
            "current_ratio": null,
            "debt_ratio": null,
            "inventory_turnover_ratio": null,
            "account_receivable_turnover_ratio": null,
            "reinvestment_rate": null,
            "research_to_sale_ratio": null,
            "price_fair": 0,
            "eps_avg_yearly": 0,
            "eps_latest_yearly": 0,
            "eps_growth_yearly": 0
        },
        "20112": {
            "year_quarter": 20112,
            "year": 2011,
            "quarter": 2,
            "eps": null,
            "eps_growth_year": null,
            "eps_4q": null,
            "eps_4q_growth_year": null,
            "roe": null,
            "roe_4q": 0,
            "gross_profit": null,
            "gross_margin": null,
            "gross_margin_4q_avg": 0,
            "net_income": null,
            "net_income_4q": null,
            "revenue": null,
            "revenue_4q": null,
            "common_shares": null,
            "book_valuer_per_share": null,
            "book_valuer_per_share_4q_avg": 0,
            "equity": null,
            "current_ratio": null,
            "debt_ratio": null,
            "inventory_turnover_ratio": null,
            "account_receivable_turnover_ratio": null,
            "reinvestment_rate": null,
            "research_to_sale_ratio": null,
            "price_fair": 0,
            "eps_avg_yearly": 0,
            "eps_latest_yearly": 0,
            "eps_growth_yearly": 0
        },
        "20113": {
            "year_quarter": 20113,
            "year": 2011,
            "quarter": 3,
            "eps": null,
            "eps_growth_year": null,
            "eps_4q": null,
            "eps_4q_growth_year": null,
            "roe": null,
            "roe_4q": 0,
            "gross_profit": null,
            "gross_margin": null,
            "gross_margin_4q_avg": 0,
            "net_income": null,
            "net_income_4q": null,
            "revenue": null,
            "revenue_4q": null,
            "common_shares": null,
            "book_valuer_per_share": null,
            "book_valuer_per_share_4q_avg": 0,
            "equity": null,
            "current_ratio": null,
            "debt_ratio": null,
            "inventory_turnover_ratio": null,
            "account_receivable_turnover_ratio": null,
            "reinvestment_rate": null,
            "research_to_sale_ratio": null,
            "price_fair": 0,
            "eps_avg_yearly": 0,
            "eps_latest_yearly": 0,
            "eps_growth_yearly": 0
        },
        "20114": {
            "year_quarter": 20114,
            "year": 2011,
            "quarter": 4,
            "eps": null,
            "eps_growth_year": null,
            "eps_4q": null,
            "eps_4q_growth_year": null,
            "roe": null,
            "roe_4q": 0,
            "gross_profit": null,
            "gross_margin": null,
            "gross_margin_4q_avg": 0,
            "net_income": null,
            "net_income_4q": null,
            "revenue": null,
            "revenue_4q": null,
            "common_shares": 273400,
            "book_valuer_per_share": null,
            "book_valuer_per_share_4q_avg": 0,
            "equity": 1065722,
            "current_ratio": null,
            "debt_ratio": null,
            "inventory_turnover_ratio": null,
            "account_receivable_turnover_ratio": null,
            "reinvestment_rate": null,
            "research_to_sale_ratio": null,
            "price_fair": 0,
            "eps_avg_yearly": 0,
            "eps_latest_yearly": 0,
            "eps_growth_yearly": 0
        },
        "20121": {
            "year_quarter": 20121,
            "year": 2012,
            "quarter": 1,
            "eps": null,
            "eps_growth_year": null,
            "eps_4q": null,
            "eps_4q_growth_year": null,
            "roe": null,
            "roe_4q": 0,
            "gross_profit": null,
            "gross_margin": null,
            "gross_margin_4q_avg": 0,
            "net_income": null,
            "net_income_4q": null,
            "revenue": null,
            "revenue_4q": null,
            "common_shares": null,
            "book_valuer_per_share": null,
            "book_valuer_per_share_4q_avg": 0,
            "equity": null,
            "current_ratio": null,
            "debt_ratio": null,
            "inventory_turnover_ratio": null,
            "account_receivable_turnover_ratio": null,
            "reinvestment_rate": null,
            "research_to_sale_ratio": null,
            "price_fair": 0,
            "eps_avg_yearly": 0,
            "eps_latest_yearly": 0,
            "eps_growth_yearly": 0
        },
        "20122": {
            "year_quarter": 20122,
            "year": 2012,
            "quarter": 2,
            "eps": null,
            "eps_growth_year": null,
            "eps_4q": null,
            "eps_4q_growth_year": null,
            "roe": null,
            "roe_4q": 0,
            "gross_profit": null,
            "gross_margin": null,
            "gross_margin_4q_avg": 0,
            "net_income": null,
            "net_income_4q": null,
            "revenue": null,
            "revenue_4q": null,
            "common_shares": 273400,
            "book_valuer_per_share": null,
            "book_valuer_per_share_4q_avg": 0,
            "equity": 908333,
            "current_ratio": null,
            "debt_ratio": null,
            "inventory_turnover_ratio": null,
            "account_receivable_turnover_ratio": null,
            "reinvestment_rate": null,
            "research_to_sale_ratio": null,
            "price_fair": 0,
            "eps_avg_yearly": 0,
            "eps_latest_yearly": 0,
            "eps_growth_yearly": 0
        },
        "20123": {
            "year_quarter": 20123,
            "year": 2012,
            "quarter": 3,
            "eps": null,
            "eps_growth_year": null,
            "eps_4q": null,
            "eps_4q_growth_year": null,
            "roe": null,
            "roe_4q": 0,
            "gross_profit": null,
            "gross_margin": null,
            "gross_margin_4q_avg": 0,
            "net_income": null,
            "net_income_4q": null,
            "revenue": null,
            "revenue_4q": null,
            "common_shares": null,
            "book_valuer_per_share": null,
            "book_valuer_per_share_4q_avg": 0,
            "equity": null,
            "current_ratio": null,
            "debt_ratio": null,
            "inventory_turnover_ratio": null,
            "account_receivable_turnover_ratio": null,
            "reinvestment_rate": null,
            "research_to_sale_ratio": null,
            "price_fair": 0,
            "eps_avg_yearly": 0,
            "eps_latest_yearly": 0,
            "eps_growth_yearly": 0
        },
        "20124": {
            "year_quarter": 20124,
            "year": 2012,
            "quarter": 4,
            "eps": null,
            "eps_growth_year": null,
            "eps_4q": null,
            "eps_4q_growth_year": null,
            "roe": null,
            "roe_4q": 0,
            "gross_profit": null,
            "gross_margin": null,
            "gross_margin_4q_avg": 0,
            "net_income": null,
            "net_income_4q": null,
            "revenue": null,
            "revenue_4q": null,
            "common_shares": 273400,
            "book_valuer_per_share": 33.86,
            "book_valuer_per_share_4q_avg": 8.47,
            "equity": 927811,
            "current_ratio": 213.95,
            "debt_ratio": 46.84,
            "inventory_turnover_ratio": null,
            "account_receivable_turnover_ratio": null,
            "reinvestment_rate": null,
            "research_to_sale_ratio": null,
            "price_fair": 0,
            "eps_avg_yearly": 0,
            "eps_latest_yearly": 0,
            "eps_growth_yearly": 0
        },
        "20131": {
            "year_quarter": 20131,
            "year": 2013,
            "quarter": 1,
            "eps": null,
            "eps_growth_year": null,
            "eps_4q": null,
            "eps_4q_growth_year": null,
            "roe": null,
            "roe_4q": 0,
            "gross_profit": null,
            "gross_margin": null,
            "gross_margin_4q_avg": 0,
            "net_income": null,
            "net_income_4q": null,
            "revenue": null,
            "revenue_4q": null,
            "common_shares": null,
            "book_valuer_per_share": null,
            "book_valuer_per_share_4q_avg": 8.47,
            "equity": null,
            "current_ratio": null,
            "debt_ratio": null,
            "inventory_turnover_ratio": null,
            "account_receivable_turnover_ratio": null,
            "reinvestment_rate": null,
            "research_to_sale_ratio": null,
            "price_fair": 0,
            "eps_avg_yearly": 0,
            "eps_latest_yearly": 0,
            "eps_growth_yearly": 0
        },
        "20132": {
            "year_quarter": 20132,
            "year": 2013,
            "quarter": 2,
            "eps": null,
            "eps_growth_year": null,
            "eps_4q": null,
            "eps_4q_growth_year": null,
            "roe": null,
            "roe_4q": 0,
            "gross_profit": null,
            "gross_margin": null,
            "gross_margin_4q_avg": 0,
            "net_income": null,
            "net_income_4q": null,
            "revenue": null,
            "revenue_4q": null,
            "common_shares": 273400,
            "book_valuer_per_share": 34.08,
            "book_valuer_per_share_4q_avg": 16.99,
            "equity": 926922,
            "current_ratio": 182.2,
            "debt_ratio": 52.37,
            "inventory_turnover_ratio": null,
            "account_receivable_turnover_ratio": null,
            "reinvestment_rate": null,
            "research_to_sale_ratio": null,
            "price_fair": 0,
            "eps_avg_yearly": 0,
            "eps_latest_yearly": 0,
            "eps_growth_yearly": 0
        },
        "20133": {
            "year_quarter": 20133,
            "year": 2013,
            "quarter": 3,
            "eps": null,
            "eps_growth_year": null,
            "eps_4q": null,
            "eps_4q_growth_year": null,
            "roe": null,
            "roe_4q": 0,
            "gross_profit": null,
            "gross_margin": null,
            "gross_margin_4q_avg": 0,
            "net_income": null,
            "net_income_4q": null,
            "revenue": null,
            "revenue_4q": null,
            "common_shares": null,
            "book_valuer_per_share": null,
            "book_valuer_per_share_4q_avg": 16.99,
            "equity": null,
            "current_ratio": null,
            "debt_ratio": null,
            "inventory_turnover_ratio": null,
            "account_receivable_turnover_ratio": null,
            "reinvestment_rate": null,
            "research_to_sale_ratio": null,
            "price_fair": 0,
            "eps_avg_yearly": 0,
            "eps_latest_yearly": 0,
            "eps_growth_yearly": 0
        },
        "20134": {
            "year_quarter": 20134,
            "year": 2013,
            "quarter": 4,
            "eps": null,
            "eps_growth_year": null,
            "eps_4q": null,
            "eps_4q_growth_year": null,
            "roe": null,
            "roe_4q": 0,
            "gross_profit": null,
            "gross_margin": null,
            "gross_margin_4q_avg": 0,
            "net_income": null,
            "net_income_4q": null,
            "revenue": null,
            "revenue_4q": null,
            "common_shares": 273400,
            "book_valuer_per_share": 36.61,
            "book_valuer_per_share_4q_avg": 17.67,
            "equity": 991609,
            "current_ratio": 179.66,
            "debt_ratio": 52.8,
            "inventory_turnover_ratio": null,
            "account_receivable_turnover_ratio": null,
            "reinvestment_rate": null,
            "research_to_sale_ratio": null,
            "price_fair": 0,
            "eps_avg_yearly": 0,
            "eps_latest_yearly": 0,
            "eps_growth_yearly": 0
        },
        "20141": {
            "year_quarter": 20141,
            "year": 2014,
            "quarter": 1,
            "eps": null,
            "eps_growth_year": null,
            "eps_4q": null,
            "eps_4q_growth_year": null,
            "roe": null,
            "roe_4q": 0,
            "gross_profit": 117345,
            "gross_margin": null,
            "gross_margin_4q_avg": 0,
            "net_income": 26133,
            "net_income_4q": null,
            "revenue": 422093,
            "revenue_4q": null,
            "common_shares": 273400,
            "book_valuer_per_share": null,
            "book_valuer_per_share_4q_avg": 17.67,
            "equity": 1019552,
            "current_ratio": null,
            "debt_ratio": null,
            "inventory_turnover_ratio": null,
            "account_receivable_turnover_ratio": null,
            "reinvestment_rate": null,
            "research_to_sale_ratio": null,
            "price_fair": 0,
            "eps_avg_yearly": 0,
            "eps_latest_yearly": 0,
            "eps_growth_yearly": 0
        },
        "20142": {
            "year_quarter": 20142,
            "year": 2014,
            "quarter": 2,
            "eps": null,
            "eps_growth_year": null,
            "eps_4q": null,
            "eps_4q_growth_year": null,
            "roe": null,
            "roe_4q": 0,
            "gross_profit": -4771,
            "gross_margin": null,
            "gross_margin_4q_avg": 0,
            "net_income": -103028,
            "net_income_4q": null,
            "revenue": 417659,
            "revenue_4q": null,
            "common_shares": 273400,
            "book_valuer_per_share": 30.73,
            "book_valuer_per_share_4q_avg": 16.84,
            "equity": 836922,
            "current_ratio": 144.28,
            "debt_ratio": 58.54,
            "inventory_turnover_ratio": null,
            "account_receivable_turnover_ratio": null,
            "reinvestment_rate": null,
            "research_to_sale_ratio": null,
            "price_fair": 0,
            "eps_avg_yearly": 0,
            "eps_latest_yearly": 0,
            "eps_growth_yearly": 0
        },
        "20143": {
            "year_quarter": 20143,
            "year": 2014,
            "quarter": 3,
            "eps": null,
            "eps_growth_year": null,
            "eps_4q": null,
            "eps_4q_growth_year": null,
            "roe": null,
            "roe_4q": 0,
            "gross_profit": null,
            "gross_margin": null,
            "gross_margin_4q_avg": 0,
            "net_income": null,
            "net_income_4q": null,
            "revenue": null,
            "revenue_4q": null,
            "common_shares": null,
            "book_valuer_per_share": null,
            "book_valuer_per_share_4q_avg": 16.84,
            "equity": null,
            "current_ratio": null,
            "debt_ratio": null,
            "inventory_turnover_ratio": null,
            "account_receivable_turnover_ratio": null,
            "reinvestment_rate": null,
            "research_to_sale_ratio": null,
            "price_fair": 0,
            "eps_avg_yearly": 0,
            "eps_latest_yearly": 0,
            "eps_growth_yearly": 0
        },
        "20144": {
            "year_quarter": 20144,
            "year": 2014,
            "quarter": 4,
            "eps": null,
            "eps_growth_year": null,
            "eps_4q": null,
            "eps_4q_growth_year": null,
            "roe": null,
            "roe_4q": 0,
            "gross_profit": null,
            "gross_margin": null,
            "gross_margin_4q_avg": 0,
            "net_income": null,
            "net_income_4q": null,
            "revenue": null,
            "revenue_4q": null,
            "common_shares": 355420,
            "book_valuer_per_share": 28.89,
            "book_valuer_per_share_4q_avg": 14.91,
            "equity": 1023034,
            "current_ratio": 178.68,
            "debt_ratio": 45.18,
            "inventory_turnover_ratio": null,
            "account_receivable_turnover_ratio": null,
            "reinvestment_rate": null,
            "research_to_sale_ratio": null,
            "price_fair": 0,
            "eps_avg_yearly": 0,
            "eps_latest_yearly": 0,
            "eps_growth_yearly": 0
        },
        "20151": {
            "year_quarter": 20151,
            "year": 2015,
            "quarter": 1,
            "eps": 1.17,
            "eps_growth_year": null,
            "eps_4q": null,
            "eps_4q_growth_year": null,
            "roe": 3.73,
            "roe_4q": 3.73,
            "gross_profit": 118418,
            "gross_margin": 30.7,
            "gross_margin_4q_avg": 7.68,
            "net_income": 38783,
            "net_income_4q": null,
            "revenue": 385713,
            "revenue_4q": null,
            "common_shares": 355420,
            "book_valuer_per_share": 29.96,
            "book_valuer_per_share_4q_avg": 22.4,
            "equity": 1057626,
            "current_ratio": 185.23,
            "debt_ratio": 43.13,
            "inventory_turnover_ratio": 0.78,
            "account_receivable_turnover_ratio": 0.82,
            "reinvestment_rate": null,
            "research_to_sale_ratio": 4.86,
            "price_fair": 0,
            "eps_avg_yearly": 0,
            "eps_latest_yearly": 0,
            "eps_growth_yearly": 0
        },
        "20152": {
            "year_quarter": 20152,
            "year": 2015,
            "quarter": 2,
            "eps": 0.5,
            "eps_growth_year": null,
            "eps_4q": null,
            "eps_4q_growth_year": null,
            "roe": 1.5,
            "roe_4q": 5.23,
            "gross_profit": 160698,
            "gross_margin": 31.42,
            "gross_margin_4q_avg": 15.53,
            "net_income": 15417,
            "net_income_4q": null,
            "revenue": 511462,
            "revenue_4q": null,
            "common_shares": 356740,
            "book_valuer_per_share": 28.3,
            "book_valuer_per_share_4q_avg": 21.79,
            "equity": 1000862,
            "current_ratio": 142.78,
            "debt_ratio": 55.57,
            "inventory_turnover_ratio": 0.92,
            "account_receivable_turnover_ratio": 0.83,
            "reinvestment_rate": null,
            "research_to_sale_ratio": 3.78,
            "price_fair": 6,
            "eps_avg_yearly": 2,
            "eps_latest_yearly": 2,
            "eps_growth_yearly": -229.06
        },
        "20153": {
            "year_quarter": 20153,
            "year": 2015,
            "quarter": 3,
            "eps": null,
            "eps_growth_year": null,
            "eps_4q": null,
            "eps_4q_growth_year": null,
            "roe": null,
            "roe_4q": 5.23,
            "gross_profit": null,
            "gross_margin": null,
            "gross_margin_4q_avg": 15.53,
            "net_income": null,
            "net_income_4q": null,
            "revenue": null,
            "revenue_4q": null,
            "common_shares": null,
            "book_valuer_per_share": null,
            "book_valuer_per_share_4q_avg": 21.79,
            "equity": null,
            "current_ratio": null,
            "debt_ratio": null,
            "inventory_turnover_ratio": null,
            "account_receivable_turnover_ratio": null,
            "reinvestment_rate": null,
            "research_to_sale_ratio": null,
            "price_fair": 6,
            "eps_avg_yearly": 2,
            "eps_latest_yearly": 2,
            "eps_growth_yearly": -229.06
        },
        "20154": {
            "year_quarter": 20154,
            "year": 2015,
            "quarter": 4,
            "eps": null,
            "eps_growth_year": null,
            "eps_4q": null,
            "eps_4q_growth_year": null,
            "roe": null,
            "roe_4q": 5.23,
            "gross_profit": null,
            "gross_margin": null,
            "gross_margin_4q_avg": 15.53,
            "net_income": null,
            "net_income_4q": null,
            "revenue": null,
            "revenue_4q": null,
            "common_shares": 358240,
            "book_valuer_per_share": 30.8,
            "book_valuer_per_share_4q_avg": 22.27,
            "equity": 1099308,
            "current_ratio": 164.01,
            "debt_ratio": 46.45,
            "inventory_turnover_ratio": null,
            "account_receivable_turnover_ratio": null,
            "reinvestment_rate": null,
            "research_to_sale_ratio": null,
            "price_fair": 6,
            "eps_avg_yearly": 2,
            "eps_latest_yearly": 2,
            "eps_growth_yearly": -229.06
        },
        "20161": {
            "year_quarter": 20161,
            "year": 2016,
            "quarter": 1,
            "eps": null,
            "eps_growth_year": null,
            "eps_4q": null,
            "eps_4q_growth_year": null,
            "roe": null,
            "roe_4q": 1.5,
            "gross_profit": null,
            "gross_margin": null,
            "gross_margin_4q_avg": 7.86,
            "net_income": null,
            "net_income_4q": null,
            "revenue": null,
            "revenue_4q": null,
            "common_shares": null,
            "book_valuer_per_share": null,
            "book_valuer_per_share_4q_avg": 14.78,
            "equity": null,
            "current_ratio": null,
            "debt_ratio": null,
            "inventory_turnover_ratio": null,
            "account_receivable_turnover_ratio": null,
            "reinvestment_rate": null,
            "research_to_sale_ratio": null,
            "price_fair": 6,
            "eps_avg_yearly": 2,
            "eps_latest_yearly": 2,
            "eps_growth_yearly": -229.06
        },
        "20162": {
            "year_quarter": 20162,
            "year": 2016,
            "quarter": 2,
            "eps": null,
            "eps_growth_year": null,
            "eps_4q": null,
            "eps_4q_growth_year": null,
            "roe": null,
            "roe_4q": 0,
            "gross_profit": null,
            "gross_margin": null,
            "gross_margin_4q_avg": 0,
            "net_income": null,
            "net_income_4q": null,
            "revenue": null,
            "revenue_4q": null,
            "common_shares": 361380,
            "book_valuer_per_share": 28.5,
            "book_valuer_per_share_4q_avg": 14.83,
            "equity": 1025775,
            "current_ratio": 156.03,
            "debt_ratio": 47.71,
            "inventory_turnover_ratio": null,
            "account_receivable_turnover_ratio": null,
            "reinvestment_rate": null,
            "research_to_sale_ratio": null,
            "price_fair": 6,
            "eps_avg_yearly": 2,
            "eps_latest_yearly": 2,
            "eps_growth_yearly": -229.06
        },
        "20163": {
            "year_quarter": 20163,
            "year": 2016,
            "quarter": 3,
            "eps": null,
            "eps_growth_year": null,
            "eps_4q": null,
            "eps_4q_growth_year": null,
            "roe": null,
            "roe_4q": 0,
            "gross_profit": null,
            "gross_margin": null,
            "gross_margin_4q_avg": 0,
            "net_income": null,
            "net_income_4q": null,
            "revenue": null,
            "revenue_4q": null,
            "common_shares": null,
            "book_valuer_per_share": null,
            "book_valuer_per_share_4q_avg": 14.83,
            "equity": null,
            "current_ratio": null,
            "debt_ratio": null,
            "inventory_turnover_ratio": null,
            "account_receivable_turnover_ratio": null,
            "reinvestment_rate": null,
            "research_to_sale_ratio": null,
            "price_fair": 6,
            "eps_avg_yearly": 2,
            "eps_latest_yearly": 2,
            "eps_growth_yearly": -229.06
        },
        "20164": {
            "year_quarter": 20164,
            "year": 2016,
            "quarter": 4,
            "eps": null,
            "eps_growth_year": null,
            "eps_4q": null,
            "eps_4q_growth_year": null,
            "roe": null,
            "roe_4q": 0,
            "gross_profit": null,
            "gross_margin": null,
            "gross_margin_4q_avg": 0,
            "net_income": null,
            "net_income_4q": null,
            "revenue": null,
            "revenue_4q": null,
            "common_shares": null,
            "book_valuer_per_share": null,
            "book_valuer_per_share_4q_avg": 7.13,
            "equity": null,
            "current_ratio": null,
            "debt_ratio": null,
            "inventory_turnover_ratio": null,
            "account_receivable_turnover_ratio": null,
            "reinvestment_rate": null,
            "research_to_sale_ratio": null,
            "price_fair": 6,
            "eps_avg_yearly": 2,
            "eps_latest_yearly": 2,
            "eps_growth_yearly": -229.06
        },
        "20171": {
            "year_quarter": 20171,
            "year": 2017,
            "quarter": 1,
            "eps": null,
            "eps_growth_year": null,
            "eps_4q": null,
            "eps_4q_growth_year": null,
            "roe": null,
            "roe_4q": 0,
            "gross_profit": null,
            "gross_margin": null,
            "gross_margin_4q_avg": 0,
            "net_income": null,
            "net_income_4q": null,
            "revenue": null,
            "revenue_4q": null,
            "common_shares": null,
            "book_valuer_per_share": null,
            "book_valuer_per_share_4q_avg": 7.13,
            "equity": null,
            "current_ratio": null,
            "debt_ratio": null,
            "inventory_turnover_ratio": null,
            "account_receivable_turnover_ratio": null,
            "reinvestment_rate": null,
            "research_to_sale_ratio": null,
            "price_fair": 6,
            "eps_avg_yearly": 2,
            "eps_latest_yearly": 2,
            "eps_growth_yearly": -229.06
        },
        "20172": {
            "year_quarter": 20172,
            "year": 2017,
            "quarter": 2,
            "eps": null,
            "eps_growth_year": null,
            "eps_4q": null,
            "eps_4q_growth_year": null,
            "roe": null,
            "roe_4q": 0,
            "gross_profit": null,
            "gross_margin": null,
            "gross_margin_4q_avg": 0,
            "net_income": null,
            "net_income_4q": null,
            "revenue": null,
            "revenue_4q": null,
            "common_shares": 369820,
            "book_valuer_per_share": 26.03,
            "book_valuer_per_share_4q_avg": 6.51,
            "equity": 962748,
            "current_ratio": 152.56,
            "debt_ratio": 54.49,
            "inventory_turnover_ratio": null,
            "account_receivable_turnover_ratio": null,
            "reinvestment_rate": null,
            "research_to_sale_ratio": null,
            "price_fair": 6,
            "eps_avg_yearly": 2,
            "eps_latest_yearly": 2,
            "eps_growth_yearly": -229.06
        },
        "20173": {
            "year_quarter": 20173,
            "year": 2017,
            "quarter": 3,
            "eps": null,
            "eps_growth_year": null,
            "eps_4q": null,
            "eps_4q_growth_year": null,
            "roe": null,
            "roe_4q": 0,
            "gross_profit": null,
            "gross_margin": null,
            "gross_margin_4q_avg": 0,
            "net_income": null,
            "net_income_4q": null,
            "revenue": null,
            "revenue_4q": null,
            "common_shares": null,
            "book_valuer_per_share": null,
            "book_valuer_per_share_4q_avg": 6.51,
            "equity": null,
            "current_ratio": null,
            "debt_ratio": null,
            "inventory_turnover_ratio": null,
            "account_receivable_turnover_ratio": null,
            "reinvestment_rate": null,
            "research_to_sale_ratio": null,
            "price_fair": 6,
            "eps_avg_yearly": 2,
            "eps_latest_yearly": 2,
            "eps_growth_yearly": -229.06
        },
        "20174": {
            "year_quarter": 20174,
            "year": 2017,
            "quarter": 4,
            "eps": null,
            "eps_growth_year": null,
            "eps_4q": null,
            "eps_4q_growth_year": null,
            "roe": null,
            "roe_4q": 0,
            "gross_profit": null,
            "gross_margin": null,
            "gross_margin_4q_avg": 0,
            "net_income": null,
            "net_income_4q": null,
            "revenue": null,
            "revenue_4q": null,
            "common_shares": 372470,
            "book_valuer_per_share": 28.69,
            "book_valuer_per_share_4q_avg": 13.68,
            "equity": 1068567,
            "current_ratio": 156.89,
            "debt_ratio": 53.99,
            "inventory_turnover_ratio": null,
            "account_receivable_turnover_ratio": null,
            "reinvestment_rate": null,
            "research_to_sale_ratio": null,
            "price_fair": 6,
            "eps_avg_yearly": 2,
            "eps_latest_yearly": 2,
            "eps_growth_yearly": -229.06
        },
        "20181": {
            "year_quarter": 20181,
            "year": 2018,
            "quarter": 1,
            "eps": null,
            "eps_growth_year": null,
            "eps_4q": null,
            "eps_4q_growth_year": null,
            "roe": null,
            "roe_4q": 0,
            "gross_profit": null,
            "gross_margin": null,
            "gross_margin_4q_avg": 0,
            "net_income": null,
            "net_income_4q": null,
            "revenue": null,
            "revenue_4q": null,
            "common_shares": null,
            "book_valuer_per_share": null,
            "book_valuer_per_share_4q_avg": 13.68,
            "equity": null,
            "current_ratio": null,
            "debt_ratio": null,
            "inventory_turnover_ratio": null,
            "account_receivable_turnover_ratio": null,
            "reinvestment_rate": null,
            "research_to_sale_ratio": null,
            "price_fair": 6,
            "eps_avg_yearly": 2,
            "eps_latest_yearly": 2,
            "eps_growth_yearly": -229.06
        },
        "20182": {
            "year_quarter": 20182,
            "year": 2018,
            "quarter": 2,
            "eps": null,
            "eps_growth_year": null,
            "eps_4q": null,
            "eps_4q_growth_year": null,
            "roe": null,
            "roe_4q": 0,
            "gross_profit": null,
            "gross_margin": null,
            "gross_margin_4q_avg": 0,
            "net_income": null,
            "net_income_4q": null,
            "revenue": null,
            "revenue_4q": null,
            "common_shares": 375170,
            "book_valuer_per_share": 27.14,
            "book_valuer_per_share_4q_avg": 13.96,
            "equity": 1018237,
            "current_ratio": 137.32,
            "debt_ratio": 60,
            "inventory_turnover_ratio": null,
            "account_receivable_turnover_ratio": null,
            "reinvestment_rate": null,
            "research_to_sale_ratio": null,
            "price_fair": 6,
            "eps_avg_yearly": 2,
            "eps_latest_yearly": 2,
            "eps_growth_yearly": -229.06
        },
        "20183": {
            "year_quarter": 20183,
            "year": 2018,
            "quarter": 3,
            "eps": 3.07,
            "eps_growth_year": null,
            "eps_4q": null,
            "eps_4q_growth_year": null,
            "roe": 10.74,
            "roe_4q": 10.74,
            "gross_profit": 252780,
            "gross_margin": 40.13,
            "gross_margin_4q_avg": 10.03,
            "net_income": 114980,
            "net_income_4q": null,
            "revenue": 629954,
            "revenue_4q": null,
            "common_shares": 375170,
            "book_valuer_per_share": 29.91,
            "book_valuer_per_share_4q_avg": 21.44,
            "equity": 1122146,
            "current_ratio": 150.33,
            "debt_ratio": 55.27,
            "inventory_turnover_ratio": 0.66,
            "account_receivable_turnover_ratio": 0.82,
            "reinvestment_rate": null,
            "research_to_sale_ratio": 5.3,
            "price_fair": 6,
            "eps_avg_yearly": 2,
            "eps_latest_yearly": 2,
            "eps_growth_yearly": -229.06
        },
        "20184": {
            "year_quarter": 20184,
            "year": 2018,
            "quarter": 4,
            "eps": 0.72,
            "eps_growth_year": null,
            "eps_4q": null,
            "eps_4q_growth_year": null,
            "roe": 2.36,
            "roe_4q": 13.1,
            "gross_profit": 149562,
            "gross_margin": 27.94,
            "gross_margin_4q_avg": 17.02,
            "net_income": 26850,
            "net_income_4q": null,
            "revenue": 535269,
            "revenue_4q": null,
            "common_shares": 375170,
            "book_valuer_per_share": 30.74,
            "book_valuer_per_share_4q_avg": 21.95,
            "equity": 1153287,
            "current_ratio": 156.82,
            "debt_ratio": 52.69,
            "inventory_turnover_ratio": 0.71,
            "account_receivable_turnover_ratio": 0.68,
            "reinvestment_rate": null,
            "research_to_sale_ratio": 8.63,
            "price_fair": 7.32,
            "eps_avg_yearly": 2.44,
            "eps_latest_yearly": 2.88,
            "eps_growth_yearly": -267.62
        },
        "20191": {
            "year_quarter": 20191,
            "year": 2019,
            "quarter": 1,
            "eps": 0.72,
            "eps_growth_year": null,
            "eps_4q": null,
            "eps_4q_growth_year": null,
            "roe": 2.32,
            "roe_4q": 15.42,
            "gross_profit": 167251,
            "gross_margin": 29.77,
            "gross_margin_4q_avg": 24.46,
            "net_income": 29198,
            "net_income_4q": null,
            "revenue": 561798,
            "revenue_4q": null,
            "common_shares": 425370,
            "book_valuer_per_share": 32.06,
            "book_valuer_per_share_4q_avg": 29.96,
            "equity": 1363683,
            "current_ratio": 174.7,
            "debt_ratio": 48.36,
            "inventory_turnover_ratio": 0.73,
            "account_receivable_turnover_ratio": 0.66,
            "reinvestment_rate": null,
            "research_to_sale_ratio": 6.36,
            "price_fair": 7.76,
            "eps_avg_yearly": 2.59,
            "eps_latest_yearly": 2.88,
            "eps_growth_yearly": -178.42
        },
        "20192": {
            "year_quarter": 20192,
            "year": 2019,
            "quarter": 2,
            "eps": -0.47,
            "eps_growth_year": null,
            "eps_4q": 3.55,
            "eps_4q_growth_year": null,
            "roe": -1.55,
            "roe_4q": 13.870000000000001,
            "gross_profit": 101606,
            "gross_margin": 26.2,
            "gross_margin_4q_avg": 31.01,
            "net_income": -20013,
            "net_income_4q": null,
            "revenue": 387758,
            "revenue_4q": null,
            "common_shares": 425370,
            "book_valuer_per_share": 28.56,
            "book_valuer_per_share_4q_avg": 30.32,
            "equity": 1214860,
            "current_ratio": 156.65,
            "debt_ratio": 48.65,
            "inventory_turnover_ratio": 0.53,
            "account_receivable_turnover_ratio": 0.46,
            "reinvestment_rate": null,
            "research_to_sale_ratio": 9.71,
            "price_fair": 8.64,
            "eps_avg_yearly": 2.88,
            "eps_latest_yearly": 2.88,
            "eps_growth_yearly": -153.09
        },
        "20193": {
            "year_quarter": 20193,
            "year": 2019,
            "quarter": 3,
            "eps": -1.4,
            "eps_growth_year": -145.6,
            "eps_4q": -0.55,
            "eps_4q_growth_year": null,
            "roe": -5.04,
            "roe_4q": -1.9099999999999997,
            "gross_profit": 33069,
            "gross_margin": 13.65,
            "gross_margin_4q_avg": 24.39,
            "net_income": -59550,
            "net_income_4q": null,
            "revenue": 242344,
            "revenue_4q": null,
            "common_shares": 425370,
            "book_valuer_per_share": 27.02,
            "book_valuer_per_share_4q_avg": 29.6,
            "equity": 1149227,
            "current_ratio": 154.49,
            "debt_ratio": 48.32,
            "inventory_turnover_ratio": 0.4,
            "account_receivable_turnover_ratio": 0.34,
            "reinvestment_rate": null,
            "research_to_sale_ratio": 15.44,
            "price_fair": 8.64,
            "eps_avg_yearly": 2.88,
            "eps_latest_yearly": 2.88,
            "eps_growth_yearly": -153.09
        },
        "20194": {
            "year_quarter": 20194,
            "year": 2019,
            "quarter": 4,
            "eps": -2.11,
            "eps_growth_year": -394.5,
            "eps_4q": -3.29,
            "eps_4q_growth_year": null,
            "roe": -8.12,
            "roe_4q": -12.39,
            "gross_profit": 12717,
            "gross_margin": 5.24,
            "gross_margin_4q_avg": 18.72,
            "net_income": -89653,
            "net_income_4q": null,
            "revenue": 242801,
            "revenue_4q": null,
            "common_shares": 425370,
            "book_valuer_per_share": 24.9,
            "book_valuer_per_share_4q_avg": 28.14,
            "equity": 1059189,
            "current_ratio": 145.88,
            "debt_ratio": 47.37,
            "inventory_turnover_ratio": 0.49,
            "account_receivable_turnover_ratio": 0.4,
            "reinvestment_rate": null,
            "research_to_sale_ratio": 11.74,
            "price_fair": 8.64,
            "eps_avg_yearly": 2.88,
            "eps_latest_yearly": 2.88,
            "eps_growth_yearly": -153.09
        },
        "20201": {
            "year_quarter": 20201,
            "year": 2020,
            "quarter": 1,
            "eps": -0.26,
            "eps_growth_year": -136.11,
            "eps_4q": -4.24,
            "eps_4q_growth_year": null,
            "roe": -1.07,
            "roe_4q": -15.780000000000001,
            "gross_profit": 71274,
            "gross_margin": 26.61,
            "gross_margin_4q_avg": 17.93,
            "net_income": -11216,
            "net_income_4q": null,
            "revenue": 267857,
            "revenue_4q": null,
            "common_shares": 425370,
            "book_valuer_per_share": 24.59,
            "book_valuer_per_share_4q_avg": 26.27,
            "equity": 1045872,
            "current_ratio": 144.06,
            "debt_ratio": 48.48,
            "inventory_turnover_ratio": 0.5,
            "account_receivable_turnover_ratio": 0.47,
            "reinvestment_rate": null,
            "research_to_sale_ratio": 9.95,
            "price_fair": 8.64,
            "eps_avg_yearly": 2.88,
            "eps_latest_yearly": 2.88,
            "eps_growth_yearly": -153.09
        },
        "20202": {
            "year_quarter": 20202,
            "year": 2020,
            "quarter": 2,
            "eps": 0.37,
            "eps_growth_year": null,
            "eps_4q": -3.49,
            "eps_4q_growth_year": -198.42,
            "roe": 1.51,
            "roe_4q": -12.719999999999999,
            "gross_profit": 88300,
            "gross_margin": 27.32,
            "gross_margin_4q_avg": 18.21,
            "net_income": 15535,
            "net_income_4q": null,
            "revenue": 323162,
            "revenue_4q": null,
            "common_shares": 425370,
            "book_valuer_per_share": 24.35,
            "book_valuer_per_share_4q_avg": 25.22,
            "equity": 1009612,
            "current_ratio": 141.86,
            "debt_ratio": 52.83,
            "inventory_turnover_ratio": 0.63,
            "account_receivable_turnover_ratio": 0.54,
            "reinvestment_rate": null,
            "research_to_sale_ratio": 8.56,
            "price_fair": 8.64,
            "eps_avg_yearly": 2.88,
            "eps_latest_yearly": 2.88,
            "eps_growth_yearly": -153.09
        },
        "20203": {
            "year_quarter": 20203,
            "year": 2020,
            "quarter": 3,
            "eps": -0.56,
            "eps_growth_year": null,
            "eps_4q": -2.49,
            "eps_4q_growth_year": null,
            "roe": -2.2,
            "roe_4q": -9.879999999999999,
            "gross_profit": 105352,
            "gross_margin": 27.61,
            "gross_margin_4q_avg": 21.7,
            "net_income": -22981,
            "net_income_4q": null,
            "revenue": 381591,
            "revenue_4q": null,
            "common_shares": 434560,
            "book_valuer_per_share": 24.79,
            "book_valuer_per_share_4q_avg": 24.66,
            "equity": 1077154,
            "current_ratio": 142.66,
            "debt_ratio": 53.53,
            "inventory_turnover_ratio": 0.71,
            "account_receivable_turnover_ratio": 0.61,
            "reinvestment_rate": null,
            "research_to_sale_ratio": 8.08,
            "price_fair": 8.64,
            "eps_avg_yearly": 2.88,
            "eps_latest_yearly": 2.88,
            "eps_growth_yearly": -153.09
        },
        "20204": {
            "year_quarter": 20204,
            "year": 2020,
            "quarter": 4,
            "eps": -0.54,
            "eps_growth_year": null,
            "eps_4q": -0.97,
            "eps_4q_growth_year": null,
            "roe": -2.2,
            "roe_4q": -3.960000000000001,
            "gross_profit": 52078,
            "gross_margin": 13.65,
            "gross_margin_4q_avg": 23.8,
            "net_income": -23532,
            "net_income_4q": null,
            "revenue": 381443,
            "revenue_4q": null,
            "common_shares": 436020,
            "book_valuer_per_share": 24.34,
            "book_valuer_per_share_4q_avg": 24.52,
            "equity": 1061277,
            "current_ratio": 130.73,
            "debt_ratio": 58.45,
            "inventory_turnover_ratio": 0.78,
            "account_receivable_turnover_ratio": 0.58,
            "reinvestment_rate": null,
            "research_to_sale_ratio": 9.06,
            "price_fair": 8.64,
            "eps_avg_yearly": 2.88,
            "eps_latest_yearly": 2.88,
            "eps_growth_yearly": -153.09
        },
        "20211": {
            "year_quarter": 20211,
            "year": 2021,
            "quarter": 1,
            "eps": -1.83,
            "eps_growth_year": null,
            "eps_4q": -2.54,
            "eps_4q_growth_year": null,
            "roe": -7.83,
            "roe_4q": -10.72,
            "gross_profit": 22431,
            "gross_margin": 5.4,
            "gross_margin_4q_avg": 18.5,
            "net_income": -79961,
            "net_income_4q": null,
            "revenue": 415468,
            "revenue_4q": null,
            "common_shares": 436020,
            "book_valuer_per_share": 22.48,
            "book_valuer_per_share_4q_avg": 23.99,
            "equity": 980328,
            "current_ratio": 121.86,
            "debt_ratio": 57.66,
            "inventory_turnover_ratio": 0.9,
            "account_receivable_turnover_ratio": 0.68,
            "reinvestment_rate": null,
            "research_to_sale_ratio": 7.7,
            "price_fair": 8.64,
            "eps_avg_yearly": 2.88,
            "eps_latest_yearly": 2.88,
            "eps_growth_yearly": -153.09
        },
        "20212": {
            "year_quarter": 20212,
            "year": 2021,
            "quarter": 2,
            "eps": -0.16,
            "eps_growth_year": -143.24,
            "eps_4q": -3.06,
            "eps_4q_growth_year": null,
            "roe": -0.72,
            "roe_4q": -12.95,
            "gross_profit": 100567,
            "gross_margin": 22.07,
            "gross_margin_4q_avg": 17.18,
            "net_income": -6916,
            "net_income_4q": null,
            "revenue": 455581,
            "revenue_4q": null,
            "common_shares": 436020,
            "book_valuer_per_share": 21.81,
            "book_valuer_per_share_4q_avg": 23.36,
            "equity": 950874,
            "current_ratio": 118.61,
            "debt_ratio": 64.37,
            "inventory_turnover_ratio": 0.86,
            "account_receivable_turnover_ratio": 0.76,
            "reinvestment_rate": null,
            "research_to_sale_ratio": 5.8,
            "price_fair": 8.64,
            "eps_avg_yearly": 2.88,
            "eps_latest_yearly": 2.88,
            "eps_growth_yearly": -153.09
        },
        "20213": {
            "year_quarter": 20213,
            "year": 2021,
            "quarter": 3,
            "eps": -0.59,
            "eps_growth_year": null,
            "eps_4q": -3.12,
            "eps_4q_growth_year": null,
            "roe": -2.75,
            "roe_4q": -13.5,
            "gross_profit": 53579,
            "gross_margin": 12.55,
            "gross_margin_4q_avg": 13.42,
            "net_income": -25793,
            "net_income_4q": null,
            "revenue": 426890,
            "revenue_4q": null,
            "common_shares": 436020,
            "book_valuer_per_share": 21.21,
            "book_valuer_per_share_4q_avg": 22.46,
            "equity": 924875,
            "current_ratio": 113.49,
            "debt_ratio": 67.4,
            "inventory_turnover_ratio": 0.92,
            "account_receivable_turnover_ratio": 0.61,
            "reinvestment_rate": null,
            "research_to_sale_ratio": 7.61,
            "price_fair": 8.64,
            "eps_avg_yearly": 2.88,
            "eps_latest_yearly": 2.88,
            "eps_growth_yearly": -153.09
        },
        "20214": {
            "year_quarter": 20214,
            "year": 2021,
            "quarter": 4,
            "eps": 0.06,
            "eps_growth_year": null,
            "eps_4q": -2.52,
            "eps_4q_growth_year": null,
            "roe": 0.29,
            "roe_4q": -11.01,
            "gross_profit": 123775,
            "gross_margin": 24.64,
            "gross_margin_4q_avg": 16.17,
            "net_income": 2731,
            "net_income_4q": null,
            "revenue": 502321,
            "revenue_4q": null,
            "common_shares": 436020,
            "book_valuer_per_share": 21.3,
            "book_valuer_per_share_4q_avg": 21.7,
            "equity": 928700,
            "current_ratio": 114.29,
            "debt_ratio": 66.18,
            "inventory_turnover_ratio": 0.92,
            "account_receivable_turnover_ratio": 0.74,
            "reinvestment_rate": null,
            "research_to_sale_ratio": 5.59,
            "price_fair": 8.64,
            "eps_avg_yearly": 2.88,
            "eps_latest_yearly": 2.88,
            "eps_growth_yearly": -153.09
        },
        "20221": {
            "year_quarter": 20221,
            "year": 2022,
            "quarter": 1,
            "eps": 0.63,
            "eps_growth_year": null,
            "eps_4q": -0.06,
            "eps_4q_growth_year": null,
            "roe": 2.87,
            "roe_4q": -0.30999999999999983,
            "gross_profit": 106467,
            "gross_margin": 26.2,
            "gross_margin_4q_avg": 21.37,
            "net_income": 27461,
            "net_income_4q": null,
            "revenue": 406365,
            "revenue_4q": null,
            "common_shares": 436020,
            "book_valuer_per_share": 22.08,
            "book_valuer_per_share_4q_avg": 21.6,
            "equity": 981844,
            "current_ratio": 128.68,
            "debt_ratio": 64.69,
            "inventory_turnover_ratio": 0.67,
            "account_receivable_turnover_ratio": 0.66,
            "reinvestment_rate": null,
            "research_to_sale_ratio": 8.63,
            "price_fair": 96.6,
            "eps_avg_yearly": 2.76,
            "eps_latest_yearly": 2.52,
            "eps_growth_yearly": 1164.6
        },
        "20222": {
            "year_quarter": 20222,
            "year": 2022,
            "quarter": 2,
            "eps": -0.49,
            "eps_growth_year": null,
            "eps_4q": -0.39,
            "eps_4q_growth_year": null,
            "roe": -2.21,
            "roe_4q": -1.7999999999999998,
            "gross_profit": 81344,
            "gross_margin": 19.46,
            "gross_margin_4q_avg": 20.71,
            "net_income": -21231,
            "net_income_4q": null,
            "revenue": 417975,
            "revenue_4q": null,
            "common_shares": 436020,
            "book_valuer_per_share": 21.02,
            "book_valuer_per_share_4q_avg": 21.4,
            "equity": 935484,
            "current_ratio": 124.55,
            "debt_ratio": 65.73,
            "inventory_turnover_ratio": 0.75,
            "account_receivable_turnover_ratio": 0.73,
            "reinvestment_rate": null,
            "research_to_sale_ratio": 6.69,
            "price_fair": 96.6,
            "eps_avg_yearly": 2.76,
            "eps_latest_yearly": 2.52,
            "eps_growth_yearly": 1164.6
        },
        "20223": {
            "year_quarter": 20223,
            "year": 2022,
            "quarter": 3,
            "eps": 0.05,
            "eps_growth_year": null,
            "eps_4q": 0.25,
            "eps_4q_growth_year": null,
            "roe": 0.28,
            "roe_4q": 1.2300000000000002,
            "gross_profit": 102262,
            "gross_margin": 26.16,
            "gross_margin_4q_avg": 24.12,
            "net_income": 2590,
            "net_income_4q": null,
            "revenue": 390909,
            "revenue_4q": null,
            "common_shares": 436020,
            "book_valuer_per_share": 21.08,
            "book_valuer_per_share_4q_avg": 21.37,
            "equity": 938505,
            "current_ratio": 126.85,
            "debt_ratio": 62.58,
            "inventory_turnover_ratio": 0.75,
            "account_receivable_turnover_ratio": 0.73,
            "reinvestment_rate": null,
            "research_to_sale_ratio": 7.37,
            "price_fair": 96.6,
            "eps_avg_yearly": 2.76,
            "eps_latest_yearly": 2.52,
            "eps_growth_yearly": 1164.6
        },
        "20224": {
            "year_quarter": 20224,
            "year": 2022,
            "quarter": 4,
            "eps": 0.94,
            "eps_growth_year": 1393.44,
            "eps_4q": 1.12,
            "eps_4q_growth_year": null,
            "roe": 4.26,
            "roe_4q": 5.2,
            "gross_profit": 115260,
            "gross_margin": 30.19,
            "gross_margin_4q_avg": 25.5,
            "net_income": 40748,
            "net_income_4q": null,
            "revenue": 381769,
            "revenue_4q": null,
            "common_shares": 436020,
            "book_valuer_per_share": 21.95,
            "book_valuer_per_share_4q_avg": 21.53,
            "equity": 976677,
            "current_ratio": 133.18,
            "debt_ratio": 60.86,
            "inventory_turnover_ratio": 0.83,
            "account_receivable_turnover_ratio": 0.66,
            "reinvestment_rate": null,
            "research_to_sale_ratio": 8.18,
            "price_fair": 106.87,
            "eps_avg_yearly": 3.05,
            "eps_latest_yearly": 3.76,
            "eps_growth_yearly": 3640
        },
        "20231": {
            "year_quarter": 20231,
            "year": 2023,
            "quarter": 1,
            "eps": -1.11,
            "eps_growth_year": -276.19,
            "eps_4q": -0.61,
            "eps_4q_growth_year": null,
            "roe": -5.08,
            "roe_4q": -2.75,
            "gross_profit": 42104,
            "gross_margin": 25,
            "gross_margin_4q_avg": 25.2,
            "net_income": -48368,
            "net_income_4q": null,
            "revenue": 168434,
            "revenue_4q": null,
            "common_shares": 436020,
            "book_valuer_per_share": 20.86,
            "book_valuer_per_share_4q_avg": 21.23,
            "equity": 929084,
            "current_ratio": 126.55,
            "debt_ratio": 61.99,
            "inventory_turnover_ratio": 0.4,
            "account_receivable_turnover_ratio": 0.31,
            "reinvestment_rate": null,
            "research_to_sale_ratio": 18.67,
            "price_fair": 109.9,
            "eps_avg_yearly": 3.14,
            "eps_latest_yearly": 3.76,
            "eps_growth_yearly": 5460
        },
        "20232": {
            "year_quarter": 20232,
            "year": 2023,
            "quarter": 2,
            "eps": -0.59,
            "eps_growth_year": null,
            "eps_4q": -0.71,
            "eps_4q_growth_year": null,
            "roe": -2.94,
            "roe_4q": -3.4799999999999995,
            "gross_profit": 79217,
            "gross_margin": 26.25,
            "gross_margin_4q_avg": 26.9,
            "net_income": -27145,
            "net_income_4q": null,
            "revenue": 301781,
            "revenue_4q": null,
            "common_shares": 436020,
            "book_valuer_per_share": 19.18,
            "book_valuer_per_share_4q_avg": 20.77,
            "equity": 914534,
            "current_ratio": 117.73,
            "debt_ratio": 62.95,
            "inventory_turnover_ratio": 0.66,
            "account_receivable_turnover_ratio": 0.64,
            "reinvestment_rate": null,
            "research_to_sale_ratio": 10.59,
            "price_fair": 109.9,
            "eps_avg_yearly": 3.14,
            "eps_latest_yearly": 3.76,
            "eps_growth_yearly": 5460
        },
        "20233": {
            "year_quarter": 20233,
            "year": 2023,
            "quarter": 3,
            "eps": -0.22,
            "eps_growth_year": -540,
            "eps_4q": -0.98,
            "eps_4q_growth_year": -491.76,
            "roe": -1.27,
            "roe_4q": -5.029999999999999,
            "gross_profit": 62237,
            "gross_margin": 25.92,
            "gross_margin_4q_avg": 26.84,
            "net_income": -11529,
            "net_income_4q": null,
            "revenue": 240077,
            "revenue_4q": null,
            "common_shares": 436020,
            "book_valuer_per_share": 19.04,
            "book_valuer_per_share_4q_avg": 20.26,
            "equity": 906452,
            "current_ratio": 116.81,
            "debt_ratio": 62.49,
            "inventory_turnover_ratio": 0.53,
            "account_receivable_turnover_ratio": 0.52,
            "reinvestment_rate": null,
            "research_to_sale_ratio": 13.73,
            "price_fair": 109.9,
            "eps_avg_yearly": 3.14,
            "eps_latest_yearly": 3.76,
            "eps_growth_yearly": 5460
        },
        "20234": {
            "year_quarter": 20234,
            "year": 2023,
            "quarter": 4,
            "eps": 0.33,
            "eps_growth_year": -64.97,
            "eps_4q": -1.59,
            "eps_4q_growth_year": -241.37,
            "roe": 1.59,
            "roe_4q": -7.7,
            "gross_profit": 88593,
            "gross_margin": 23.05,
            "gross_margin_4q_avg": 25.06,
            "net_income": 14571,
            "net_income_4q": null,
            "revenue": 384341,
            "revenue_4q": null,
            "common_shares": 436020,
            "book_valuer_per_share": 19.32,
            "book_valuer_per_share_4q_avg": 19.6,
            "equity": 929846,
            "current_ratio": 121.18,
            "debt_ratio": 62.57,
            "inventory_turnover_ratio": 0.82,
            "account_receivable_turnover_ratio": 0.8,
            "reinvestment_rate": null,
            "research_to_sale_ratio": 9.42,
            "price_fair": 109.9,
            "eps_avg_yearly": 3.14,
            "eps_latest_yearly": 3.76,
            "eps_growth_yearly": 5460
        }
    },
    "months": {
        "2013-08": {
            "month": "2013-08",
            "price": "50.92",
            "revenue": 142175
        },
        "2013-09": {
            "month": "2013-09",
            "price": "48.98",
            "revenue": 164557
        },
        "2013-10": {
            "month": "2013-10",
            "price": "51.40",
            "revenue": 166924
        },
        "2013-11": {
            "month": "2013-11",
            "price": "52.88",
            "revenue": 137871
        },
        "2013-12": {
            "month": "2013-12",
            "price": "52.73",
            "revenue": 179915
        },
        "2014-01": {
            "month": "2014-01",
            "price": "60.34",
            "revenue": 151028
        },
        "2014-02": {
            "month": "2014-02",
            "price": "66.70",
            "revenue": 124766
        },
        "2014-03": {
            "month": "2014-03",
            "price": "66.80",
            "revenue": 144591
        },
        "2014-04": {
            "month": "2014-04",
            "price": "76.24",
            "revenue": 127428
        },
        "2014-05": {
            "month": "2014-05",
            "price": "82.41",
            "revenue": 143438
        },
        "2014-06": {
            "month": "2014-06",
            "price": "85.83",
            "revenue": 147656
        },
        "2014-07": {
            "month": "2014-07",
            "price": "82.31",
            "revenue": 140949
        },
        "2014-08": {
            "month": "2014-08",
            "price": "62.91",
            "revenue": 170742
        },
        "2014-09": {
            "month": "2014-09",
            "price": "57.31",
            "revenue": 217206
        },
        "2014-10": {
            "month": "2014-10",
            "price": "51.42",
            "revenue": 168021
        },
        "2014-11": {
            "month": "2014-11",
            "price": "52.70",
            "revenue": 163787
        },
        "2014-12": {
            "month": "2014-12",
            "price": "53.10",
            "revenue": 197612
        },
        "2015-01": {
            "month": "2015-01",
            "price": "58.53",
            "revenue": 136994
        },
        "2015-02": {
            "month": "2015-02",
            "price": "61.98",
            "revenue": 101058
        },
        "2015-03": {
            "month": "2015-03",
            "price": "60.38",
            "revenue": 147421
        },
        "2015-04": {
            "month": "2015-04",
            "price": "59.31",
            "revenue": 157432
        },
        "2015-05": {
            "month": "2015-05",
            "price": "61.12",
            "revenue": 169805
        },
        "2015-06": {
            "month": "2015-06",
            "price": "61.14",
            "revenue": 184275
        },
        "2015-07": {
            "month": "2015-07",
            "price": "59.08",
            "revenue": 162604
        },
        "2015-08": {
            "month": "2015-08",
            "price": "46.63",
            "revenue": 150167
        },
        "2015-09": {
            "month": "2015-09",
            "price": "40.09",
            "revenue": 159168
        },
        "2015-10": {
            "month": "2015-10",
            "price": "39.16",
            "revenue": 130748
        },
        "2015-11": {
            "month": "2015-11",
            "price": "39.59",
            "revenue": 128232
        },
        "2015-12": {
            "month": "2015-12",
            "price": "39.13",
            "revenue": 188930
        },
        "2016-01": {
            "month": "2016-01",
            "price": "38.49",
            "revenue": 122040
        },
        "2016-02": {
            "month": "2016-02",
            "price": "35.38",
            "revenue": 105750
        },
        "2016-03": {
            "month": "2016-03",
            "price": "38.35",
            "revenue": 162501
        },
        "2016-04": {
            "month": "2016-04",
            "price": "40.14",
            "revenue": 107066
        },
        "2016-05": {
            "month": "2016-05",
            "price": "38.25",
            "revenue": 124466
        },
        "2016-06": {
            "month": "2016-06",
            "price": "37.50",
            "revenue": 128130
        },
        "2016-07": {
            "month": "2016-07",
            "price": "31.83",
            "revenue": 143725
        },
        "2016-08": {
            "month": "2016-08",
            "price": "30.30",
            "revenue": 92373
        },
        "2016-09": {
            "month": "2016-09",
            "price": "27.04",
            "revenue": 84248
        },
        "2016-10": {
            "month": "2016-10",
            "price": "26.16",
            "revenue": 58001
        },
        "2016-11": {
            "month": "2016-11",
            "price": "23.94",
            "revenue": 59205
        },
        "2016-12": {
            "month": "2016-12",
            "price": "24.58",
            "revenue": 105303
        },
        "2017-01": {
            "month": "2017-01",
            "price": "23.67",
            "revenue": 85332
        },
        "2017-02": {
            "month": "2017-02",
            "price": "24.61",
            "revenue": 74274
        },
        "2017-03": {
            "month": "2017-03",
            "price": "24.44",
            "revenue": 88511
        },
        "2017-04": {
            "month": "2017-04",
            "price": "29.13",
            "revenue": 142261
        },
        "2017-05": {
            "month": "2017-05",
            "price": "28.99",
            "revenue": 77172
        },
        "2017-06": {
            "month": "2017-06",
            "price": "30.17",
            "revenue": 124805
        },
        "2017-07": {
            "month": "2017-07",
            "price": "30.73",
            "revenue": 77406
        },
        "2017-08": {
            "month": "2017-08",
            "price": "30.50",
            "revenue": 170757
        },
        "2017-09": {
            "month": "2017-09",
            "price": "29.49",
            "revenue": 214458
        },
        "2017-10": {
            "month": "2017-10",
            "price": "29.91",
            "revenue": 249792
        },
        "2017-11": {
            "month": "2017-11",
            "price": "34.35",
            "revenue": 241035
        },
        "2017-12": {
            "month": "2017-12",
            "price": "40.01",
            "revenue": 217794
        },
        "2018-01": {
            "month": "2018-01",
            "price": "48.60",
            "revenue": 158142
        },
        "2018-02": {
            "month": "2018-02",
            "price": "45.56",
            "revenue": 145019
        },
        "2018-03": {
            "month": "2018-03",
            "price": "45.95",
            "revenue": 98179
        },
        "2018-04": {
            "month": "2018-04",
            "price": "41.84",
            "revenue": 96767
        },
        "2018-05": {
            "month": "2018-05",
            "price": "43.81",
            "revenue": 87622
        },
        "2018-06": {
            "month": "2018-06",
            "price": "46.32",
            "revenue": 202293
        },
        "2018-07": {
            "month": "2018-07",
            "price": "47.21",
            "revenue": 172874
        },
        "2018-08": {
            "month": "2018-08",
            "price": "43.74",
            "revenue": 192647
        },
        "2018-09": {
            "month": "2018-09",
            "price": "42.01",
            "revenue": 264432
        },
        "2018-10": {
            "month": "2018-10",
            "price": "39.58",
            "revenue": 163895
        },
        "2018-11": {
            "month": "2018-11",
            "price": "41.34",
            "revenue": 154692
        },
        "2018-12": {
            "month": "2018-12",
            "price": "41.71",
            "revenue": 216683
        },
        "2019-01": {
            "month": "2019-01",
            "price": "43.49",
            "revenue": 122150
        },
        "2019-02": {
            "month": "2019-02",
            "price": "39.78",
            "revenue": 234762
        },
        "2019-03": {
            "month": "2019-03",
            "price": "45.52",
            "revenue": 204886
        },
        "2019-04": {
            "month": "2019-04",
            "price": "48.16",
            "revenue": 121608
        },
        "2019-05": {
            "month": "2019-05",
            "price": "45.70",
            "revenue": 125865
        },
        "2019-06": {
            "month": "2019-06",
            "price": "39.67",
            "revenue": 140285
        },
        "2019-07": {
            "month": "2019-07",
            "price": "39.32",
            "revenue": 73038
        },
        "2019-08": {
            "month": "2019-08",
            "price": "33.82",
            "revenue": 138944
        },
        "2019-09": {
            "month": "2019-09",
            "price": "30.32",
            "revenue": 30363
        },
        "2019-10": {
            "month": "2019-10",
            "price": "27.79",
            "revenue": 36900
        },
        "2019-11": {
            "month": "2019-11",
            "price": "25.97",
            "revenue": 127104
        },
        "2019-12": {
            "month": "2019-12",
            "price": "26.39",
            "revenue": 78797
        },
        "2020-01": {
            "month": "2020-01",
            "price": "26.52",
            "revenue": 92556
        },
        "2020-02": {
            "month": "2020-02",
            "price": "25.15",
            "revenue": 84660
        },
        "2020-03": {
            "month": "2020-03",
            "price": "20.90",
            "revenue": 90641
        },
        "2020-04": {
            "month": "2020-04",
            "price": "23.72",
            "revenue": 105617
        },
        "2020-05": {
            "month": "2020-05",
            "price": "25.86",
            "revenue": 100755
        },
        "2020-06": {
            "month": "2020-06",
            "price": "24.78",
            "revenue": 116789
        },
        "2020-07": {
            "month": "2020-07",
            "price": "25.10",
            "revenue": 49866
        },
        "2020-08": {
            "month": "2020-08",
            "price": "31.30",
            "revenue": 128244
        },
        "2020-09": {
            "month": "2020-09",
            "price": "46.88",
            "revenue": 203481
        },
        "2020-10": {
            "month": "2020-10",
            "price": "48.81",
            "revenue": 119486
        },
        "2020-11": {
            "month": "2020-11",
            "price": "38.42",
            "revenue": 150559
        },
        "2020-12": {
            "month": "2020-12",
            "price": "30.88",
            "revenue": 111398
        },
        "2021-01": {
            "month": "2021-01",
            "price": "28.66",
            "revenue": 221754
        },
        "2021-02": {
            "month": "2021-02",
            "price": "29.68",
            "revenue": 112081
        },
        "2021-03": {
            "month": "2021-03",
            "price": "32.82",
            "revenue": 81632
        },
        "2021-04": {
            "month": "2021-04",
            "price": "30.58",
            "revenue": 127028
        },
        "2021-05": {
            "month": "2021-05",
            "price": "26.65",
            "revenue": 185580
        },
        "2021-06": {
            "month": "2021-06",
            "price": "25.35",
            "revenue": 142974
        },
        "2021-07": {
            "month": "2021-07",
            "price": "23.85",
            "revenue": 84924
        },
        "2021-08": {
            "month": "2021-08",
            "price": "22.71",
            "revenue": 174661
        },
        "2021-09": {
            "month": "2021-09",
            "price": "23.88",
            "revenue": 167305
        },
        "2021-10": {
            "month": "2021-10",
            "price": "28.32",
            "revenue": 177492
        },
        "2021-11": {
            "month": "2021-11",
            "price": "26.65",
            "revenue": 194682
        },
        "2021-12": {
            "month": "2021-12",
            "price": "26.26",
            "revenue": 130146
        },
        "2022-01": {
            "month": "2022-01",
            "price": "28.44",
            "revenue": 70911
        },
        "2022-02": {
            "month": "2022-02",
            "price": "27.28",
            "revenue": 86393
        },
        "2022-03": {
            "month": "2022-03",
            "price": "25.03",
            "revenue": 249061
        },
        "2022-04": {
            "month": "2022-04",
            "price": "23.05",
            "revenue": 111588
        },
        "2022-05": {
            "month": "2022-05",
            "price": "22.89",
            "revenue": 142357
        },
        "2022-06": {
            "month": "2022-06",
            "price": "22.26",
            "revenue": 164031
        },
        "2022-07": {
            "month": "2022-07",
            "price": "22.02",
            "revenue": 79557
        },
        "2022-08": {
            "month": "2022-08",
            "price": "21.88",
            "revenue": 141660
        },
        "2022-09": {
            "month": "2022-09",
            "price": "21.30",
            "revenue": 169691
        },
        "2022-10": {
            "month": "2022-10",
            "price": "19.58",
            "revenue": 137033
        },
        "2022-11": {
            "month": "2022-11",
            "price": "19.83",
            "revenue": 78600
        },
        "2022-12": {
            "month": "2022-12",
            "price": "19.98",
            "revenue": 166136
        },
        "2023-01": {
            "month": "2023-01",
            "price": "21.69",
            "revenue": 25170
        },
        "2023-02": {
            "month": "2023-02",
            "price": "20.40",
            "revenue": 35534
        },
        "2023-03": {
            "month": "2023-03",
            "price": "20.55",
            "revenue": 107731
        },
        "2023-04": {
            "month": "2023-04",
            "price": "20.71",
            "revenue": 29486
        },
        "2023-05": {
            "month": "2023-05",
            "price": "21.00",
            "revenue": 158646
        },
        "2023-06": {
            "month": "2023-06",
            "price": "21.08",
            "revenue": 113649
        },
        "2023-07": {
            "month": "2023-07",
            "price": "21.24",
            "revenue": 68373
        },
        "2023-08": {
            "month": "2023-08",
            "price": "20.93",
            "revenue": 75374
        },
        "2023-09": {
            "month": "2023-09",
            "price": "20.74",
            "revenue": 96329
        },
        "2023-10": {
            "month": "2023-10",
            "price": "20.40",
            "revenue": 83800
        },
        "2023-11": {
            "month": "2023-11",
            "price": "20.45",
            "revenue": 57658
        },
        "2023-12": {
            "month": "2023-12",
            "price": "21.99",
            "revenue": 242883
        },
        "2024-01": {
            "month": "2024-01",
            "price": "30.48",
            "revenue": 78320
        },
        "2024-02": {
            "month": "2024-02",
            "price": "58.31",
            "revenue": 101651
        }
    }
}
