{
    "summary": {
        "stock_name": "統新",
        "stock_id": "6426",
        "category": "通信網路",
        "main_business": "薄膜濾光片及光學鍍膜",
        "website_url": "http://www.nextapogee.com.tw",
        "ceo": "藍宏利",
        "pe_ratio": 69,
        "report_year_from": 2011,
        "report_year_to": 2023,
        "age": 12,
        "eps_negative_percentage": 10,
        "eps_growth_avg": {
            "last_all": 7.07,
            "last_2y": 12.7,
            "last_4y": 10.46,
            "last_8y": null,
            "last_12y": null,
            "last_16y": null,
            "last_20y": null,
            "at_2006_last_3y": null,
            "at_2007_last_3y": null,
            "at_2008_last_3y": null,
            "at_2009_last_3y": null,
            "at_2010_last_3y": null,
            "at_2011_last_3y": null,
            "at_2012_last_3y": null,
            "at_2013_last_3y": null,
            "at_2014_last_3y": null,
            "at_2015_last_3y": null,
            "at_2016_last_3y": null,
            "at_2017_last_3y": null,
            "at_2018_last_3y": -20.38,
            "at_2019_last_3y": 14.51,
            "at_2020_last_3y": 8.11,
            "at_2021_last_3y": -11.92,
            "at_2022_last_3y": 34.52,
            "at_2023_last_3y": 34.52,
            "at_2006_last_all": null,
            "at_2007_last_all": null,
            "at_2008_last_all": null,
            "at_2009_last_all": null,
            "at_2010_last_all": null,
            "at_2011_last_all": null,
            "at_2012_last_all": null,
            "at_2013_last_all": null,
            "at_2014_last_all": null,
            "at_2015_last_all": null,
            "at_2016_last_all": 7.89,
            "at_2017_last_all": 1.42,
            "at_2018_last_all": -20.38,
            "at_2019_last_all": 3.7,
            "at_2020_last_all": 8.03,
            "at_2021_last_all": -6.2,
            "at_2022_last_all": 7.07,
            "at_2023_last_all": 7.07
        },
        "latest_eps": 0.87,
        "latest_price": 60,
        "latest_roe": 2.6,
        "latest_gross_margin": 8.93,
        "latest_equity": 1266630,
        "latest_revenue": 71065,
        "latest_gross_profit": 6348,
        "latest_net_income": -31826,
        "latest_debt_ratio": 8.19,
        "latest_current_ratio": 1136.15,
        "latest_account_receivable_turnover_ratio": 0.69,
        "latest_inventory_turnover_ratio": 0.5,
        "latest_reinvestment_rate": 57.9,
        "latest_research_to_sale_ratio": 29.46
    },
    "eps_dividends": {
        "2001": {
            "cash": 0,
            "stock": 0,
            "eps": 0
        },
        "2002": {
            "cash": 0,
            "stock": 0,
            "eps": 0
        },
        "2003": {
            "cash": 0,
            "stock": 0,
            "eps": 0
        },
        "2004": {
            "cash": 0,
            "stock": 0,
            "eps": 0
        },
        "2005": {
            "cash": 0,
            "stock": 0,
            "eps": 0
        },
        "2006": {
            "cash": 0,
            "stock": 0,
            "eps": 0
        },
        "2007": {
            "cash": 0,
            "stock": 0,
            "eps": 0
        },
        "2008": {
            "cash": 0,
            "stock": 0,
            "eps": 0
        },
        "2009": {
            "cash": 0,
            "stock": 0,
            "eps": 0
        },
        "2010": {
            "cash": 0,
            "stock": 0,
            "eps": 0
        },
        "2011": {
            "cash": 0,
            "stock": 0,
            "eps": 0
        },
        "2012": {
            "cash": 0,
            "stock": 6.67,
            "eps": 0
        },
        "2013": {
            "cash": 0.51,
            "stock": 4.57,
            "eps": 0
        },
        "2014": {
            "cash": 1,
            "stock": 0,
            "eps": 2.96
        },
        "2015": {
            "cash": 1.5,
            "stock": 0,
            "eps": 1.79
        },
        "2016": {
            "cash": 1.5,
            "stock": 0,
            "eps": 2.78
        },
        "2017": {
            "cash": 1.5,
            "stock": 0,
            "eps": 2.46
        },
        "2018": {
            "cash": 1.5,
            "stock": 0,
            "eps": 0.35
        },
        "2019": {
            "cash": 1.5,
            "stock": 0,
            "eps": 2.76
        },
        "2020": {
            "cash": 2,
            "stock": 0,
            "eps": 3.58
        },
        "2021": {
            "cash": 2.5,
            "stock": 0,
            "eps": 0.3
        },
        "2022": {
            "cash": 2,
            "stock": 0,
            "eps": 2.33
        },
        "2023": {
            "cash": 2,
            "stock": 0,
            "eps": -0.83
        }
    },
    "dividends": {
        "2012-06-20": {
            "cash": 0,
            "stock": 6.67
        },
        "2013-06-17": {
            "cash": 0.51,
            "stock": 4.57
        },
        "2014-10-15": {
            "cash": 1,
            "stock": 0
        },
        "2015-10-08": {
            "cash": 1.5,
            "stock": 0
        },
        "2016-09-28": {
            "cash": 1.5,
            "stock": 0
        },
        "2017-08-09": {
            "cash": 1.5,
            "stock": 0
        },
        "2018-09-28": {
            "cash": 1.5,
            "stock": 0
        },
        "2019-09-27": {
            "cash": 1.5,
            "stock": 0
        },
        "2020-09-30": {
            "cash": 2,
            "stock": 0
        },
        "2021-10-14": {
            "cash": 2.5,
            "stock": 0
        },
        "2022-08-26": {
            "cash": 2,
            "stock": 0
        },
        "2023-07-26": {
            "cash": 2,
            "stock": 0
        }
    },
    "prices": {
        "200101": "無",
        "200102": "無",
        "200103": "無",
        "200104": "無",
        "200105": "無",
        "200106": "無",
        "200107": "無",
        "200108": "無",
        "200109": "無",
        "200110": "無",
        "200111": "無",
        "200112": "無",
        "200201": "無",
        "200202": "無",
        "200203": "無",
        "200204": "無",
        "200205": "無",
        "200206": "無",
        "200207": "無",
        "200208": "無",
        "200209": "無",
        "200210": "無",
        "200211": "無",
        "200212": "無",
        "200301": "無",
        "200302": "無",
        "200303": "無",
        "200304": "無",
        "200305": "無",
        "200306": "無",
        "200307": "無",
        "200308": "無",
        "200309": "無",
        "200310": "無",
        "200311": "無",
        "200312": "無",
        "200401": "無",
        "200402": "無",
        "200403": "無",
        "200404": "無",
        "200405": "無",
        "200406": "無",
        "200407": "無",
        "200408": "無",
        "200409": "無",
        "200410": "無",
        "200411": "無",
        "200412": "無",
        "200501": "無",
        "200502": "無",
        "200503": "無",
        "200504": "無",
        "200505": "無",
        "200506": "無",
        "200507": "無",
        "200508": "無",
        "200509": "無",
        "200510": "無",
        "200511": "無",
        "200512": "無",
        "200601": "無",
        "200602": "無",
        "200603": "無",
        "200604": "無",
        "200605": "無",
        "200606": "無",
        "200607": "無",
        "200608": "無",
        "200609": "無",
        "200610": "無",
        "200611": "無",
        "200612": "無",
        "200701": "無",
        "200702": "無",
        "200703": "無",
        "200704": "無",
        "200705": "無",
        "200706": "無",
        "200707": "無",
        "200708": "無",
        "200709": "無",
        "200710": "無",
        "200711": "無",
        "200712": "無",
        "200801": "無",
        "200802": "無",
        "200803": "無",
        "200804": "無",
        "200805": "無",
        "200806": "無",
        "200807": "無",
        "200808": "無",
        "200809": "無",
        "200810": "無",
        "200811": "無",
        "200812": "無",
        "200901": "無",
        "200902": "無",
        "200903": "無",
        "200904": "無",
        "200905": "無",
        "200906": "無",
        "200907": "無",
        "200908": "無",
        "200909": "無",
        "200910": "無",
        "200911": "無",
        "200912": "無",
        "201001": "無",
        "201002": "無",
        "201003": "無",
        "201004": "無",
        "201005": "無",
        "201006": "無",
        "201007": "無",
        "201008": "無",
        "201009": "無",
        "201010": "無",
        "201011": "無",
        "201012": "無",
        "201101": "無",
        "201102": "無",
        "201103": "無",
        "201104": "無",
        "201105": "無",
        "201106": "無",
        "201107": "無",
        "201108": "無",
        "201109": "無",
        "201110": "無",
        "201111": "無",
        "201112": "無",
        "201201": "無",
        "201202": "無",
        "201203": "無",
        "201204": "無",
        "201205": "無",
        "201206": "無",
        "201207": "無",
        "201208": "無",
        "201209": "無",
        "201210": "無",
        "201211": "無",
        "201212": "無",
        "201301": "無",
        "201302": "無",
        "201303": "無",
        "201304": "無",
        "201305": "無",
        "201306": "無",
        "201307": "無",
        "201308": "無",
        "201309": "無",
        "201310": "42.33",
        "201311": "40.66",
        "201312": "42.65",
        "201401": "44.31",
        "201402": "54.69",
        "201403": "68.54",
        "201404": "68.90",
        "201405": "71.96",
        "201406": "78.88",
        "201407": "70.01",
        "201408": "59.30",
        "201409": "59.30",
        "201410": "47.49",
        "201411": "43.80",
        "201412": "50.16",
        "201501": "47.06",
        "201502": "42.93",
        "201503": "44.71",
        "201504": "42.32",
        "201505": "35.92",
        "201506": "36.26",
        "201507": "38.22",
        "201508": "31.24",
        "201509": "30.32",
        "201510": "31.51",
        "201511": "34.54",
        "201512": "36.25",
        "201601": "35.39",
        "201602": "35.61",
        "201603": "36.82",
        "201604": "34.91",
        "201605": "33.35",
        "201606": "33.27",
        "201607": "33.84",
        "201608": "35.76",
        "201609": "35.74",
        "201610": "35.93",
        "201611": "35.23",
        "201612": "44.32",
        "201701": "67.71",
        "201702": "81.13",
        "201703": "131.00",
        "201704": "171.50",
        "201705": "207.60",
        "201706": "186.50",
        "201707": "150.00",
        "201708": "128.15",
        "201709": "105.25",
        "201710": "103.14",
        "201711": "86.06",
        "201712": "80.41",
        "201801": "84.10",
        "201802": "63.75",
        "201803": "69.32",
        "201804": "63.04",
        "201805": "53.07",
        "201806": "56.42",
        "201807": "50.86",
        "201808": "49.55",
        "201809": "48.85",
        "201810": "40.90",
        "201811": "41.68",
        "201812": "65.89",
        "201901": "81.82",
        "201902": "85.59",
        "201903": "79.36",
        "201904": "83.76",
        "201905": "70.28",
        "201906": "75.11",
        "201907": "101.37",
        "201908": "122.07",
        "201909": "125.45",
        "201910": "134.48",
        "201911": "142.14",
        "201912": "166.32",
        "202001": "162.60",
        "202002": "136.95",
        "202003": "99.58",
        "202004": "115.44",
        "202005": "141.05",
        "202006": "137.72",
        "202007": "146.61",
        "202008": "139.17",
        "202009": "117.45",
        "202010": "101.92",
        "202011": "114.50",
        "202012": "119.09",
        "202101": "104.94",
        "202102": "101.16",
        "202103": "100.40",
        "202104": "103.83",
        "202105": "80.97",
        "202106": "81.18",
        "202107": "74.67",
        "202108": "64.62",
        "202109": "61.41",
        "202110": "59.58",
        "202111": "74.83",
        "202112": "73.35",
        "202201": "72.74",
        "202202": "71.67",
        "202203": "69.06",
        "202204": "71.75",
        "202205": "65.03",
        "202206": "64.25",
        "202207": "58.52",
        "202208": "77.00",
        "202209": "78.20",
        "202210": "63.74",
        "202211": "62.16",
        "202212": "66.49",
        "202301": "61.78",
        "202302": "63.61",
        "202303": "65.93",
        "202304": "63.58",
        "202305": "60.25",
        "202306": "60.49"
    },
    "quarters": {
        "20011": {
            "year_quarter": 20011,
            "year": 2001,
            "quarter": 1,
            "eps": null,
            "eps_growth_year": null,
            "eps_4q": null,
            "eps_4q_growth_year": null,
            "roe": null,
            "roe_4q": 0,
            "gross_profit": null,
            "gross_margin": null,
            "gross_margin_4q_avg": 0,
            "net_income": null,
            "revenue": null,
            "common_shares": null,
            "book_valuer_per_share": null,
            "book_valuer_per_share_4q_avg": 0,
            "equity": null,
            "current_ratio": null,
            "debt_ratio": null,
            "inventory_turnover_ratio": null,
            "account_receivable_turnover_ratio": null,
            "reinvestment_rate": null,
            "research_to_sale_ratio": null,
            "price_fair": 0,
            "eps_avg_yearly": 0,
            "eps_latest_yearly": 0,
            "eps_growth_yearly": 0
        },
        "20012": {
            "year_quarter": 20012,
            "year": 2001,
            "quarter": 2,
            "eps": null,
            "eps_growth_year": null,
            "eps_4q": null,
            "eps_4q_growth_year": null,
            "roe": null,
            "roe_4q": 0,
            "gross_profit": null,
            "gross_margin": null,
            "gross_margin_4q_avg": 0,
            "net_income": null,
            "revenue": null,
            "common_shares": null,
            "book_valuer_per_share": null,
            "book_valuer_per_share_4q_avg": 0,
            "equity": null,
            "current_ratio": null,
            "debt_ratio": null,
            "inventory_turnover_ratio": null,
            "account_receivable_turnover_ratio": null,
            "reinvestment_rate": null,
            "research_to_sale_ratio": null,
            "price_fair": 0,
            "eps_avg_yearly": 0,
            "eps_latest_yearly": 0,
            "eps_growth_yearly": 0
        },
        "20013": {
            "year_quarter": 20013,
            "year": 2001,
            "quarter": 3,
            "eps": null,
            "eps_growth_year": null,
            "eps_4q": null,
            "eps_4q_growth_year": null,
            "roe": null,
            "roe_4q": 0,
            "gross_profit": null,
            "gross_margin": null,
            "gross_margin_4q_avg": 0,
            "net_income": null,
            "revenue": null,
            "common_shares": null,
            "book_valuer_per_share": null,
            "book_valuer_per_share_4q_avg": 0,
            "equity": null,
            "current_ratio": null,
            "debt_ratio": null,
            "inventory_turnover_ratio": null,
            "account_receivable_turnover_ratio": null,
            "reinvestment_rate": null,
            "research_to_sale_ratio": null,
            "price_fair": 0,
            "eps_avg_yearly": 0,
            "eps_latest_yearly": 0,
            "eps_growth_yearly": 0
        },
        "20014": {
            "year_quarter": 20014,
            "year": 2001,
            "quarter": 4,
            "eps": null,
            "eps_growth_year": null,
            "eps_4q": null,
            "eps_4q_growth_year": null,
            "roe": null,
            "roe_4q": 0,
            "gross_profit": null,
            "gross_margin": null,
            "gross_margin_4q_avg": 0,
            "net_income": null,
            "revenue": null,
            "common_shares": null,
            "book_valuer_per_share": null,
            "book_valuer_per_share_4q_avg": 0,
            "equity": null,
            "current_ratio": null,
            "debt_ratio": null,
            "inventory_turnover_ratio": null,
            "account_receivable_turnover_ratio": null,
            "reinvestment_rate": null,
            "research_to_sale_ratio": null,
            "price_fair": 0,
            "eps_avg_yearly": 0,
            "eps_latest_yearly": 0,
            "eps_growth_yearly": 0
        },
        "20021": {
            "year_quarter": 20021,
            "year": 2002,
            "quarter": 1,
            "eps": null,
            "eps_growth_year": null,
            "eps_4q": null,
            "eps_4q_growth_year": null,
            "roe": null,
            "roe_4q": 0,
            "gross_profit": null,
            "gross_margin": null,
            "gross_margin_4q_avg": 0,
            "net_income": null,
            "revenue": null,
            "common_shares": null,
            "book_valuer_per_share": null,
            "book_valuer_per_share_4q_avg": 0,
            "equity": null,
            "current_ratio": null,
            "debt_ratio": null,
            "inventory_turnover_ratio": null,
            "account_receivable_turnover_ratio": null,
            "reinvestment_rate": null,
            "research_to_sale_ratio": null,
            "price_fair": 0,
            "eps_avg_yearly": 0,
            "eps_latest_yearly": 0,
            "eps_growth_yearly": 0
        },
        "20022": {
            "year_quarter": 20022,
            "year": 2002,
            "quarter": 2,
            "eps": null,
            "eps_growth_year": null,
            "eps_4q": null,
            "eps_4q_growth_year": null,
            "roe": null,
            "roe_4q": 0,
            "gross_profit": null,
            "gross_margin": null,
            "gross_margin_4q_avg": 0,
            "net_income": null,
            "revenue": null,
            "common_shares": null,
            "book_valuer_per_share": null,
            "book_valuer_per_share_4q_avg": 0,
            "equity": null,
            "current_ratio": null,
            "debt_ratio": null,
            "inventory_turnover_ratio": null,
            "account_receivable_turnover_ratio": null,
            "reinvestment_rate": null,
            "research_to_sale_ratio": null,
            "price_fair": 0,
            "eps_avg_yearly": 0,
            "eps_latest_yearly": 0,
            "eps_growth_yearly": 0
        },
        "20023": {
            "year_quarter": 20023,
            "year": 2002,
            "quarter": 3,
            "eps": null,
            "eps_growth_year": null,
            "eps_4q": null,
            "eps_4q_growth_year": null,
            "roe": null,
            "roe_4q": 0,
            "gross_profit": null,
            "gross_margin": null,
            "gross_margin_4q_avg": 0,
            "net_income": null,
            "revenue": null,
            "common_shares": null,
            "book_valuer_per_share": null,
            "book_valuer_per_share_4q_avg": 0,
            "equity": null,
            "current_ratio": null,
            "debt_ratio": null,
            "inventory_turnover_ratio": null,
            "account_receivable_turnover_ratio": null,
            "reinvestment_rate": null,
            "research_to_sale_ratio": null,
            "price_fair": 0,
            "eps_avg_yearly": 0,
            "eps_latest_yearly": 0,
            "eps_growth_yearly": 0
        },
        "20024": {
            "year_quarter": 20024,
            "year": 2002,
            "quarter": 4,
            "eps": null,
            "eps_growth_year": null,
            "eps_4q": null,
            "eps_4q_growth_year": null,
            "roe": null,
            "roe_4q": 0,
            "gross_profit": null,
            "gross_margin": null,
            "gross_margin_4q_avg": 0,
            "net_income": null,
            "revenue": null,
            "common_shares": null,
            "book_valuer_per_share": null,
            "book_valuer_per_share_4q_avg": 0,
            "equity": null,
            "current_ratio": null,
            "debt_ratio": null,
            "inventory_turnover_ratio": null,
            "account_receivable_turnover_ratio": null,
            "reinvestment_rate": null,
            "research_to_sale_ratio": null,
            "price_fair": 0,
            "eps_avg_yearly": 0,
            "eps_latest_yearly": 0,
            "eps_growth_yearly": 0
        },
        "20031": {
            "year_quarter": 20031,
            "year": 2003,
            "quarter": 1,
            "eps": null,
            "eps_growth_year": null,
            "eps_4q": null,
            "eps_4q_growth_year": null,
            "roe": null,
            "roe_4q": 0,
            "gross_profit": null,
            "gross_margin": null,
            "gross_margin_4q_avg": 0,
            "net_income": null,
            "revenue": null,
            "common_shares": null,
            "book_valuer_per_share": null,
            "book_valuer_per_share_4q_avg": 0,
            "equity": null,
            "current_ratio": null,
            "debt_ratio": null,
            "inventory_turnover_ratio": null,
            "account_receivable_turnover_ratio": null,
            "reinvestment_rate": null,
            "research_to_sale_ratio": null,
            "price_fair": 0,
            "eps_avg_yearly": 0,
            "eps_latest_yearly": 0,
            "eps_growth_yearly": 0
        },
        "20032": {
            "year_quarter": 20032,
            "year": 2003,
            "quarter": 2,
            "eps": null,
            "eps_growth_year": null,
            "eps_4q": null,
            "eps_4q_growth_year": null,
            "roe": null,
            "roe_4q": 0,
            "gross_profit": null,
            "gross_margin": null,
            "gross_margin_4q_avg": 0,
            "net_income": null,
            "revenue": null,
            "common_shares": null,
            "book_valuer_per_share": null,
            "book_valuer_per_share_4q_avg": 0,
            "equity": null,
            "current_ratio": null,
            "debt_ratio": null,
            "inventory_turnover_ratio": null,
            "account_receivable_turnover_ratio": null,
            "reinvestment_rate": null,
            "research_to_sale_ratio": null,
            "price_fair": 0,
            "eps_avg_yearly": 0,
            "eps_latest_yearly": 0,
            "eps_growth_yearly": 0
        },
        "20033": {
            "year_quarter": 20033,
            "year": 2003,
            "quarter": 3,
            "eps": null,
            "eps_growth_year": null,
            "eps_4q": null,
            "eps_4q_growth_year": null,
            "roe": null,
            "roe_4q": 0,
            "gross_profit": null,
            "gross_margin": null,
            "gross_margin_4q_avg": 0,
            "net_income": null,
            "revenue": null,
            "common_shares": null,
            "book_valuer_per_share": null,
            "book_valuer_per_share_4q_avg": 0,
            "equity": null,
            "current_ratio": null,
            "debt_ratio": null,
            "inventory_turnover_ratio": null,
            "account_receivable_turnover_ratio": null,
            "reinvestment_rate": null,
            "research_to_sale_ratio": null,
            "price_fair": 0,
            "eps_avg_yearly": 0,
            "eps_latest_yearly": 0,
            "eps_growth_yearly": 0
        },
        "20034": {
            "year_quarter": 20034,
            "year": 2003,
            "quarter": 4,
            "eps": null,
            "eps_growth_year": null,
            "eps_4q": null,
            "eps_4q_growth_year": null,
            "roe": null,
            "roe_4q": 0,
            "gross_profit": null,
            "gross_margin": null,
            "gross_margin_4q_avg": 0,
            "net_income": null,
            "revenue": null,
            "common_shares": null,
            "book_valuer_per_share": null,
            "book_valuer_per_share_4q_avg": 0,
            "equity": null,
            "current_ratio": null,
            "debt_ratio": null,
            "inventory_turnover_ratio": null,
            "account_receivable_turnover_ratio": null,
            "reinvestment_rate": null,
            "research_to_sale_ratio": null,
            "price_fair": 0,
            "eps_avg_yearly": 0,
            "eps_latest_yearly": 0,
            "eps_growth_yearly": 0
        },
        "20041": {
            "year_quarter": 20041,
            "year": 2004,
            "quarter": 1,
            "eps": null,
            "eps_growth_year": null,
            "eps_4q": null,
            "eps_4q_growth_year": null,
            "roe": null,
            "roe_4q": 0,
            "gross_profit": null,
            "gross_margin": null,
            "gross_margin_4q_avg": 0,
            "net_income": null,
            "revenue": null,
            "common_shares": null,
            "book_valuer_per_share": null,
            "book_valuer_per_share_4q_avg": 0,
            "equity": null,
            "current_ratio": null,
            "debt_ratio": null,
            "inventory_turnover_ratio": null,
            "account_receivable_turnover_ratio": null,
            "reinvestment_rate": null,
            "research_to_sale_ratio": null,
            "price_fair": 0,
            "eps_avg_yearly": 0,
            "eps_latest_yearly": 0,
            "eps_growth_yearly": 0
        },
        "20042": {
            "year_quarter": 20042,
            "year": 2004,
            "quarter": 2,
            "eps": null,
            "eps_growth_year": null,
            "eps_4q": null,
            "eps_4q_growth_year": null,
            "roe": null,
            "roe_4q": 0,
            "gross_profit": null,
            "gross_margin": null,
            "gross_margin_4q_avg": 0,
            "net_income": null,
            "revenue": null,
            "common_shares": null,
            "book_valuer_per_share": null,
            "book_valuer_per_share_4q_avg": 0,
            "equity": null,
            "current_ratio": null,
            "debt_ratio": null,
            "inventory_turnover_ratio": null,
            "account_receivable_turnover_ratio": null,
            "reinvestment_rate": null,
            "research_to_sale_ratio": null,
            "price_fair": 0,
            "eps_avg_yearly": 0,
            "eps_latest_yearly": 0,
            "eps_growth_yearly": 0
        },
        "20043": {
            "year_quarter": 20043,
            "year": 2004,
            "quarter": 3,
            "eps": null,
            "eps_growth_year": null,
            "eps_4q": null,
            "eps_4q_growth_year": null,
            "roe": null,
            "roe_4q": 0,
            "gross_profit": null,
            "gross_margin": null,
            "gross_margin_4q_avg": 0,
            "net_income": null,
            "revenue": null,
            "common_shares": null,
            "book_valuer_per_share": null,
            "book_valuer_per_share_4q_avg": 0,
            "equity": null,
            "current_ratio": null,
            "debt_ratio": null,
            "inventory_turnover_ratio": null,
            "account_receivable_turnover_ratio": null,
            "reinvestment_rate": null,
            "research_to_sale_ratio": null,
            "price_fair": 0,
            "eps_avg_yearly": 0,
            "eps_latest_yearly": 0,
            "eps_growth_yearly": 0
        },
        "20044": {
            "year_quarter": 20044,
            "year": 2004,
            "quarter": 4,
            "eps": null,
            "eps_growth_year": null,
            "eps_4q": null,
            "eps_4q_growth_year": null,
            "roe": null,
            "roe_4q": 0,
            "gross_profit": null,
            "gross_margin": null,
            "gross_margin_4q_avg": 0,
            "net_income": null,
            "revenue": null,
            "common_shares": null,
            "book_valuer_per_share": null,
            "book_valuer_per_share_4q_avg": 0,
            "equity": null,
            "current_ratio": null,
            "debt_ratio": null,
            "inventory_turnover_ratio": null,
            "account_receivable_turnover_ratio": null,
            "reinvestment_rate": null,
            "research_to_sale_ratio": null,
            "price_fair": 0,
            "eps_avg_yearly": 0,
            "eps_latest_yearly": 0,
            "eps_growth_yearly": 0
        },
        "20051": {
            "year_quarter": 20051,
            "year": 2005,
            "quarter": 1,
            "eps": null,
            "eps_growth_year": null,
            "eps_4q": null,
            "eps_4q_growth_year": null,
            "roe": null,
            "roe_4q": 0,
            "gross_profit": null,
            "gross_margin": null,
            "gross_margin_4q_avg": 0,
            "net_income": null,
            "revenue": null,
            "common_shares": null,
            "book_valuer_per_share": null,
            "book_valuer_per_share_4q_avg": 0,
            "equity": null,
            "current_ratio": null,
            "debt_ratio": null,
            "inventory_turnover_ratio": null,
            "account_receivable_turnover_ratio": null,
            "reinvestment_rate": null,
            "research_to_sale_ratio": null,
            "price_fair": 0,
            "eps_avg_yearly": 0,
            "eps_latest_yearly": 0,
            "eps_growth_yearly": 0
        },
        "20052": {
            "year_quarter": 20052,
            "year": 2005,
            "quarter": 2,
            "eps": null,
            "eps_growth_year": null,
            "eps_4q": null,
            "eps_4q_growth_year": null,
            "roe": null,
            "roe_4q": 0,
            "gross_profit": null,
            "gross_margin": null,
            "gross_margin_4q_avg": 0,
            "net_income": null,
            "revenue": null,
            "common_shares": null,
            "book_valuer_per_share": null,
            "book_valuer_per_share_4q_avg": 0,
            "equity": null,
            "current_ratio": null,
            "debt_ratio": null,
            "inventory_turnover_ratio": null,
            "account_receivable_turnover_ratio": null,
            "reinvestment_rate": null,
            "research_to_sale_ratio": null,
            "price_fair": 0,
            "eps_avg_yearly": 0,
            "eps_latest_yearly": 0,
            "eps_growth_yearly": 0
        },
        "20053": {
            "year_quarter": 20053,
            "year": 2005,
            "quarter": 3,
            "eps": null,
            "eps_growth_year": null,
            "eps_4q": null,
            "eps_4q_growth_year": null,
            "roe": null,
            "roe_4q": 0,
            "gross_profit": null,
            "gross_margin": null,
            "gross_margin_4q_avg": 0,
            "net_income": null,
            "revenue": null,
            "common_shares": null,
            "book_valuer_per_share": null,
            "book_valuer_per_share_4q_avg": 0,
            "equity": null,
            "current_ratio": null,
            "debt_ratio": null,
            "inventory_turnover_ratio": null,
            "account_receivable_turnover_ratio": null,
            "reinvestment_rate": null,
            "research_to_sale_ratio": null,
            "price_fair": 0,
            "eps_avg_yearly": 0,
            "eps_latest_yearly": 0,
            "eps_growth_yearly": 0
        },
        "20054": {
            "year_quarter": 20054,
            "year": 2005,
            "quarter": 4,
            "eps": null,
            "eps_growth_year": null,
            "eps_4q": null,
            "eps_4q_growth_year": null,
            "roe": null,
            "roe_4q": 0,
            "gross_profit": null,
            "gross_margin": null,
            "gross_margin_4q_avg": 0,
            "net_income": null,
            "revenue": null,
            "common_shares": null,
            "book_valuer_per_share": null,
            "book_valuer_per_share_4q_avg": 0,
            "equity": null,
            "current_ratio": null,
            "debt_ratio": null,
            "inventory_turnover_ratio": null,
            "account_receivable_turnover_ratio": null,
            "reinvestment_rate": null,
            "research_to_sale_ratio": null,
            "price_fair": 0,
            "eps_avg_yearly": 0,
            "eps_latest_yearly": 0,
            "eps_growth_yearly": 0
        },
        "20061": {
            "year_quarter": 20061,
            "year": 2006,
            "quarter": 1,
            "eps": null,
            "eps_growth_year": null,
            "eps_4q": null,
            "eps_4q_growth_year": null,
            "roe": null,
            "roe_4q": 0,
            "gross_profit": null,
            "gross_margin": null,
            "gross_margin_4q_avg": 0,
            "net_income": null,
            "revenue": null,
            "common_shares": null,
            "book_valuer_per_share": null,
            "book_valuer_per_share_4q_avg": 0,
            "equity": null,
            "current_ratio": null,
            "debt_ratio": null,
            "inventory_turnover_ratio": null,
            "account_receivable_turnover_ratio": null,
            "reinvestment_rate": null,
            "research_to_sale_ratio": null,
            "price_fair": 0,
            "eps_avg_yearly": 0,
            "eps_latest_yearly": 0,
            "eps_growth_yearly": 0
        },
        "20062": {
            "year_quarter": 20062,
            "year": 2006,
            "quarter": 2,
            "eps": null,
            "eps_growth_year": null,
            "eps_4q": null,
            "eps_4q_growth_year": null,
            "roe": null,
            "roe_4q": 0,
            "gross_profit": null,
            "gross_margin": null,
            "gross_margin_4q_avg": 0,
            "net_income": null,
            "revenue": null,
            "common_shares": null,
            "book_valuer_per_share": null,
            "book_valuer_per_share_4q_avg": 0,
            "equity": null,
            "current_ratio": null,
            "debt_ratio": null,
            "inventory_turnover_ratio": null,
            "account_receivable_turnover_ratio": null,
            "reinvestment_rate": null,
            "research_to_sale_ratio": null,
            "price_fair": 0,
            "eps_avg_yearly": 0,
            "eps_latest_yearly": 0,
            "eps_growth_yearly": 0
        },
        "20063": {
            "year_quarter": 20063,
            "year": 2006,
            "quarter": 3,
            "eps": null,
            "eps_growth_year": null,
            "eps_4q": null,
            "eps_4q_growth_year": null,
            "roe": null,
            "roe_4q": 0,
            "gross_profit": null,
            "gross_margin": null,
            "gross_margin_4q_avg": 0,
            "net_income": null,
            "revenue": null,
            "common_shares": null,
            "book_valuer_per_share": null,
            "book_valuer_per_share_4q_avg": 0,
            "equity": null,
            "current_ratio": null,
            "debt_ratio": null,
            "inventory_turnover_ratio": null,
            "account_receivable_turnover_ratio": null,
            "reinvestment_rate": null,
            "research_to_sale_ratio": null,
            "price_fair": 0,
            "eps_avg_yearly": 0,
            "eps_latest_yearly": 0,
            "eps_growth_yearly": 0
        },
        "20064": {
            "year_quarter": 20064,
            "year": 2006,
            "quarter": 4,
            "eps": null,
            "eps_growth_year": null,
            "eps_4q": null,
            "eps_4q_growth_year": null,
            "roe": null,
            "roe_4q": 0,
            "gross_profit": null,
            "gross_margin": null,
            "gross_margin_4q_avg": 0,
            "net_income": null,
            "revenue": null,
            "common_shares": null,
            "book_valuer_per_share": null,
            "book_valuer_per_share_4q_avg": 0,
            "equity": null,
            "current_ratio": null,
            "debt_ratio": null,
            "inventory_turnover_ratio": null,
            "account_receivable_turnover_ratio": null,
            "reinvestment_rate": null,
            "research_to_sale_ratio": null,
            "price_fair": 0,
            "eps_avg_yearly": 0,
            "eps_latest_yearly": 0,
            "eps_growth_yearly": 0
        },
        "20071": {
            "year_quarter": 20071,
            "year": 2007,
            "quarter": 1,
            "eps": null,
            "eps_growth_year": null,
            "eps_4q": null,
            "eps_4q_growth_year": null,
            "roe": null,
            "roe_4q": 0,
            "gross_profit": null,
            "gross_margin": null,
            "gross_margin_4q_avg": 0,
            "net_income": null,
            "revenue": null,
            "common_shares": null,
            "book_valuer_per_share": null,
            "book_valuer_per_share_4q_avg": 0,
            "equity": null,
            "current_ratio": null,
            "debt_ratio": null,
            "inventory_turnover_ratio": null,
            "account_receivable_turnover_ratio": null,
            "reinvestment_rate": null,
            "research_to_sale_ratio": null,
            "price_fair": 0,
            "eps_avg_yearly": 0,
            "eps_latest_yearly": 0,
            "eps_growth_yearly": 0
        },
        "20072": {
            "year_quarter": 20072,
            "year": 2007,
            "quarter": 2,
            "eps": null,
            "eps_growth_year": null,
            "eps_4q": null,
            "eps_4q_growth_year": null,
            "roe": null,
            "roe_4q": 0,
            "gross_profit": null,
            "gross_margin": null,
            "gross_margin_4q_avg": 0,
            "net_income": null,
            "revenue": null,
            "common_shares": null,
            "book_valuer_per_share": null,
            "book_valuer_per_share_4q_avg": 0,
            "equity": null,
            "current_ratio": null,
            "debt_ratio": null,
            "inventory_turnover_ratio": null,
            "account_receivable_turnover_ratio": null,
            "reinvestment_rate": null,
            "research_to_sale_ratio": null,
            "price_fair": 0,
            "eps_avg_yearly": 0,
            "eps_latest_yearly": 0,
            "eps_growth_yearly": 0
        },
        "20073": {
            "year_quarter": 20073,
            "year": 2007,
            "quarter": 3,
            "eps": null,
            "eps_growth_year": null,
            "eps_4q": null,
            "eps_4q_growth_year": null,
            "roe": null,
            "roe_4q": 0,
            "gross_profit": null,
            "gross_margin": null,
            "gross_margin_4q_avg": 0,
            "net_income": null,
            "revenue": null,
            "common_shares": null,
            "book_valuer_per_share": null,
            "book_valuer_per_share_4q_avg": 0,
            "equity": null,
            "current_ratio": null,
            "debt_ratio": null,
            "inventory_turnover_ratio": null,
            "account_receivable_turnover_ratio": null,
            "reinvestment_rate": null,
            "research_to_sale_ratio": null,
            "price_fair": 0,
            "eps_avg_yearly": 0,
            "eps_latest_yearly": 0,
            "eps_growth_yearly": 0
        },
        "20074": {
            "year_quarter": 20074,
            "year": 2007,
            "quarter": 4,
            "eps": null,
            "eps_growth_year": null,
            "eps_4q": null,
            "eps_4q_growth_year": null,
            "roe": null,
            "roe_4q": 0,
            "gross_profit": null,
            "gross_margin": null,
            "gross_margin_4q_avg": 0,
            "net_income": null,
            "revenue": null,
            "common_shares": null,
            "book_valuer_per_share": null,
            "book_valuer_per_share_4q_avg": 0,
            "equity": null,
            "current_ratio": null,
            "debt_ratio": null,
            "inventory_turnover_ratio": null,
            "account_receivable_turnover_ratio": null,
            "reinvestment_rate": null,
            "research_to_sale_ratio": null,
            "price_fair": 0,
            "eps_avg_yearly": 0,
            "eps_latest_yearly": 0,
            "eps_growth_yearly": 0
        },
        "20081": {
            "year_quarter": 20081,
            "year": 2008,
            "quarter": 1,
            "eps": null,
            "eps_growth_year": null,
            "eps_4q": null,
            "eps_4q_growth_year": null,
            "roe": null,
            "roe_4q": 0,
            "gross_profit": null,
            "gross_margin": null,
            "gross_margin_4q_avg": 0,
            "net_income": null,
            "revenue": null,
            "common_shares": null,
            "book_valuer_per_share": null,
            "book_valuer_per_share_4q_avg": 0,
            "equity": null,
            "current_ratio": null,
            "debt_ratio": null,
            "inventory_turnover_ratio": null,
            "account_receivable_turnover_ratio": null,
            "reinvestment_rate": null,
            "research_to_sale_ratio": null,
            "price_fair": 0,
            "eps_avg_yearly": 0,
            "eps_latest_yearly": 0,
            "eps_growth_yearly": 0
        },
        "20082": {
            "year_quarter": 20082,
            "year": 2008,
            "quarter": 2,
            "eps": null,
            "eps_growth_year": null,
            "eps_4q": null,
            "eps_4q_growth_year": null,
            "roe": null,
            "roe_4q": 0,
            "gross_profit": null,
            "gross_margin": null,
            "gross_margin_4q_avg": 0,
            "net_income": null,
            "revenue": null,
            "common_shares": null,
            "book_valuer_per_share": null,
            "book_valuer_per_share_4q_avg": 0,
            "equity": null,
            "current_ratio": null,
            "debt_ratio": null,
            "inventory_turnover_ratio": null,
            "account_receivable_turnover_ratio": null,
            "reinvestment_rate": null,
            "research_to_sale_ratio": null,
            "price_fair": 0,
            "eps_avg_yearly": 0,
            "eps_latest_yearly": 0,
            "eps_growth_yearly": 0
        },
        "20083": {
            "year_quarter": 20083,
            "year": 2008,
            "quarter": 3,
            "eps": null,
            "eps_growth_year": null,
            "eps_4q": null,
            "eps_4q_growth_year": null,
            "roe": null,
            "roe_4q": 0,
            "gross_profit": null,
            "gross_margin": null,
            "gross_margin_4q_avg": 0,
            "net_income": null,
            "revenue": null,
            "common_shares": null,
            "book_valuer_per_share": null,
            "book_valuer_per_share_4q_avg": 0,
            "equity": null,
            "current_ratio": null,
            "debt_ratio": null,
            "inventory_turnover_ratio": null,
            "account_receivable_turnover_ratio": null,
            "reinvestment_rate": null,
            "research_to_sale_ratio": null,
            "price_fair": 0,
            "eps_avg_yearly": 0,
            "eps_latest_yearly": 0,
            "eps_growth_yearly": 0
        },
        "20084": {
            "year_quarter": 20084,
            "year": 2008,
            "quarter": 4,
            "eps": null,
            "eps_growth_year": null,
            "eps_4q": null,
            "eps_4q_growth_year": null,
            "roe": null,
            "roe_4q": 0,
            "gross_profit": null,
            "gross_margin": null,
            "gross_margin_4q_avg": 0,
            "net_income": null,
            "revenue": null,
            "common_shares": null,
            "book_valuer_per_share": null,
            "book_valuer_per_share_4q_avg": 0,
            "equity": null,
            "current_ratio": null,
            "debt_ratio": null,
            "inventory_turnover_ratio": null,
            "account_receivable_turnover_ratio": null,
            "reinvestment_rate": null,
            "research_to_sale_ratio": null,
            "price_fair": 0,
            "eps_avg_yearly": 0,
            "eps_latest_yearly": 0,
            "eps_growth_yearly": 0
        },
        "20091": {
            "year_quarter": 20091,
            "year": 2009,
            "quarter": 1,
            "eps": null,
            "eps_growth_year": null,
            "eps_4q": null,
            "eps_4q_growth_year": null,
            "roe": null,
            "roe_4q": 0,
            "gross_profit": null,
            "gross_margin": null,
            "gross_margin_4q_avg": 0,
            "net_income": null,
            "revenue": null,
            "common_shares": null,
            "book_valuer_per_share": null,
            "book_valuer_per_share_4q_avg": 0,
            "equity": null,
            "current_ratio": null,
            "debt_ratio": null,
            "inventory_turnover_ratio": null,
            "account_receivable_turnover_ratio": null,
            "reinvestment_rate": null,
            "research_to_sale_ratio": null,
            "price_fair": 0,
            "eps_avg_yearly": 0,
            "eps_latest_yearly": 0,
            "eps_growth_yearly": 0
        },
        "20092": {
            "year_quarter": 20092,
            "year": 2009,
            "quarter": 2,
            "eps": null,
            "eps_growth_year": null,
            "eps_4q": null,
            "eps_4q_growth_year": null,
            "roe": null,
            "roe_4q": 0,
            "gross_profit": null,
            "gross_margin": null,
            "gross_margin_4q_avg": 0,
            "net_income": null,
            "revenue": null,
            "common_shares": null,
            "book_valuer_per_share": null,
            "book_valuer_per_share_4q_avg": 0,
            "equity": null,
            "current_ratio": null,
            "debt_ratio": null,
            "inventory_turnover_ratio": null,
            "account_receivable_turnover_ratio": null,
            "reinvestment_rate": null,
            "research_to_sale_ratio": null,
            "price_fair": 0,
            "eps_avg_yearly": 0,
            "eps_latest_yearly": 0,
            "eps_growth_yearly": 0
        },
        "20093": {
            "year_quarter": 20093,
            "year": 2009,
            "quarter": 3,
            "eps": null,
            "eps_growth_year": null,
            "eps_4q": null,
            "eps_4q_growth_year": null,
            "roe": null,
            "roe_4q": 0,
            "gross_profit": null,
            "gross_margin": null,
            "gross_margin_4q_avg": 0,
            "net_income": null,
            "revenue": null,
            "common_shares": null,
            "book_valuer_per_share": null,
            "book_valuer_per_share_4q_avg": 0,
            "equity": null,
            "current_ratio": null,
            "debt_ratio": null,
            "inventory_turnover_ratio": null,
            "account_receivable_turnover_ratio": null,
            "reinvestment_rate": null,
            "research_to_sale_ratio": null,
            "price_fair": 0,
            "eps_avg_yearly": 0,
            "eps_latest_yearly": 0,
            "eps_growth_yearly": 0
        },
        "20094": {
            "year_quarter": 20094,
            "year": 2009,
            "quarter": 4,
            "eps": null,
            "eps_growth_year": null,
            "eps_4q": null,
            "eps_4q_growth_year": null,
            "roe": null,
            "roe_4q": 0,
            "gross_profit": null,
            "gross_margin": null,
            "gross_margin_4q_avg": 0,
            "net_income": null,
            "revenue": null,
            "common_shares": null,
            "book_valuer_per_share": null,
            "book_valuer_per_share_4q_avg": 0,
            "equity": null,
            "current_ratio": null,
            "debt_ratio": null,
            "inventory_turnover_ratio": null,
            "account_receivable_turnover_ratio": null,
            "reinvestment_rate": null,
            "research_to_sale_ratio": null,
            "price_fair": 0,
            "eps_avg_yearly": 0,
            "eps_latest_yearly": 0,
            "eps_growth_yearly": 0
        },
        "20101": {
            "year_quarter": 20101,
            "year": 2010,
            "quarter": 1,
            "eps": null,
            "eps_growth_year": null,
            "eps_4q": null,
            "eps_4q_growth_year": null,
            "roe": null,
            "roe_4q": 0,
            "gross_profit": null,
            "gross_margin": null,
            "gross_margin_4q_avg": 0,
            "net_income": null,
            "revenue": null,
            "common_shares": null,
            "book_valuer_per_share": null,
            "book_valuer_per_share_4q_avg": 0,
            "equity": null,
            "current_ratio": null,
            "debt_ratio": null,
            "inventory_turnover_ratio": null,
            "account_receivable_turnover_ratio": null,
            "reinvestment_rate": null,
            "research_to_sale_ratio": null,
            "price_fair": 0,
            "eps_avg_yearly": 0,
            "eps_latest_yearly": 0,
            "eps_growth_yearly": 0
        },
        "20102": {
            "year_quarter": 20102,
            "year": 2010,
            "quarter": 2,
            "eps": null,
            "eps_growth_year": null,
            "eps_4q": null,
            "eps_4q_growth_year": null,
            "roe": null,
            "roe_4q": 0,
            "gross_profit": null,
            "gross_margin": null,
            "gross_margin_4q_avg": 0,
            "net_income": null,
            "revenue": null,
            "common_shares": null,
            "book_valuer_per_share": null,
            "book_valuer_per_share_4q_avg": 0,
            "equity": null,
            "current_ratio": null,
            "debt_ratio": null,
            "inventory_turnover_ratio": null,
            "account_receivable_turnover_ratio": null,
            "reinvestment_rate": null,
            "research_to_sale_ratio": null,
            "price_fair": 0,
            "eps_avg_yearly": 0,
            "eps_latest_yearly": 0,
            "eps_growth_yearly": 0
        },
        "20103": {
            "year_quarter": 20103,
            "year": 2010,
            "quarter": 3,
            "eps": null,
            "eps_growth_year": null,
            "eps_4q": null,
            "eps_4q_growth_year": null,
            "roe": null,
            "roe_4q": 0,
            "gross_profit": null,
            "gross_margin": null,
            "gross_margin_4q_avg": 0,
            "net_income": null,
            "revenue": null,
            "common_shares": null,
            "book_valuer_per_share": null,
            "book_valuer_per_share_4q_avg": 0,
            "equity": null,
            "current_ratio": null,
            "debt_ratio": null,
            "inventory_turnover_ratio": null,
            "account_receivable_turnover_ratio": null,
            "reinvestment_rate": null,
            "research_to_sale_ratio": null,
            "price_fair": 0,
            "eps_avg_yearly": 0,
            "eps_latest_yearly": 0,
            "eps_growth_yearly": 0
        },
        "20104": {
            "year_quarter": 20104,
            "year": 2010,
            "quarter": 4,
            "eps": null,
            "eps_growth_year": null,
            "eps_4q": null,
            "eps_4q_growth_year": null,
            "roe": null,
            "roe_4q": 0,
            "gross_profit": null,
            "gross_margin": null,
            "gross_margin_4q_avg": 0,
            "net_income": null,
            "revenue": null,
            "common_shares": 108000,
            "book_valuer_per_share": 14.41,
            "book_valuer_per_share_4q_avg": 3.6,
            "equity": 155592,
            "current_ratio": 98.14,
            "debt_ratio": 56.03,
            "inventory_turnover_ratio": null,
            "account_receivable_turnover_ratio": null,
            "reinvestment_rate": null,
            "research_to_sale_ratio": null,
            "price_fair": 0,
            "eps_avg_yearly": 0,
            "eps_latest_yearly": 0,
            "eps_growth_yearly": 0
        },
        "20111": {
            "year_quarter": 20111,
            "year": 2011,
            "quarter": 1,
            "eps": null,
            "eps_growth_year": null,
            "eps_4q": null,
            "eps_4q_growth_year": null,
            "roe": null,
            "roe_4q": 0,
            "gross_profit": null,
            "gross_margin": null,
            "gross_margin_4q_avg": 0,
            "net_income": null,
            "revenue": null,
            "common_shares": null,
            "book_valuer_per_share": null,
            "book_valuer_per_share_4q_avg": 3.6,
            "equity": null,
            "current_ratio": null,
            "debt_ratio": null,
            "inventory_turnover_ratio": null,
            "account_receivable_turnover_ratio": null,
            "reinvestment_rate": null,
            "research_to_sale_ratio": null,
            "price_fair": 0,
            "eps_avg_yearly": 0,
            "eps_latest_yearly": 0,
            "eps_growth_yearly": 0
        },
        "20112": {
            "year_quarter": 20112,
            "year": 2011,
            "quarter": 2,
            "eps": null,
            "eps_growth_year": null,
            "eps_4q": null,
            "eps_4q_growth_year": null,
            "roe": null,
            "roe_4q": 0,
            "gross_profit": null,
            "gross_margin": null,
            "gross_margin_4q_avg": 0,
            "net_income": null,
            "revenue": null,
            "common_shares": null,
            "book_valuer_per_share": null,
            "book_valuer_per_share_4q_avg": 3.6,
            "equity": null,
            "current_ratio": null,
            "debt_ratio": null,
            "inventory_turnover_ratio": null,
            "account_receivable_turnover_ratio": null,
            "reinvestment_rate": null,
            "research_to_sale_ratio": null,
            "price_fair": 0,
            "eps_avg_yearly": 0,
            "eps_latest_yearly": 0,
            "eps_growth_yearly": 0
        },
        "20113": {
            "year_quarter": 20113,
            "year": 2011,
            "quarter": 3,
            "eps": null,
            "eps_growth_year": null,
            "eps_4q": null,
            "eps_4q_growth_year": null,
            "roe": null,
            "roe_4q": 0,
            "gross_profit": null,
            "gross_margin": null,
            "gross_margin_4q_avg": 0,
            "net_income": null,
            "revenue": null,
            "common_shares": null,
            "book_valuer_per_share": null,
            "book_valuer_per_share_4q_avg": 3.6,
            "equity": null,
            "current_ratio": null,
            "debt_ratio": null,
            "inventory_turnover_ratio": null,
            "account_receivable_turnover_ratio": null,
            "reinvestment_rate": null,
            "research_to_sale_ratio": null,
            "price_fair": 0,
            "eps_avg_yearly": 0,
            "eps_latest_yearly": 0,
            "eps_growth_yearly": 0
        },
        "20114": {
            "year_quarter": 20114,
            "year": 2011,
            "quarter": 4,
            "eps": null,
            "eps_growth_year": null,
            "eps_4q": null,
            "eps_4q_growth_year": null,
            "roe": null,
            "roe_4q": 0,
            "gross_profit": null,
            "gross_margin": null,
            "gross_margin_4q_avg": 0,
            "net_income": null,
            "revenue": null,
            "common_shares": 108000,
            "book_valuer_per_share": 18.56,
            "book_valuer_per_share_4q_avg": 4.64,
            "equity": 200494,
            "current_ratio": 106.02,
            "debt_ratio": 50.55,
            "inventory_turnover_ratio": null,
            "account_receivable_turnover_ratio": null,
            "reinvestment_rate": null,
            "research_to_sale_ratio": null,
            "price_fair": 0,
            "eps_avg_yearly": 0,
            "eps_latest_yearly": 0,
            "eps_growth_yearly": 0
        },
        "20121": {
            "year_quarter": 20121,
            "year": 2012,
            "quarter": 1,
            "eps": null,
            "eps_growth_year": null,
            "eps_4q": null,
            "eps_4q_growth_year": null,
            "roe": null,
            "roe_4q": 0,
            "gross_profit": null,
            "gross_margin": null,
            "gross_margin_4q_avg": 0,
            "net_income": null,
            "revenue": null,
            "common_shares": null,
            "book_valuer_per_share": null,
            "book_valuer_per_share_4q_avg": 4.64,
            "equity": null,
            "current_ratio": null,
            "debt_ratio": null,
            "inventory_turnover_ratio": null,
            "account_receivable_turnover_ratio": null,
            "reinvestment_rate": null,
            "research_to_sale_ratio": null,
            "price_fair": 0,
            "eps_avg_yearly": 0,
            "eps_latest_yearly": 0,
            "eps_growth_yearly": 0
        },
        "20122": {
            "year_quarter": 20122,
            "year": 2012,
            "quarter": 2,
            "eps": null,
            "eps_growth_year": null,
            "eps_4q": null,
            "eps_4q_growth_year": null,
            "roe": null,
            "roe_4q": 0,
            "gross_profit": null,
            "gross_margin": null,
            "gross_margin_4q_avg": 0,
            "net_income": null,
            "revenue": null,
            "common_shares": null,
            "book_valuer_per_share": null,
            "book_valuer_per_share_4q_avg": 4.64,
            "equity": null,
            "current_ratio": null,
            "debt_ratio": null,
            "inventory_turnover_ratio": null,
            "account_receivable_turnover_ratio": null,
            "reinvestment_rate": null,
            "research_to_sale_ratio": null,
            "price_fair": 0,
            "eps_avg_yearly": 0,
            "eps_latest_yearly": 0,
            "eps_growth_yearly": 0
        },
        "20123": {
            "year_quarter": 20123,
            "year": 2012,
            "quarter": 3,
            "eps": null,
            "eps_growth_year": null,
            "eps_4q": null,
            "eps_4q_growth_year": null,
            "roe": null,
            "roe_4q": 0,
            "gross_profit": null,
            "gross_margin": null,
            "gross_margin_4q_avg": 0,
            "net_income": null,
            "revenue": null,
            "common_shares": null,
            "book_valuer_per_share": null,
            "book_valuer_per_share_4q_avg": 4.64,
            "equity": null,
            "current_ratio": null,
            "debt_ratio": null,
            "inventory_turnover_ratio": null,
            "account_receivable_turnover_ratio": null,
            "reinvestment_rate": null,
            "research_to_sale_ratio": null,
            "price_fair": 0,
            "eps_avg_yearly": 0,
            "eps_latest_yearly": 0,
            "eps_growth_yearly": 0
        },
        "20124": {
            "year_quarter": 20124,
            "year": 2012,
            "quarter": 4,
            "eps": null,
            "eps_growth_year": null,
            "eps_4q": null,
            "eps_4q_growth_year": null,
            "roe": null,
            "roe_4q": 0,
            "gross_profit": null,
            "gross_margin": null,
            "gross_margin_4q_avg": 0,
            "net_income": null,
            "revenue": null,
            "common_shares": 187000,
            "book_valuer_per_share": 18.5,
            "book_valuer_per_share_4q_avg": 4.63,
            "equity": 345975,
            "current_ratio": 136.9,
            "debt_ratio": 40.99,
            "inventory_turnover_ratio": null,
            "account_receivable_turnover_ratio": null,
            "reinvestment_rate": null,
            "research_to_sale_ratio": null,
            "price_fair": 0,
            "eps_avg_yearly": 0,
            "eps_latest_yearly": 0,
            "eps_growth_yearly": 0
        },
        "20131": {
            "year_quarter": 20131,
            "year": 2013,
            "quarter": 1,
            "eps": null,
            "eps_growth_year": null,
            "eps_4q": null,
            "eps_4q_growth_year": null,
            "roe": null,
            "roe_4q": 0,
            "gross_profit": 25933,
            "gross_margin": null,
            "gross_margin_4q_avg": 0,
            "net_income": 11645,
            "revenue": 81148,
            "common_shares": 187000,
            "book_valuer_per_share": 19.02,
            "book_valuer_per_share_4q_avg": 9.38,
            "equity": 374693,
            "current_ratio": 143.96,
            "debt_ratio": 38.73,
            "inventory_turnover_ratio": null,
            "account_receivable_turnover_ratio": null,
            "reinvestment_rate": null,
            "research_to_sale_ratio": null,
            "price_fair": 0,
            "eps_avg_yearly": 0,
            "eps_latest_yearly": 0,
            "eps_growth_yearly": 0
        },
        "20132": {
            "year_quarter": 20132,
            "year": 2013,
            "quarter": 2,
            "eps": null,
            "eps_growth_year": null,
            "eps_4q": null,
            "eps_4q_growth_year": null,
            "roe": null,
            "roe_4q": 0,
            "gross_profit": 51084,
            "gross_margin": null,
            "gross_margin_4q_avg": 0,
            "net_income": 18899,
            "revenue": 106734,
            "common_shares": 197000,
            "book_valuer_per_share": 19.46,
            "book_valuer_per_share_4q_avg": 14.25,
            "equity": 402092,
            "current_ratio": 160.43,
            "debt_ratio": 34.46,
            "inventory_turnover_ratio": null,
            "account_receivable_turnover_ratio": null,
            "reinvestment_rate": null,
            "research_to_sale_ratio": null,
            "price_fair": 0,
            "eps_avg_yearly": 0,
            "eps_latest_yearly": 0,
            "eps_growth_yearly": 0
        },
        "20133": {
            "year_quarter": 20133,
            "year": 2013,
            "quarter": 3,
            "eps": null,
            "eps_growth_year": null,
            "eps_4q": null,
            "eps_4q_growth_year": null,
            "roe": null,
            "roe_4q": 0,
            "gross_profit": 39280,
            "gross_margin": null,
            "gross_margin_4q_avg": 0,
            "net_income": 11787,
            "revenue": 110399,
            "common_shares": 287000,
            "book_valuer_per_share": 13.79,
            "book_valuer_per_share_4q_avg": 17.69,
            "equity": 413879,
            "current_ratio": 146.25,
            "debt_ratio": 36.57,
            "inventory_turnover_ratio": null,
            "account_receivable_turnover_ratio": null,
            "reinvestment_rate": null,
            "research_to_sale_ratio": null,
            "price_fair": 0,
            "eps_avg_yearly": 0,
            "eps_latest_yearly": 0,
            "eps_growth_yearly": 0
        },
        "20134": {
            "year_quarter": 20134,
            "year": 2013,
            "quarter": 4,
            "eps": null,
            "eps_growth_year": null,
            "eps_4q": null,
            "eps_4q_growth_year": null,
            "roe": null,
            "roe_4q": 0,
            "gross_profit": 55521,
            "gross_margin": null,
            "gross_margin_4q_avg": 0,
            "net_income": 13798,
            "revenue": 138674,
            "common_shares": 287000,
            "book_valuer_per_share": 14.38,
            "book_valuer_per_share_4q_avg": 16.66,
            "equity": 429375,
            "current_ratio": 151.26,
            "debt_ratio": 37.21,
            "inventory_turnover_ratio": null,
            "account_receivable_turnover_ratio": null,
            "reinvestment_rate": null,
            "research_to_sale_ratio": null,
            "price_fair": 0,
            "eps_avg_yearly": 0,
            "eps_latest_yearly": 0,
            "eps_growth_yearly": 0
        },
        "20141": {
            "year_quarter": 20141,
            "year": 2014,
            "quarter": 1,
            "eps": 1.28,
            "eps_growth_year": null,
            "eps_4q": 1.28,
            "eps_4q_growth_year": null,
            "roe": 7.83,
            "roe_4q": 7.83,
            "gross_profit": 60952,
            "gross_margin": 44.43,
            "gross_margin_4q_avg": 11.11,
            "net_income": 35391,
            "revenue": 137180,
            "common_shares": 287000,
            "book_valuer_per_share": 15.66,
            "book_valuer_per_share_4q_avg": 15.82,
            "equity": 474266,
            "current_ratio": 182.69,
            "debt_ratio": 29.61,
            "inventory_turnover_ratio": 1.62,
            "account_receivable_turnover_ratio": 1.51,
            "reinvestment_rate": null,
            "research_to_sale_ratio": 4.82,
            "price_fair": 0,
            "eps_avg_yearly": 0,
            "eps_latest_yearly": 0,
            "eps_growth_yearly": 0
        },
        "20142": {
            "year_quarter": 20142,
            "year": 2014,
            "quarter": 2,
            "eps": 0.4,
            "eps_growth_year": null,
            "eps_4q": 1.69,
            "eps_4q_growth_year": null,
            "roe": 2.02,
            "roe_4q": 9.85,
            "gross_profit": 40378,
            "gross_margin": 32.1,
            "gross_margin_4q_avg": 19.13,
            "net_income": 9400,
            "revenue": 125787,
            "common_shares": 287000,
            "book_valuer_per_share": 15.07,
            "book_valuer_per_share_4q_avg": 14.73,
            "equity": 454966,
            "current_ratio": 164.77,
            "debt_ratio": 32.5,
            "inventory_turnover_ratio": 1.73,
            "account_receivable_turnover_ratio": 1.52,
            "reinvestment_rate": null,
            "research_to_sale_ratio": 6.35,
            "price_fair": 4.8,
            "eps_avg_yearly": 1.6,
            "eps_latest_yearly": 1.6,
            "eps_growth_yearly": -275
        },
        "20143": {
            "year_quarter": 20143,
            "year": 2014,
            "quarter": 3,
            "eps": 0.91,
            "eps_growth_year": null,
            "eps_4q": 2.59,
            "eps_4q_growth_year": null,
            "roe": 5.22,
            "roe_4q": 15.07,
            "gross_profit": 37603,
            "gross_margin": 31.14,
            "gross_margin_4q_avg": 26.92,
            "net_income": 24408,
            "revenue": 120769,
            "common_shares": 287000,
            "book_valuer_per_share": 15.97,
            "book_valuer_per_share_4q_avg": 15.27,
            "equity": 479374,
            "current_ratio": 191.82,
            "debt_ratio": 30.09,
            "inventory_turnover_ratio": 1.55,
            "account_receivable_turnover_ratio": 1.56,
            "reinvestment_rate": null,
            "research_to_sale_ratio": 6.65,
            "price_fair": 91.7,
            "eps_avg_yearly": 2.62,
            "eps_latest_yearly": 3.64,
            "eps_growth_yearly": 117.5
        },
        "20144": {
            "year_quarter": 20144,
            "year": 2014,
            "quarter": 4,
            "eps": 0.37,
            "eps_growth_year": null,
            "eps_4q": 2.68,
            "eps_4q_growth_year": null,
            "roe": 1.61,
            "roe_4q": 16.68,
            "gross_profit": 33951,
            "gross_margin": 30.58,
            "gross_margin_4q_avg": 34.56,
            "net_income": 8714,
            "revenue": 111031,
            "common_shares": 322900,
            "book_valuer_per_share": 18.05,
            "book_valuer_per_share_4q_avg": 16.19,
            "equity": 600397,
            "current_ratio": 370.47,
            "debt_ratio": 20.86,
            "inventory_turnover_ratio": 1.31,
            "account_receivable_turnover_ratio": 1.31,
            "reinvestment_rate": null,
            "research_to_sale_ratio": 7.92,
            "price_fair": 6.72,
            "eps_avg_yearly": 2.24,
            "eps_latest_yearly": 1.48,
            "eps_growth_yearly": -0.79
        },
        "20151": {
            "year_quarter": 20151,
            "year": 2015,
            "quarter": 1,
            "eps": 0.73,
            "eps_growth_year": -42.97,
            "eps_4q": 2.27,
            "eps_4q_growth_year": 76.7,
            "roe": 3.66,
            "roe_4q": 12.51,
            "gross_profit": 59969,
            "gross_margin": 43.48,
            "gross_margin_4q_avg": 34.33,
            "net_income": 22395,
            "revenue": 137938,
            "common_shares": 322900,
            "book_valuer_per_share": 18.78,
            "book_valuer_per_share_4q_avg": 16.97,
            "equity": 622792,
            "current_ratio": 448.37,
            "debt_ratio": 17.88,
            "inventory_turnover_ratio": 1.3,
            "account_receivable_turnover_ratio": 1.4,
            "reinvestment_rate": null,
            "research_to_sale_ratio": 8.06,
            "price_fair": 84.35,
            "eps_avg_yearly": 2.41,
            "eps_latest_yearly": 2.92,
            "eps_growth_yearly": 96.71
        },
        "20152": {
            "year_quarter": 20152,
            "year": 2015,
            "quarter": 2,
            "eps": 0.44,
            "eps_growth_year": 10,
            "eps_4q": 2.36,
            "eps_4q_growth_year": 39.77,
            "roe": 2.12,
            "roe_4q": 12.61,
            "gross_profit": 49725,
            "gross_margin": 38.62,
            "gross_margin_4q_avg": 35.96,
            "net_income": 12827,
            "revenue": 128752,
            "common_shares": 322900,
            "book_valuer_per_share": 17.71,
            "book_valuer_per_share_4q_avg": 17.63,
            "equity": 586315,
            "current_ratio": 301.1,
            "debt_ratio": 23.46,
            "inventory_turnover_ratio": 1.37,
            "account_receivable_turnover_ratio": 1.15,
            "reinvestment_rate": null,
            "research_to_sale_ratio": 7.35,
            "price_fair": 79.8,
            "eps_avg_yearly": 2.28,
            "eps_latest_yearly": 1.76,
            "eps_growth_yearly": 45.58
        },
        "20153": {
            "year_quarter": 20153,
            "year": 2015,
            "quarter": 3,
            "eps": 1.1,
            "eps_growth_year": 20.88,
            "eps_4q": 2.66,
            "eps_4q_growth_year": 2.69,
            "roe": 5.61,
            "roe_4q": 13,
            "gross_profit": 43541,
            "gross_margin": 35.11,
            "gross_margin_4q_avg": 36.95,
            "net_income": 33618,
            "revenue": 124007,
            "common_shares": 322900,
            "book_valuer_per_share": 18.69,
            "book_valuer_per_share_4q_avg": 18.31,
            "equity": 611950,
            "current_ratio": 322.49,
            "debt_ratio": 22.49,
            "inventory_turnover_ratio": 1.46,
            "account_receivable_turnover_ratio": 1.05,
            "reinvestment_rate": null,
            "research_to_sale_ratio": 8.98,
            "price_fair": 92.17,
            "eps_avg_yearly": 2.63,
            "eps_latest_yearly": 4.4,
            "eps_growth_yearly": 137.99
        },
        "20154": {
            "year_quarter": 20154,
            "year": 2015,
            "quarter": 4,
            "eps": -0.48,
            "eps_growth_year": -227.22,
            "eps_4q": 1.81,
            "eps_4q_growth_year": -32.42,
            "roe": -4.01,
            "roe_4q": 7.380000000000001,
            "gross_profit": 49587,
            "gross_margin": 37.35,
            "gross_margin_4q_avg": 38.64,
            "net_income": -24057,
            "revenue": 132768,
            "common_shares": 322900,
            "book_valuer_per_share": 18.2,
            "book_valuer_per_share_4q_avg": 18.35,
            "equity": 587386,
            "current_ratio": 378.61,
            "debt_ratio": 20.22,
            "inventory_turnover_ratio": 1.58,
            "account_receivable_turnover_ratio": 1.07,
            "reinvestment_rate": null,
            "research_to_sale_ratio": 12.13,
            "price_fair": 92.17,
            "eps_avg_yearly": 2.63,
            "eps_latest_yearly": 4.4,
            "eps_growth_yearly": 137.99
        },
        "20161": {
            "year_quarter": 20161,
            "year": 2016,
            "quarter": 1,
            "eps": 0.2,
            "eps_growth_year": -72.6,
            "eps_4q": 1.28,
            "eps_4q_growth_year": -43.6,
            "roe": 0.92,
            "roe_4q": 4.640000000000001,
            "gross_profit": 48762,
            "gross_margin": 43.2,
            "gross_margin_4q_avg": 38.57,
            "net_income": 5449,
            "revenue": 112876,
            "common_shares": 322900,
            "book_valuer_per_share": 18.4,
            "book_valuer_per_share_4q_avg": 18.25,
            "equity": 592835,
            "current_ratio": 432.01,
            "debt_ratio": 17.95,
            "inventory_turnover_ratio": 1.1,
            "account_receivable_turnover_ratio": 0.89,
            "reinvestment_rate": null,
            "research_to_sale_ratio": 11.88,
            "price_fair": 92.17,
            "eps_avg_yearly": 2.63,
            "eps_latest_yearly": 4.4,
            "eps_growth_yearly": 137.99
        },
        "20162": {
            "year_quarter": 20162,
            "year": 2016,
            "quarter": 2,
            "eps": 0.74,
            "eps_growth_year": 68.18,
            "eps_4q": 1.57,
            "eps_4q_growth_year": -33.33,
            "roe": 3.96,
            "roe_4q": 6.48,
            "gross_profit": 55591,
            "gross_margin": 45.37,
            "gross_margin_4q_avg": 40.26,
            "net_income": 22968,
            "revenue": 122540,
            "common_shares": 322900,
            "book_valuer_per_share": 17.64,
            "book_valuer_per_share_4q_avg": 18.23,
            "equity": 567744,
            "current_ratio": 296.05,
            "debt_ratio": 24.4,
            "inventory_turnover_ratio": 0.98,
            "account_receivable_turnover_ratio": 1.04,
            "reinvestment_rate": null,
            "research_to_sale_ratio": 11.54,
            "price_fair": 93.8,
            "eps_avg_yearly": 2.68,
            "eps_latest_yearly": 2.96,
            "eps_growth_yearly": 272.56
        },
        "20163": {
            "year_quarter": 20163,
            "year": 2016,
            "quarter": 3,
            "eps": 0.37,
            "eps_growth_year": -66.36,
            "eps_4q": 0.84,
            "eps_4q_growth_year": -68.6,
            "roe": 1.91,
            "roe_4q": 2.7800000000000002,
            "gross_profit": 61328,
            "gross_margin": 48.19,
            "gross_margin_4q_avg": 43.53,
            "net_income": 10968,
            "revenue": 127275,
            "common_shares": 322900,
            "book_valuer_per_share": 17.99,
            "book_valuer_per_share_4q_avg": 18.06,
            "equity": 578226,
            "current_ratio": 402.96,
            "debt_ratio": 17.81,
            "inventory_turnover_ratio": 0.9,
            "account_receivable_turnover_ratio": 1.18,
            "reinvestment_rate": null,
            "research_to_sale_ratio": 14.39,
            "price_fair": 88.55,
            "eps_avg_yearly": 2.53,
            "eps_latest_yearly": 1.48,
            "eps_growth_yearly": 213.49
        },
        "20164": {
            "year_quarter": 20164,
            "year": 2016,
            "quarter": 4,
            "eps": 1.47,
            "eps_growth_year": null,
            "eps_4q": 2.78,
            "eps_4q_growth_year": 53.88,
            "roe": 7.76,
            "roe_4q": 14.549999999999999,
            "gross_profit": 84076,
            "gross_margin": 52.58,
            "gross_margin_4q_avg": 47.34,
            "net_income": 46675,
            "revenue": 159887,
            "common_shares": 322900,
            "book_valuer_per_share": 19.48,
            "book_valuer_per_share_4q_avg": 18.38,
            "equity": 625368,
            "current_ratio": 382.79,
            "debt_ratio": 18.87,
            "inventory_turnover_ratio": 1.08,
            "account_receivable_turnover_ratio": 1.35,
            "reinvestment_rate": -11.68,
            "research_to_sale_ratio": 12.2,
            "price_fair": 101.58,
            "eps_avg_yearly": 2.9,
            "eps_latest_yearly": 5.88,
            "eps_growth_yearly": 321.9
        },
        "20171": {
            "year_quarter": 20171,
            "year": 2017,
            "quarter": 1,
            "eps": 0.99,
            "eps_growth_year": 395,
            "eps_4q": 3.57,
            "eps_4q_growth_year": 178.97,
            "roe": 4.84,
            "roe_4q": 18.47,
            "gross_profit": 93708,
            "gross_margin": 58.17,
            "gross_margin_4q_avg": 51.08,
            "net_income": 31002,
            "revenue": 161092,
            "common_shares": 322900,
            "book_valuer_per_share": 20.46,
            "book_valuer_per_share_4q_avg": 18.89,
            "equity": 656115,
            "current_ratio": 468.4,
            "debt_ratio": 14.78,
            "inventory_turnover_ratio": 0.99,
            "account_receivable_turnover_ratio": 1.21,
            "reinvestment_rate": -2.42,
            "research_to_sale_ratio": 10.57,
            "price_fair": 105.28,
            "eps_avg_yearly": 3.01,
            "eps_latest_yearly": 3.96,
            "eps_growth_yearly": 276.65
        },
        "20172": {
            "year_quarter": 20172,
            "year": 2017,
            "quarter": 2,
            "eps": 0.84,
            "eps_growth_year": 13.51,
            "eps_4q": 3.65,
            "eps_4q_growth_year": 132.63,
            "roe": 4,
            "roe_4q": 18.51,
            "gross_profit": 83473,
            "gross_margin": 53.2,
            "gross_margin_4q_avg": 53.04,
            "net_income": 26368,
            "revenue": 156900,
            "common_shares": 322900,
            "book_valuer_per_share": 20.59,
            "book_valuer_per_share_4q_avg": 19.63,
            "equity": 662055,
            "current_ratio": 420.98,
            "debt_ratio": 32.55,
            "inventory_turnover_ratio": 1,
            "account_receivable_turnover_ratio": 1.19,
            "reinvestment_rate": 2.63,
            "research_to_sale_ratio": 12.73,
            "price_fair": 106.4,
            "eps_avg_yearly": 3.04,
            "eps_latest_yearly": 3.36,
            "eps_growth_yearly": 245.99
        },
        "20173": {
            "year_quarter": 20173,
            "year": 2017,
            "quarter": 3,
            "eps": 0.26,
            "eps_growth_year": -29.73,
            "eps_4q": 3.18,
            "eps_4q_growth_year": 280.35,
            "roe": 1.3,
            "roe_4q": 17.9,
            "gross_profit": 43178,
            "gross_margin": 36.2,
            "gross_margin_4q_avg": 50.04,
            "net_income": 8906,
            "revenue": 119282,
            "common_shares": 322900,
            "book_valuer_per_share": 21.69,
            "book_valuer_per_share_4q_avg": 20.56,
            "equity": 708040,
            "current_ratio": 623.49,
            "debt_ratio": 26.17,
            "inventory_turnover_ratio": 0.99,
            "account_receivable_turnover_ratio": 1,
            "reinvestment_rate": -2.44,
            "research_to_sale_ratio": 12.27,
            "price_fair": 100.57,
            "eps_avg_yearly": 2.87,
            "eps_latest_yearly": 1.04,
            "eps_growth_yearly": 202.48
        },
        "20174": {
            "year_quarter": 20174,
            "year": 2017,
            "quarter": 4,
            "eps": 0.37,
            "eps_growth_year": -75.18,
            "eps_4q": 2.37,
            "eps_4q_growth_year": -14.98,
            "roe": 1.53,
            "roe_4q": 11.67,
            "gross_profit": 36458,
            "gross_margin": 31.81,
            "gross_margin_4q_avg": 44.85,
            "net_income": 11375,
            "revenue": 114615,
            "common_shares": 335090,
            "book_valuer_per_share": 23.45,
            "book_valuer_per_share_4q_avg": 21.55,
            "equity": 782475,
            "current_ratio": 578.88,
            "debt_ratio": 25.68,
            "inventory_turnover_ratio": 0.92,
            "account_receivable_turnover_ratio": 1.14,
            "reinvestment_rate": -13.13,
            "research_to_sale_ratio": 11.24,
            "price_fair": 96.82,
            "eps_avg_yearly": 2.77,
            "eps_latest_yearly": 1.48,
            "eps_growth_yearly": 199.92
        },
        "20181": {
            "year_quarter": 20181,
            "year": 2018,
            "quarter": 1,
            "eps": 0.22,
            "eps_growth_year": -77.78,
            "eps_4q": 1.64,
            "eps_4q_growth_year": -54.01,
            "roe": 0.9,
            "roe_4q": 7.73,
            "gross_profit": 45028,
            "gross_margin": 37.33,
            "gross_margin_4q_avg": 39.64,
            "net_income": 7101,
            "revenue": 120634,
            "common_shares": 335090,
            "book_valuer_per_share": 23.67,
            "book_valuer_per_share_4q_avg": 22.35,
            "equity": 789576,
            "current_ratio": 678.54,
            "debt_ratio": 23.52,
            "inventory_turnover_ratio": 0.75,
            "account_receivable_turnover_ratio": 1.19,
            "reinvestment_rate": -25.72,
            "research_to_sale_ratio": 10.07,
            "price_fair": 92.1,
            "eps_avg_yearly": 2.63,
            "eps_latest_yearly": 0.88,
            "eps_growth_yearly": 174.06
        },
        "20182": {
            "year_quarter": 20182,
            "year": 2018,
            "quarter": 2,
            "eps": 0.02,
            "eps_growth_year": -97.62,
            "eps_4q": 0.85,
            "eps_4q_growth_year": -76.61,
            "roe": 0.07,
            "roe_4q": 3.8,
            "gross_profit": 28486,
            "gross_margin": 27.25,
            "gross_margin_4q_avg": 33.15,
            "net_income": 505,
            "revenue": 104519,
            "common_shares": 335090,
            "book_valuer_per_share": 22.32,
            "book_valuer_per_share_4q_avg": 22.78,
            "equity": 747477,
            "current_ratio": 536.27,
            "debt_ratio": 26.56,
            "inventory_turnover_ratio": 0.66,
            "account_receivable_turnover_ratio": 0.94,
            "reinvestment_rate": -33.82,
            "research_to_sale_ratio": 15.31,
            "price_fair": 88.3,
            "eps_avg_yearly": 2.52,
            "eps_latest_yearly": 0.08,
            "eps_growth_yearly": 167.72
        },
        "20183": {
            "year_quarter": 20183,
            "year": 2018,
            "quarter": 3,
            "eps": -0.3,
            "eps_growth_year": -215.38,
            "eps_4q": 0.31,
            "eps_4q_growth_year": -90.33,
            "roe": -1.36,
            "roe_4q": 1.1400000000000001,
            "gross_profit": 26054,
            "gross_margin": 25.84,
            "gross_margin_4q_avg": 30.56,
            "net_income": -10132,
            "revenue": 100835,
            "common_shares": 335090,
            "book_valuer_per_share": 22,
            "book_valuer_per_share_4q_avg": 22.86,
            "equity": 737295,
            "current_ratio": 765.07,
            "debt_ratio": 23.22,
            "inventory_turnover_ratio": 0.69,
            "account_receivable_turnover_ratio": 0.94,
            "reinvestment_rate": -36.79,
            "research_to_sale_ratio": 17.62,
            "price_fair": 85.29,
            "eps_avg_yearly": 2.44,
            "eps_latest_yearly": 0.08,
            "eps_growth_yearly": 141.4
        },
        "20184": {
            "year_quarter": 20184,
            "year": 2018,
            "quarter": 4,
            "eps": 0.41,
            "eps_growth_year": 11.55,
            "eps_4q": 0.35,
            "eps_4q_growth_year": -85.19,
            "roe": 1.85,
            "roe_4q": 1.46,
            "gross_profit": 48581,
            "gross_margin": 36.28,
            "gross_margin_4q_avg": 31.68,
            "net_income": 13568,
            "revenue": 133921,
            "common_shares": 335090,
            "book_valuer_per_share": 21.82,
            "book_valuer_per_share_4q_avg": 22.45,
            "equity": 725817,
            "current_ratio": 668.08,
            "debt_ratio": 24.15,
            "inventory_turnover_ratio": 1.04,
            "account_receivable_turnover_ratio": 1.22,
            "reinvestment_rate": -11.85,
            "research_to_sale_ratio": 12.76,
            "price_fair": 88.08,
            "eps_avg_yearly": 2.52,
            "eps_latest_yearly": 0.08,
            "eps_growth_yearly": 172.96
        },
        "20191": {
            "year_quarter": 20191,
            "year": 2019,
            "quarter": 1,
            "eps": 0.52,
            "eps_growth_year": 136.36,
            "eps_4q": 0.65,
            "eps_4q_growth_year": -60.35,
            "roe": 2.35,
            "roe_4q": 2.9099999999999997,
            "gross_profit": 60596,
            "gross_margin": 47.67,
            "gross_margin_4q_avg": 34.26,
            "net_income": 17404,
            "revenue": 127127,
            "common_shares": 335090,
            "book_valuer_per_share": 22.57,
            "book_valuer_per_share_4q_avg": 22.18,
            "equity": 753313,
            "current_ratio": 595.25,
            "debt_ratio": 26.89,
            "inventory_turnover_ratio": 0.87,
            "account_receivable_turnover_ratio": 1.06,
            "reinvestment_rate": -9.47,
            "research_to_sale_ratio": 15.67,
            "price_fair": 85.63,
            "eps_avg_yearly": 2.45,
            "eps_latest_yearly": 2.08,
            "eps_growth_yearly": 149.47
        },
        "20192": {
            "year_quarter": 20192,
            "year": 2019,
            "quarter": 2,
            "eps": 0.74,
            "eps_growth_year": 3600,
            "eps_4q": 1.37,
            "eps_4q_growth_year": 59.93,
            "roe": 3.32,
            "roe_4q": 6.159999999999999,
            "gross_profit": 70480,
            "gross_margin": 51.21,
            "gross_margin_4q_avg": 40.25,
            "net_income": 24782,
            "revenue": 137640,
            "common_shares": 335090,
            "book_valuer_per_share": 22.01,
            "book_valuer_per_share_4q_avg": 22.1,
            "equity": 737439,
            "current_ratio": 217.96,
            "debt_ratio": 29.57,
            "inventory_turnover_ratio": 0.78,
            "account_receivable_turnover_ratio": 1.16,
            "reinvestment_rate": -14.6,
            "research_to_sale_ratio": 15.74,
            "price_fair": 89.13,
            "eps_avg_yearly": 2.55,
            "eps_latest_yearly": 2.96,
            "eps_growth_yearly": 176.81
        },
        "20193": {
            "year_quarter": 20193,
            "year": 2019,
            "quarter": 3,
            "eps": 1.18,
            "eps_growth_year": null,
            "eps_4q": 2.84,
            "eps_4q_growth_year": 823.74,
            "roe": 5.2,
            "roe_4q": 12.719999999999999,
            "gross_profit": 97962,
            "gross_margin": 58.45,
            "gross_margin_4q_avg": 48.4,
            "net_income": 39356,
            "revenue": 167613,
            "common_shares": 335090,
            "book_valuer_per_share": 23.19,
            "book_valuer_per_share_4q_avg": 22.4,
            "equity": 776796,
            "current_ratio": 234.77,
            "debt_ratio": 25.45,
            "inventory_turnover_ratio": 0.79,
            "account_receivable_turnover_ratio": 1.32,
            "reinvestment_rate": 26.21,
            "research_to_sale_ratio": 15.4,
            "price_fair": 90.07,
            "eps_avg_yearly": 2.57,
            "eps_latest_yearly": 4.72,
            "eps_growth_yearly": 146.63
        },
        "20194": {
            "year_quarter": 20194,
            "year": 2019,
            "quarter": 4,
            "eps": 0.32,
            "eps_growth_year": -22.73,
            "eps_4q": 2.43,
            "eps_4q_growth_year": 593.85,
            "roe": 1.16,
            "roe_4q": 12.03,
            "gross_profit": 94089,
            "gross_margin": 50.96,
            "gross_margin_4q_avg": 52.07,
            "net_income": 12136,
            "revenue": 184637,
            "common_shares": 385090,
            "book_valuer_per_share": 34.25,
            "book_valuer_per_share_4q_avg": 25.51,
            "equity": 1318808,
            "current_ratio": 406.67,
            "debt_ratio": 18.24,
            "inventory_turnover_ratio": 0.97,
            "account_receivable_turnover_ratio": 1.25,
            "reinvestment_rate": 31.72,
            "research_to_sale_ratio": 19.87,
            "price_fair": 86.58,
            "eps_avg_yearly": 2.47,
            "eps_latest_yearly": 1.28,
            "eps_growth_yearly": 112.93
        },
        "20201": {
            "year_quarter": 20201,
            "year": 2020,
            "quarter": 1,
            "eps": 0.95,
            "eps_growth_year": 82.69,
            "eps_4q": 2.93,
            "eps_4q_growth_year": 350.26,
            "roe": 2.73,
            "roe_4q": 12.41,
            "gross_profit": 86538,
            "gross_margin": 52.43,
            "gross_margin_4q_avg": 53.26,
            "net_income": 36486,
            "revenue": 165058,
            "common_shares": 385090,
            "book_valuer_per_share": 35.2,
            "book_valuer_per_share_4q_avg": 28.66,
            "equity": 1355294,
            "current_ratio": 381.87,
            "debt_ratio": 18.45,
            "inventory_turnover_ratio": 0.7,
            "account_receivable_turnover_ratio": 0.99,
            "reinvestment_rate": 58.13,
            "research_to_sale_ratio": 14.42,
            "price_fair": 89.9,
            "eps_avg_yearly": 2.57,
            "eps_latest_yearly": 3.8,
            "eps_growth_yearly": 161.11
        },
        "20202": {
            "year_quarter": 20202,
            "year": 2020,
            "quarter": 2,
            "eps": 1.12,
            "eps_growth_year": 51.35,
            "eps_4q": 3.41,
            "eps_4q_growth_year": 149.66,
            "roe": 3.24,
            "roe_4q": 12.330000000000002,
            "gross_profit": 105571,
            "gross_margin": 55.13,
            "gross_margin_4q_avg": 54.24,
            "net_income": 43351,
            "revenue": 191481,
            "common_shares": 385090,
            "book_valuer_per_share": 34.33,
            "book_valuer_per_share_4q_avg": 31.74,
            "equity": 1321645,
            "current_ratio": 474.57,
            "debt_ratio": 13.31,
            "inventory_turnover_ratio": 0.73,
            "account_receivable_turnover_ratio": 0.98,
            "reinvestment_rate": 69.14,
            "research_to_sale_ratio": 14.59,
            "price_fair": 93.7,
            "eps_avg_yearly": 2.68,
            "eps_latest_yearly": 4.48,
            "eps_growth_yearly": 89.08
        },
        "20203": {
            "year_quarter": 20203,
            "year": 2020,
            "quarter": 3,
            "eps": 1.2,
            "eps_growth_year": 1.69,
            "eps_4q": 3.59,
            "eps_4q_growth_year": 26.27,
            "roe": 3.42,
            "roe_4q": 10.55,
            "gross_profit": 112654,
            "gross_margin": 56.56,
            "gross_margin_4q_avg": 53.77,
            "net_income": 46052,
            "revenue": 199190,
            "common_shares": 385090,
            "book_valuer_per_share": 35.52,
            "book_valuer_per_share_4q_avg": 34.83,
            "equity": 1367697,
            "current_ratio": 558.32,
            "debt_ratio": 10.85,
            "inventory_turnover_ratio": 0.77,
            "account_receivable_turnover_ratio": 0.93,
            "reinvestment_rate": 60.5,
            "research_to_sale_ratio": 12.84,
            "price_fair": 102,
            "eps_avg_yearly": 2.91,
            "eps_latest_yearly": 4.8,
            "eps_growth_yearly": 105.41
        },
        "20204": {
            "year_quarter": 20204,
            "year": 2020,
            "quarter": 4,
            "eps": 0.31,
            "eps_growth_year": -1.26,
            "eps_4q": 3.58,
            "eps_4q_growth_year": 47.18,
            "roe": 0.87,
            "roe_4q": 10.26,
            "gross_profit": 73402,
            "gross_margin": 47.34,
            "gross_margin_4q_avg": 52.87,
            "net_income": 11983,
            "revenue": 155048,
            "common_shares": 385090,
            "book_valuer_per_share": 35.74,
            "book_valuer_per_share_4q_avg": 35.2,
            "equity": 1375952,
            "current_ratio": 531.69,
            "debt_ratio": 10.51,
            "inventory_turnover_ratio": 0.67,
            "account_receivable_turnover_ratio": 0.86,
            "reinvestment_rate": 89.15,
            "research_to_sale_ratio": 17.53,
            "price_fair": 7.75,
            "eps_avg_yearly": 2.58,
            "eps_latest_yearly": 1.24,
            "eps_growth_yearly": -0.72
        },
        "20211": {
            "year_quarter": 20211,
            "year": 2021,
            "quarter": 1,
            "eps": 0.03,
            "eps_growth_year": -96.84,
            "eps_4q": 2.67,
            "eps_4q_growth_year": -8.95,
            "roe": 0.09,
            "roe_4q": 7.62,
            "gross_profit": 56527,
            "gross_margin": 43.81,
            "gross_margin_4q_avg": 50.71,
            "net_income": 1277,
            "revenue": 129033,
            "common_shares": 385090,
            "book_valuer_per_share": 35.77,
            "book_valuer_per_share_4q_avg": 35.34,
            "equity": 1377229,
            "current_ratio": 627,
            "debt_ratio": 8.95,
            "inventory_turnover_ratio": 0.54,
            "account_receivable_turnover_ratio": 0.93,
            "reinvestment_rate": 97.48,
            "research_to_sale_ratio": 20.74,
            "price_fair": 6.93,
            "eps_avg_yearly": 2.31,
            "eps_latest_yearly": 0.12,
            "eps_growth_yearly": -17.2
        },
        "20212": {
            "year_quarter": 20212,
            "year": 2021,
            "quarter": 2,
            "eps": 0.37,
            "eps_growth_year": -66.96,
            "eps_4q": 1.91,
            "eps_4q_growth_year": -43.98,
            "roe": 1.03,
            "roe_4q": 5.41,
            "gross_profit": 58684,
            "gross_margin": 43.31,
            "gross_margin_4q_avg": 47.76,
            "net_income": 14273,
            "revenue": 135499,
            "common_shares": 385090,
            "book_valuer_per_share": 36.15,
            "book_valuer_per_share_4q_avg": 35.8,
            "equity": 1392252,
            "current_ratio": 749.08,
            "debt_ratio": 7.5,
            "inventory_turnover_ratio": 0.53,
            "account_receivable_turnover_ratio": 1.05,
            "reinvestment_rate": 98.36,
            "research_to_sale_ratio": 19.91,
            "price_fair": 76.1,
            "eps_avg_yearly": 2.17,
            "eps_latest_yearly": 1.48,
            "eps_growth_yearly": 310.94
        },
        "20213": {
            "year_quarter": 20213,
            "year": 2021,
            "quarter": 3,
            "eps": -0.27,
            "eps_growth_year": -122.5,
            "eps_4q": 0.45,
            "eps_4q_growth_year": -87.57,
            "roe": -0.77,
            "roe_4q": 1.22,
            "gross_profit": 33890,
            "gross_margin": 30.97,
            "gross_margin_4q_avg": 41.36,
            "net_income": -10374,
            "revenue": 109429,
            "common_shares": 385090,
            "book_valuer_per_share": 33.39,
            "book_valuer_per_share_4q_avg": 35.26,
            "equity": 1285628,
            "current_ratio": 409.41,
            "debt_ratio": 13.45,
            "inventory_turnover_ratio": 0.51,
            "account_receivable_turnover_ratio": 0.94,
            "reinvestment_rate": 90.1,
            "research_to_sale_ratio": 23.55,
            "price_fair": 79.15,
            "eps_avg_yearly": 2.26,
            "eps_latest_yearly": 1.48,
            "eps_growth_yearly": 356.1
        },
        "20214": {
            "year_quarter": 20214,
            "year": 2021,
            "quarter": 4,
            "eps": 0.17,
            "eps_growth_year": -45.58,
            "eps_4q": 0.3,
            "eps_4q_growth_year": -91.52,
            "roe": 0.51,
            "roe_4q": 0.86,
            "gross_profit": 42885,
            "gross_margin": 29.6,
            "gross_margin_4q_avg": 36.92,
            "net_income": 6523,
            "revenue": 144866,
            "common_shares": 385090,
            "book_valuer_per_share": 33.41,
            "book_valuer_per_share_4q_avg": 34.68,
            "equity": 1286427,
            "current_ratio": 712.37,
            "debt_ratio": 7.66,
            "inventory_turnover_ratio": 0.79,
            "account_receivable_turnover_ratio": 1.15,
            "reinvestment_rate": 142.06,
            "research_to_sale_ratio": 13.99,
            "price_fair": 81.43,
            "eps_avg_yearly": 2.33,
            "eps_latest_yearly": 1.48,
            "eps_growth_yearly": 371.67
        },
        "20221": {
            "year_quarter": 20221,
            "year": 2022,
            "quarter": 1,
            "eps": 0.63,
            "eps_growth_year": 2000,
            "eps_4q": 0.9,
            "eps_4q_growth_year": -66.2,
            "roe": 1.87,
            "roe_4q": 2.6399999999999997,
            "gross_profit": 66649,
            "gross_margin": 37.61,
            "gross_margin_4q_avg": 35.37,
            "net_income": 24282,
            "revenue": 177223,
            "common_shares": 385090,
            "book_valuer_per_share": 34.04,
            "book_valuer_per_share_4q_avg": 34.25,
            "equity": 1310709,
            "current_ratio": 825.9,
            "debt_ratio": 9.83,
            "inventory_turnover_ratio": 1.02,
            "account_receivable_turnover_ratio": 1.06,
            "reinvestment_rate": 122.29,
            "research_to_sale_ratio": 13.84,
            "price_fair": 86.22,
            "eps_avg_yearly": 2.46,
            "eps_latest_yearly": 2.52,
            "eps_growth_yearly": 475.38
        },
        "20222": {
            "year_quarter": 20222,
            "year": 2022,
            "quarter": 2,
            "eps": 0.78,
            "eps_growth_year": 110.81,
            "eps_4q": 1.31,
            "eps_4q_growth_year": -31.65,
            "roe": 2.32,
            "roe_4q": 3.9299999999999993,
            "gross_profit": 74971,
            "gross_margin": 42.28,
            "gross_margin_4q_avg": 35.12,
            "net_income": 29861,
            "revenue": 177320,
            "common_shares": 385090,
            "book_valuer_per_share": 32.81,
            "book_valuer_per_share_4q_avg": 33.41,
            "equity": 1263552,
            "current_ratio": 461.39,
            "debt_ratio": 15.65,
            "inventory_turnover_ratio": 1,
            "account_receivable_turnover_ratio": 0.92,
            "reinvestment_rate": 96.82,
            "research_to_sale_ratio": 14.31,
            "price_fair": 95.08,
            "eps_avg_yearly": 2.72,
            "eps_latest_yearly": 3.12,
            "eps_growth_yearly": 513.62
        },
        "20223": {
            "year_quarter": 20223,
            "year": 2022,
            "quarter": 3,
            "eps": 0.91,
            "eps_growth_year": null,
            "eps_4q": 2.49,
            "eps_4q_growth_year": 458.33,
            "roe": 2.74,
            "roe_4q": 7.44,
            "gross_profit": 65442,
            "gross_margin": 44.46,
            "gross_margin_4q_avg": 38.49,
            "net_income": 35138,
            "revenue": 147201,
            "common_shares": 385090,
            "book_valuer_per_share": 33.72,
            "book_valuer_per_share_4q_avg": 33.5,
            "equity": 1298690,
            "current_ratio": 785.89,
            "debt_ratio": 10.68,
            "inventory_turnover_ratio": 0.75,
            "account_receivable_turnover_ratio": 0.79,
            "reinvestment_rate": 77.79,
            "research_to_sale_ratio": 17.22,
            "price_fair": 97.57,
            "eps_avg_yearly": 2.79,
            "eps_latest_yearly": 3.64,
            "eps_growth_yearly": 479.24
        },
        "20224": {
            "year_quarter": 20224,
            "year": 2022,
            "quarter": 4,
            "eps": 0.01,
            "eps_growth_year": -95.57,
            "eps_4q": 2.33,
            "eps_4q_growth_year": 665.62,
            "roe": 0.02,
            "roe_4q": 6.95,
            "gross_profit": 49204,
            "gross_margin": 40.25,
            "gross_margin_4q_avg": 41.15,
            "net_income": 289,
            "revenue": 122249,
            "common_shares": 385090,
            "book_valuer_per_share": 33.72,
            "book_valuer_per_share_4q_avg": 33.57,
            "equity": 1298456,
            "current_ratio": 761.78,
            "debt_ratio": 10.77,
            "inventory_turnover_ratio": 0.61,
            "account_receivable_turnover_ratio": 0.8,
            "reinvestment_rate": 57.5,
            "research_to_sale_ratio": 18.6,
            "price_fair": 90.7,
            "eps_avg_yearly": 2.59,
            "eps_latest_yearly": 0.04,
            "eps_growth_yearly": 416.75
        },
        "20231": {
            "year_quarter": 20231,
            "year": 2023,
            "quarter": 1,
            "eps": -0.83,
            "eps_growth_year": -231.75,
            "eps_4q": 0.87,
            "eps_4q_growth_year": -3.58,
            "roe": -2.48,
            "roe_4q": 2.6,
            "gross_profit": 6348,
            "gross_margin": 8.93,
            "gross_margin_4q_avg": 33.98,
            "net_income": -31826,
            "revenue": 71065,
            "common_shares": 385090,
            "book_valuer_per_share": 32.89,
            "book_valuer_per_share_4q_avg": 33.29,
            "equity": 1266630,
            "current_ratio": 1136.15,
            "debt_ratio": 8.19,
            "inventory_turnover_ratio": 0.5,
            "account_receivable_turnover_ratio": 0.69,
            "reinvestment_rate": 57.9,
            "research_to_sale_ratio": 29.46,
            "price_fair": 92.08,
            "eps_avg_yearly": 2.63,
            "eps_latest_yearly": 0.04,
            "eps_growth_yearly": 440.56
        }
    },
    "months": {
        "2013-10": {
            "month": "2013-10",
            "price": "42.33",
            "revenue": 44585
        },
        "2013-11": {
            "month": "2013-11",
            "price": "40.66",
            "revenue": 41436
        },
        "2013-12": {
            "month": "2013-12",
            "price": "42.65",
            "revenue": 52654
        },
        "2014-01": {
            "month": "2014-01",
            "price": "44.31",
            "revenue": 47472
        },
        "2014-02": {
            "month": "2014-02",
            "price": "54.69",
            "revenue": 46728
        },
        "2014-03": {
            "month": "2014-03",
            "price": "68.54",
            "revenue": 42980
        },
        "2014-04": {
            "month": "2014-04",
            "price": "68.90",
            "revenue": 39273
        },
        "2014-05": {
            "month": "2014-05",
            "price": "71.96",
            "revenue": 44111
        },
        "2014-06": {
            "month": "2014-06",
            "price": "78.88",
            "revenue": 42404
        },
        "2014-07": {
            "month": "2014-07",
            "price": "70.01",
            "revenue": 42638
        },
        "2014-08": {
            "month": "2014-08",
            "price": "59.30",
            "revenue": 40949
        },
        "2014-09": {
            "month": "2014-09",
            "price": "59.30",
            "revenue": 37181
        },
        "2014-10": {
            "month": "2014-10",
            "price": "47.49",
            "revenue": 36065
        },
        "2014-11": {
            "month": "2014-11",
            "price": "43.80",
            "revenue": 38670
        },
        "2014-12": {
            "month": "2014-12",
            "price": "50.16",
            "revenue": 36296
        },
        "2015-01": {
            "month": "2015-01",
            "price": "47.06",
            "revenue": 48997
        },
        "2015-02": {
            "month": "2015-02",
            "price": "42.93",
            "revenue": 40309
        },
        "2015-03": {
            "month": "2015-03",
            "price": "44.71",
            "revenue": 48632
        },
        "2015-04": {
            "month": "2015-04",
            "price": "42.32",
            "revenue": 37249
        },
        "2015-05": {
            "month": "2015-05",
            "price": "35.92",
            "revenue": 44779
        },
        "2015-06": {
            "month": "2015-06",
            "price": "36.26",
            "revenue": 46724
        },
        "2015-07": {
            "month": "2015-07",
            "price": "38.22",
            "revenue": 45188
        },
        "2015-08": {
            "month": "2015-08",
            "price": "31.24",
            "revenue": 42873
        },
        "2015-09": {
            "month": "2015-09",
            "price": "30.32",
            "revenue": 35945
        },
        "2015-10": {
            "month": "2015-10",
            "price": "31.51",
            "revenue": 40028
        },
        "2015-11": {
            "month": "2015-11",
            "price": "34.54",
            "revenue": 48310
        },
        "2015-12": {
            "month": "2015-12",
            "price": "36.25",
            "revenue": 44431
        },
        "2016-01": {
            "month": "2016-01",
            "price": "35.39",
            "revenue": 42957
        },
        "2016-02": {
            "month": "2016-02",
            "price": "35.61",
            "revenue": 27500
        },
        "2016-03": {
            "month": "2016-03",
            "price": "36.82",
            "revenue": 42419
        },
        "2016-04": {
            "month": "2016-04",
            "price": "34.91",
            "revenue": 42583
        },
        "2016-05": {
            "month": "2016-05",
            "price": "33.35",
            "revenue": 42611
        },
        "2016-06": {
            "month": "2016-06",
            "price": "33.27",
            "revenue": 37346
        },
        "2016-07": {
            "month": "2016-07",
            "price": "33.84",
            "revenue": 42797
        },
        "2016-08": {
            "month": "2016-08",
            "price": "35.76",
            "revenue": 43341
        },
        "2016-09": {
            "month": "2016-09",
            "price": "35.74",
            "revenue": 41137
        },
        "2016-10": {
            "month": "2016-10",
            "price": "35.93",
            "revenue": 44698
        },
        "2016-11": {
            "month": "2016-11",
            "price": "35.23",
            "revenue": 56804
        },
        "2016-12": {
            "month": "2016-12",
            "price": "44.32",
            "revenue": 58385
        },
        "2017-01": {
            "month": "2017-01",
            "price": "67.71",
            "revenue": 49115
        },
        "2017-02": {
            "month": "2017-02",
            "price": "81.13",
            "revenue": 59703
        },
        "2017-03": {
            "month": "2017-03",
            "price": "131.00",
            "revenue": 53721
        },
        "2017-04": {
            "month": "2017-04",
            "price": "171.50",
            "revenue": 52529
        },
        "2017-05": {
            "month": "2017-05",
            "price": "207.60",
            "revenue": 53296
        },
        "2017-06": {
            "month": "2017-06",
            "price": "186.50",
            "revenue": 49628
        },
        "2017-07": {
            "month": "2017-07",
            "price": "150.00",
            "revenue": 37508
        },
        "2017-08": {
            "month": "2017-08",
            "price": "128.15",
            "revenue": 41318
        },
        "2017-09": {
            "month": "2017-09",
            "price": "105.25",
            "revenue": 40456
        },
        "2017-10": {
            "month": "2017-10",
            "price": "103.14",
            "revenue": 33603
        },
        "2017-11": {
            "month": "2017-11",
            "price": "86.06",
            "revenue": 41128
        },
        "2017-12": {
            "month": "2017-12",
            "price": "80.41",
            "revenue": 39884
        },
        "2018-01": {
            "month": "2018-01",
            "price": "84.10",
            "revenue": 41384
        },
        "2018-02": {
            "month": "2018-02",
            "price": "63.75",
            "revenue": 27328
        },
        "2018-03": {
            "month": "2018-03",
            "price": "69.32",
            "revenue": 51922
        },
        "2018-04": {
            "month": "2018-04",
            "price": "63.04",
            "revenue": 34086
        },
        "2018-05": {
            "month": "2018-05",
            "price": "53.07",
            "revenue": 43092
        },
        "2018-06": {
            "month": "2018-06",
            "price": "56.42",
            "revenue": 27341
        },
        "2018-07": {
            "month": "2018-07",
            "price": "50.86",
            "revenue": 31890
        },
        "2018-08": {
            "month": "2018-08",
            "price": "49.55",
            "revenue": 30817
        },
        "2018-09": {
            "month": "2018-09",
            "price": "48.85",
            "revenue": 38128
        },
        "2018-10": {
            "month": "2018-10",
            "price": "40.90",
            "revenue": 42772
        },
        "2018-11": {
            "month": "2018-11",
            "price": "41.68",
            "revenue": 52319
        },
        "2018-12": {
            "month": "2018-12",
            "price": "65.89",
            "revenue": 38830
        },
        "2019-01": {
            "month": "2019-01",
            "price": "81.82",
            "revenue": 45108
        },
        "2019-02": {
            "month": "2019-02",
            "price": "85.59",
            "revenue": 31085
        },
        "2019-03": {
            "month": "2019-03",
            "price": "79.36",
            "revenue": 50934
        },
        "2019-04": {
            "month": "2019-04",
            "price": "83.76",
            "revenue": 38477
        },
        "2019-05": {
            "month": "2019-05",
            "price": "70.28",
            "revenue": 47233
        },
        "2019-06": {
            "month": "2019-06",
            "price": "75.11",
            "revenue": 51930
        },
        "2019-07": {
            "month": "2019-07",
            "price": "101.37",
            "revenue": 60505
        },
        "2019-08": {
            "month": "2019-08",
            "price": "122.07",
            "revenue": 56675
        },
        "2019-09": {
            "month": "2019-09",
            "price": "125.45",
            "revenue": 50433
        },
        "2019-10": {
            "month": "2019-10",
            "price": "134.48",
            "revenue": 58192
        },
        "2019-11": {
            "month": "2019-11",
            "price": "142.14",
            "revenue": 65506
        },
        "2019-12": {
            "month": "2019-12",
            "price": "166.32",
            "revenue": 60939
        },
        "2020-01": {
            "month": "2020-01",
            "price": "162.60",
            "revenue": 49881
        },
        "2020-02": {
            "month": "2020-02",
            "price": "136.95",
            "revenue": 50705
        },
        "2020-03": {
            "month": "2020-03",
            "price": "99.58",
            "revenue": 64471
        },
        "2020-04": {
            "month": "2020-04",
            "price": "115.44",
            "revenue": 57789
        },
        "2020-05": {
            "month": "2020-05",
            "price": "141.05",
            "revenue": 62787
        },
        "2020-06": {
            "month": "2020-06",
            "price": "137.72",
            "revenue": 70906
        },
        "2020-07": {
            "month": "2020-07",
            "price": "146.61",
            "revenue": 79922
        },
        "2020-08": {
            "month": "2020-08",
            "price": "139.17",
            "revenue": 68343
        },
        "2020-09": {
            "month": "2020-09",
            "price": "117.45",
            "revenue": 50925
        },
        "2020-10": {
            "month": "2020-10",
            "price": "101.92",
            "revenue": 54037
        },
        "2020-11": {
            "month": "2020-11",
            "price": "114.50",
            "revenue": 58270
        },
        "2020-12": {
            "month": "2020-12",
            "price": "119.09",
            "revenue": 42741
        },
        "2021-01": {
            "month": "2021-01",
            "price": "104.94",
            "revenue": 46750
        },
        "2021-02": {
            "month": "2021-02",
            "price": "101.16",
            "revenue": 26132
        },
        "2021-03": {
            "month": "2021-03",
            "price": "100.40",
            "revenue": 56151
        },
        "2021-04": {
            "month": "2021-04",
            "price": "103.83",
            "revenue": 51629
        },
        "2021-05": {
            "month": "2021-05",
            "price": "80.97",
            "revenue": 45997
        },
        "2021-06": {
            "month": "2021-06",
            "price": "81.18",
            "revenue": 37873
        },
        "2021-07": {
            "month": "2021-07",
            "price": "74.67",
            "revenue": 36153
        },
        "2021-08": {
            "month": "2021-08",
            "price": "64.62",
            "revenue": 35355
        },
        "2021-09": {
            "month": "2021-09",
            "price": "61.41",
            "revenue": 37921
        },
        "2021-10": {
            "month": "2021-10",
            "price": "59.58",
            "revenue": 40627
        },
        "2021-11": {
            "month": "2021-11",
            "price": "74.83",
            "revenue": 50852
        },
        "2021-12": {
            "month": "2021-12",
            "price": "73.35",
            "revenue": 53387
        },
        "2022-01": {
            "month": "2022-01",
            "price": "72.74",
            "revenue": 58172
        },
        "2022-02": {
            "month": "2022-02",
            "price": "71.67",
            "revenue": 56379
        },
        "2022-03": {
            "month": "2022-03",
            "price": "69.06",
            "revenue": 62672
        },
        "2022-04": {
            "month": "2022-04",
            "price": "71.75",
            "revenue": 54662
        },
        "2022-05": {
            "month": "2022-05",
            "price": "65.03",
            "revenue": 64811
        },
        "2022-06": {
            "month": "2022-06",
            "price": "64.25",
            "revenue": 57847
        },
        "2022-07": {
            "month": "2022-07",
            "price": "58.52",
            "revenue": 51114
        },
        "2022-08": {
            "month": "2022-08",
            "price": "77.00",
            "revenue": 52664
        },
        "2022-09": {
            "month": "2022-09",
            "price": "78.20",
            "revenue": 43423
        },
        "2022-10": {
            "month": "2022-10",
            "price": "63.74",
            "revenue": 42309
        },
        "2022-11": {
            "month": "2022-11",
            "price": "62.16",
            "revenue": 44624
        },
        "2022-12": {
            "month": "2022-12",
            "price": "66.49",
            "revenue": 35316
        },
        "2023-01": {
            "month": "2023-01",
            "price": "61.78",
            "revenue": 23259
        },
        "2023-02": {
            "month": "2023-02",
            "price": "63.61",
            "revenue": 23599
        },
        "2023-03": {
            "month": "2023-03",
            "price": "65.93",
            "revenue": 24207
        },
        "2023-04": {
            "month": "2023-04",
            "price": "63.58",
            "revenue": 19245
        },
        "2023-05": {
            "month": "2023-05",
            "price": "60.25",
            "revenue": 25966
        }
    }
}
