{
    "summary": {
        "stock_name": "光麗-KY",
        "stock_id": "6431",
        "category": "生技醫療",
        "main_business": "化妝品及保養品製造銷售<br>光學玻璃專業加工服務",
        "website_url": "http://www.kl-holdings.com/",
        "ceo": "張清璉",
        "pe_ratio": -7,
        "report_year_from": 2014,
        "report_year_to": 2023,
        "age": 10,
        "eps_negative_percentage": 90,
        "eps_growth_avg": {
            "last_all": -100,
            "last_2y": -100,
            "last_4y": -100,
            "last_8y": -100,
            "last_12y": null,
            "last_16y": null,
            "last_20y": null,
            "at_2006_last_3y": null,
            "at_2007_last_3y": null,
            "at_2008_last_3y": null,
            "at_2009_last_3y": null,
            "at_2010_last_3y": null,
            "at_2011_last_3y": null,
            "at_2012_last_3y": null,
            "at_2013_last_3y": null,
            "at_2014_last_3y": null,
            "at_2015_last_3y": null,
            "at_2016_last_3y": null,
            "at_2017_last_3y": null,
            "at_2018_last_3y": null,
            "at_2019_last_3y": null,
            "at_2020_last_3y": null,
            "at_2021_last_3y": null,
            "at_2022_last_3y": -100,
            "at_2023_last_3y": -100,
            "at_2024_last_3y": -100,
            "at_2006_last_all": null,
            "at_2007_last_all": null,
            "at_2008_last_all": null,
            "at_2009_last_all": null,
            "at_2010_last_all": null,
            "at_2011_last_all": null,
            "at_2012_last_all": null,
            "at_2013_last_all": null,
            "at_2014_last_all": null,
            "at_2015_last_all": null,
            "at_2016_last_all": null,
            "at_2017_last_all": null,
            "at_2018_last_all": null,
            "at_2019_last_all": null,
            "at_2020_last_all": null,
            "at_2021_last_all": null,
            "at_2022_last_all": -100,
            "at_2023_last_all": -100,
            "at_2024_last_all": -100
        },
        "latest_eps": -1.82,
        "latest_price": 12.35,
        "latest_roe": -16.93,
        "latest_gross_margin": 20.53,
        "latest_equity": 557922,
        "latest_revenue": 76379,
        "latest_gross_profit": 15679,
        "latest_net_income": -36102,
        "latest_debt_ratio": 46.52,
        "latest_current_ratio": 107.98,
        "latest_account_receivable_turnover_ratio": 1.16,
        "latest_inventory_turnover_ratio": 1.19,
        "latest_reinvestment_rate": null,
        "latest_research_to_sale_ratio": 10.9
    },
    "eps_dividends": {
        "2001": {
            "cash": 0,
            "stock": 0,
            "eps": 0
        },
        "2002": {
            "cash": 0,
            "stock": 0,
            "eps": 0
        },
        "2003": {
            "cash": 0,
            "stock": 0,
            "eps": 0
        },
        "2004": {
            "cash": 0,
            "stock": 0,
            "eps": 0
        },
        "2005": {
            "cash": 0,
            "stock": 0,
            "eps": 0
        },
        "2006": {
            "cash": 0,
            "stock": 0,
            "eps": 0
        },
        "2007": {
            "cash": 0,
            "stock": 0,
            "eps": 0
        },
        "2008": {
            "cash": 0,
            "stock": 0,
            "eps": 0
        },
        "2009": {
            "cash": 0,
            "stock": 0,
            "eps": 0
        },
        "2010": {
            "cash": 0,
            "stock": 0,
            "eps": 0
        },
        "2011": {
            "cash": 0,
            "stock": 0,
            "eps": 0
        },
        "2012": {
            "cash": 0,
            "stock": 0,
            "eps": 0
        },
        "2013": {
            "cash": 0,
            "stock": 0,
            "eps": 0
        },
        "2014": {
            "cash": 2.5,
            "stock": 0,
            "eps": -0.28
        },
        "2015": {
            "cash": 2.5,
            "stock": 0,
            "eps": -4.56
        },
        "2016": {
            "cash": 0,
            "stock": 0,
            "eps": -5.95
        },
        "2017": {
            "cash": 0,
            "stock": 0,
            "eps": -3.48
        },
        "2018": {
            "cash": 0,
            "stock": 0,
            "eps": -0.42
        },
        "2019": {
            "cash": 0,
            "stock": 0,
            "eps": -0.6
        },
        "2020": {
            "cash": 0,
            "stock": 0,
            "eps": -1.37
        },
        "2021": {
            "cash": 0,
            "stock": 0,
            "eps": 0.51
        },
        "2022": {
            "cash": 0,
            "stock": 0,
            "eps": -1.23
        },
        "2023": {
            "cash": 0,
            "stock": 0,
            "eps": -1.82
        }
    },
    "dividends": {
        "2014-06-20": {
            "cash": 2.5,
            "stock": 0
        },
        "2015-08-28": {
            "cash": 2.5,
            "stock": 0
        }
    },
    "prices": {
        "200101": "無",
        "200102": "無",
        "200103": "無",
        "200104": "無",
        "200105": "無",
        "200106": "無",
        "200107": "無",
        "200108": "無",
        "200109": "無",
        "200110": "無",
        "200111": "無",
        "200112": "無",
        "200201": "無",
        "200202": "無",
        "200203": "無",
        "200204": "無",
        "200205": "無",
        "200206": "無",
        "200207": "無",
        "200208": "無",
        "200209": "無",
        "200210": "無",
        "200211": "無",
        "200212": "無",
        "200301": "無",
        "200302": "無",
        "200303": "無",
        "200304": "無",
        "200305": "無",
        "200306": "無",
        "200307": "無",
        "200308": "無",
        "200309": "無",
        "200310": "無",
        "200311": "無",
        "200312": "無",
        "200401": "無",
        "200402": "無",
        "200403": "無",
        "200404": "無",
        "200405": "無",
        "200406": "無",
        "200407": "無",
        "200408": "無",
        "200409": "無",
        "200410": "無",
        "200411": "無",
        "200412": "無",
        "200501": "無",
        "200502": "無",
        "200503": "無",
        "200504": "無",
        "200505": "無",
        "200506": "無",
        "200507": "無",
        "200508": "無",
        "200509": "無",
        "200510": "無",
        "200511": "無",
        "200512": "無",
        "200601": "無",
        "200602": "無",
        "200603": "無",
        "200604": "無",
        "200605": "無",
        "200606": "無",
        "200607": "無",
        "200608": "無",
        "200609": "無",
        "200610": "無",
        "200611": "無",
        "200612": "無",
        "200701": "無",
        "200702": "無",
        "200703": "無",
        "200704": "無",
        "200705": "無",
        "200706": "無",
        "200707": "無",
        "200708": "無",
        "200709": "無",
        "200710": "無",
        "200711": "無",
        "200712": "無",
        "200801": "無",
        "200802": "無",
        "200803": "無",
        "200804": "無",
        "200805": "無",
        "200806": "無",
        "200807": "無",
        "200808": "無",
        "200809": "無",
        "200810": "無",
        "200811": "無",
        "200812": "無",
        "200901": "無",
        "200902": "無",
        "200903": "無",
        "200904": "無",
        "200905": "無",
        "200906": "無",
        "200907": "無",
        "200908": "無",
        "200909": "無",
        "200910": "無",
        "200911": "無",
        "200912": "無",
        "201001": "無",
        "201002": "無",
        "201003": "無",
        "201004": "無",
        "201005": "無",
        "201006": "無",
        "201007": "無",
        "201008": "無",
        "201009": "無",
        "201010": "無",
        "201011": "無",
        "201012": "無",
        "201101": "無",
        "201102": "無",
        "201103": "無",
        "201104": "無",
        "201105": "無",
        "201106": "無",
        "201107": "無",
        "201108": "無",
        "201109": "無",
        "201110": "無",
        "201111": "無",
        "201112": "無",
        "201201": "無",
        "201202": "無",
        "201203": "無",
        "201204": "無",
        "201205": "無",
        "201206": "無",
        "201207": "無",
        "201208": "無",
        "201209": "無",
        "201210": "無",
        "201211": "無",
        "201212": "無",
        "201301": "無",
        "201302": "無",
        "201303": "無",
        "201304": "無",
        "201305": "無",
        "201306": "無",
        "201307": "無",
        "201308": "無",
        "201309": "無",
        "201310": "無",
        "201311": "無",
        "201312": "無",
        "201401": "無",
        "201402": "無",
        "201403": "無",
        "201404": "無",
        "201405": "無",
        "201406": "無",
        "201407": "無",
        "201408": "無",
        "201409": "無",
        "201410": "無",
        "201411": "無",
        "201412": "28.86",
        "201501": "27.04",
        "201502": "26.14",
        "201503": "27.28",
        "201504": "26.79",
        "201505": "22.98",
        "201506": "19.21",
        "201507": "17.23",
        "201508": "11.55",
        "201509": "10.55",
        "201510": "13.54",
        "201511": "12.17",
        "201512": "10.20",
        "201601": "9.44",
        "201602": "9.10",
        "201603": "9.96",
        "201604": "8.77",
        "201605": "8.21",
        "201606": "8.80",
        "201607": "9.65",
        "201608": "9.42",
        "201609": "9.08",
        "201610": "8.96",
        "201611": "8.94",
        "201612": "8.39",
        "201701": "8.14",
        "201702": "8.46",
        "201703": "8.45",
        "201704": "8.61",
        "201705": "10.64",
        "201706": "10.53",
        "201707": "12.11",
        "201708": "11.26",
        "201709": "10.42",
        "201710": "11.17",
        "201711": "11.89",
        "201712": "13.12",
        "201801": "15.03",
        "201802": "13.76",
        "201803": "13.46",
        "201804": "13.81",
        "201805": "12.95",
        "201806": "12.61",
        "201807": "11.22",
        "201808": "12.82",
        "201809": "13.29",
        "201810": "12.97",
        "201811": "13.18",
        "201812": "15.25",
        "201901": "16.00",
        "201902": "19.62",
        "201903": "21.02",
        "201904": "27.18",
        "201905": "27.38",
        "201906": "26.36",
        "201907": "25.35",
        "201908": "25.37",
        "201909": "25.32",
        "201910": "26.15",
        "201911": "25.56",
        "201912": "27.22",
        "202001": "29.07",
        "202002": "26.63",
        "202003": "21.53",
        "202004": "22.65",
        "202005": "23.24",
        "202006": "24.03",
        "202007": "26.36",
        "202008": "31.20",
        "202009": "31.43",
        "202010": "28.14",
        "202011": "28.19",
        "202012": "29.98",
        "202101": "29.80",
        "202102": "32.93",
        "202103": "34.35",
        "202104": "35.81",
        "202105": "31.62",
        "202106": "31.33",
        "202107": "35.08",
        "202108": "33.30",
        "202109": "30.33",
        "202110": "29.50",
        "202111": "29.62",
        "202112": "29.21",
        "202201": "26.10",
        "202202": "28.73",
        "202203": "29.13",
        "202204": "29.61",
        "202205": "27.63",
        "202206": "26.57",
        "202207": "24.31",
        "202208": "22.22",
        "202209": "21.24",
        "202210": "20.26",
        "202211": "20.74",
        "202212": "20.90",
        "202301": "20.27",
        "202302": "20.15",
        "202303": "20.35",
        "202304": "21.36",
        "202305": "21.06",
        "202306": "20.26",
        "202307": "19.36",
        "202308": "18.23",
        "202309": "18.25",
        "202310": "17.70",
        "202311": "16.34",
        "202312": "16.25",
        "202401": "16.45",
        "202402": "16.03",
        "202403": "14.77",
        "202404": "無"
    },
    "quarters": {
        "20011": {
            "year_quarter": 20011,
            "year": 2001,
            "quarter": 1,
            "eps": null,
            "eps_growth_year": null,
            "eps_4q": null,
            "eps_4q_growth_year": null,
            "roe": null,
            "roe_4q": 0,
            "gross_profit": null,
            "gross_margin": null,
            "gross_margin_4q_avg": 0,
            "net_income": null,
            "net_income_4q": null,
            "revenue": null,
            "revenue_4q": null,
            "common_shares": null,
            "book_valuer_per_share": null,
            "book_valuer_per_share_4q_avg": 0,
            "equity": null,
            "current_ratio": null,
            "debt_ratio": null,
            "inventory_turnover_ratio": null,
            "account_receivable_turnover_ratio": null,
            "reinvestment_rate": null,
            "research_to_sale_ratio": null,
            "price_fair": 0,
            "eps_avg_yearly": 0,
            "eps_latest_yearly": 0,
            "eps_growth_yearly": 0
        },
        "20012": {
            "year_quarter": 20012,
            "year": 2001,
            "quarter": 2,
            "eps": null,
            "eps_growth_year": null,
            "eps_4q": null,
            "eps_4q_growth_year": null,
            "roe": null,
            "roe_4q": 0,
            "gross_profit": null,
            "gross_margin": null,
            "gross_margin_4q_avg": 0,
            "net_income": null,
            "net_income_4q": null,
            "revenue": null,
            "revenue_4q": null,
            "common_shares": null,
            "book_valuer_per_share": null,
            "book_valuer_per_share_4q_avg": 0,
            "equity": null,
            "current_ratio": null,
            "debt_ratio": null,
            "inventory_turnover_ratio": null,
            "account_receivable_turnover_ratio": null,
            "reinvestment_rate": null,
            "research_to_sale_ratio": null,
            "price_fair": 0,
            "eps_avg_yearly": 0,
            "eps_latest_yearly": 0,
            "eps_growth_yearly": 0
        },
        "20013": {
            "year_quarter": 20013,
            "year": 2001,
            "quarter": 3,
            "eps": null,
            "eps_growth_year": null,
            "eps_4q": null,
            "eps_4q_growth_year": null,
            "roe": null,
            "roe_4q": 0,
            "gross_profit": null,
            "gross_margin": null,
            "gross_margin_4q_avg": 0,
            "net_income": null,
            "net_income_4q": null,
            "revenue": null,
            "revenue_4q": null,
            "common_shares": null,
            "book_valuer_per_share": null,
            "book_valuer_per_share_4q_avg": 0,
            "equity": null,
            "current_ratio": null,
            "debt_ratio": null,
            "inventory_turnover_ratio": null,
            "account_receivable_turnover_ratio": null,
            "reinvestment_rate": null,
            "research_to_sale_ratio": null,
            "price_fair": 0,
            "eps_avg_yearly": 0,
            "eps_latest_yearly": 0,
            "eps_growth_yearly": 0
        },
        "20014": {
            "year_quarter": 20014,
            "year": 2001,
            "quarter": 4,
            "eps": null,
            "eps_growth_year": null,
            "eps_4q": null,
            "eps_4q_growth_year": null,
            "roe": null,
            "roe_4q": 0,
            "gross_profit": null,
            "gross_margin": null,
            "gross_margin_4q_avg": 0,
            "net_income": null,
            "net_income_4q": null,
            "revenue": null,
            "revenue_4q": null,
            "common_shares": null,
            "book_valuer_per_share": null,
            "book_valuer_per_share_4q_avg": 0,
            "equity": null,
            "current_ratio": null,
            "debt_ratio": null,
            "inventory_turnover_ratio": null,
            "account_receivable_turnover_ratio": null,
            "reinvestment_rate": null,
            "research_to_sale_ratio": null,
            "price_fair": 0,
            "eps_avg_yearly": 0,
            "eps_latest_yearly": 0,
            "eps_growth_yearly": 0
        },
        "20021": {
            "year_quarter": 20021,
            "year": 2002,
            "quarter": 1,
            "eps": null,
            "eps_growth_year": null,
            "eps_4q": null,
            "eps_4q_growth_year": null,
            "roe": null,
            "roe_4q": 0,
            "gross_profit": null,
            "gross_margin": null,
            "gross_margin_4q_avg": 0,
            "net_income": null,
            "net_income_4q": null,
            "revenue": null,
            "revenue_4q": null,
            "common_shares": null,
            "book_valuer_per_share": null,
            "book_valuer_per_share_4q_avg": 0,
            "equity": null,
            "current_ratio": null,
            "debt_ratio": null,
            "inventory_turnover_ratio": null,
            "account_receivable_turnover_ratio": null,
            "reinvestment_rate": null,
            "research_to_sale_ratio": null,
            "price_fair": 0,
            "eps_avg_yearly": 0,
            "eps_latest_yearly": 0,
            "eps_growth_yearly": 0
        },
        "20022": {
            "year_quarter": 20022,
            "year": 2002,
            "quarter": 2,
            "eps": null,
            "eps_growth_year": null,
            "eps_4q": null,
            "eps_4q_growth_year": null,
            "roe": null,
            "roe_4q": 0,
            "gross_profit": null,
            "gross_margin": null,
            "gross_margin_4q_avg": 0,
            "net_income": null,
            "net_income_4q": null,
            "revenue": null,
            "revenue_4q": null,
            "common_shares": null,
            "book_valuer_per_share": null,
            "book_valuer_per_share_4q_avg": 0,
            "equity": null,
            "current_ratio": null,
            "debt_ratio": null,
            "inventory_turnover_ratio": null,
            "account_receivable_turnover_ratio": null,
            "reinvestment_rate": null,
            "research_to_sale_ratio": null,
            "price_fair": 0,
            "eps_avg_yearly": 0,
            "eps_latest_yearly": 0,
            "eps_growth_yearly": 0
        },
        "20023": {
            "year_quarter": 20023,
            "year": 2002,
            "quarter": 3,
            "eps": null,
            "eps_growth_year": null,
            "eps_4q": null,
            "eps_4q_growth_year": null,
            "roe": null,
            "roe_4q": 0,
            "gross_profit": null,
            "gross_margin": null,
            "gross_margin_4q_avg": 0,
            "net_income": null,
            "net_income_4q": null,
            "revenue": null,
            "revenue_4q": null,
            "common_shares": null,
            "book_valuer_per_share": null,
            "book_valuer_per_share_4q_avg": 0,
            "equity": null,
            "current_ratio": null,
            "debt_ratio": null,
            "inventory_turnover_ratio": null,
            "account_receivable_turnover_ratio": null,
            "reinvestment_rate": null,
            "research_to_sale_ratio": null,
            "price_fair": 0,
            "eps_avg_yearly": 0,
            "eps_latest_yearly": 0,
            "eps_growth_yearly": 0
        },
        "20024": {
            "year_quarter": 20024,
            "year": 2002,
            "quarter": 4,
            "eps": null,
            "eps_growth_year": null,
            "eps_4q": null,
            "eps_4q_growth_year": null,
            "roe": null,
            "roe_4q": 0,
            "gross_profit": null,
            "gross_margin": null,
            "gross_margin_4q_avg": 0,
            "net_income": null,
            "net_income_4q": null,
            "revenue": null,
            "revenue_4q": null,
            "common_shares": null,
            "book_valuer_per_share": null,
            "book_valuer_per_share_4q_avg": 0,
            "equity": null,
            "current_ratio": null,
            "debt_ratio": null,
            "inventory_turnover_ratio": null,
            "account_receivable_turnover_ratio": null,
            "reinvestment_rate": null,
            "research_to_sale_ratio": null,
            "price_fair": 0,
            "eps_avg_yearly": 0,
            "eps_latest_yearly": 0,
            "eps_growth_yearly": 0
        },
        "20031": {
            "year_quarter": 20031,
            "year": 2003,
            "quarter": 1,
            "eps": null,
            "eps_growth_year": null,
            "eps_4q": null,
            "eps_4q_growth_year": null,
            "roe": null,
            "roe_4q": 0,
            "gross_profit": null,
            "gross_margin": null,
            "gross_margin_4q_avg": 0,
            "net_income": null,
            "net_income_4q": null,
            "revenue": null,
            "revenue_4q": null,
            "common_shares": null,
            "book_valuer_per_share": null,
            "book_valuer_per_share_4q_avg": 0,
            "equity": null,
            "current_ratio": null,
            "debt_ratio": null,
            "inventory_turnover_ratio": null,
            "account_receivable_turnover_ratio": null,
            "reinvestment_rate": null,
            "research_to_sale_ratio": null,
            "price_fair": 0,
            "eps_avg_yearly": 0,
            "eps_latest_yearly": 0,
            "eps_growth_yearly": 0
        },
        "20032": {
            "year_quarter": 20032,
            "year": 2003,
            "quarter": 2,
            "eps": null,
            "eps_growth_year": null,
            "eps_4q": null,
            "eps_4q_growth_year": null,
            "roe": null,
            "roe_4q": 0,
            "gross_profit": null,
            "gross_margin": null,
            "gross_margin_4q_avg": 0,
            "net_income": null,
            "net_income_4q": null,
            "revenue": null,
            "revenue_4q": null,
            "common_shares": null,
            "book_valuer_per_share": null,
            "book_valuer_per_share_4q_avg": 0,
            "equity": null,
            "current_ratio": null,
            "debt_ratio": null,
            "inventory_turnover_ratio": null,
            "account_receivable_turnover_ratio": null,
            "reinvestment_rate": null,
            "research_to_sale_ratio": null,
            "price_fair": 0,
            "eps_avg_yearly": 0,
            "eps_latest_yearly": 0,
            "eps_growth_yearly": 0
        },
        "20033": {
            "year_quarter": 20033,
            "year": 2003,
            "quarter": 3,
            "eps": null,
            "eps_growth_year": null,
            "eps_4q": null,
            "eps_4q_growth_year": null,
            "roe": null,
            "roe_4q": 0,
            "gross_profit": null,
            "gross_margin": null,
            "gross_margin_4q_avg": 0,
            "net_income": null,
            "net_income_4q": null,
            "revenue": null,
            "revenue_4q": null,
            "common_shares": null,
            "book_valuer_per_share": null,
            "book_valuer_per_share_4q_avg": 0,
            "equity": null,
            "current_ratio": null,
            "debt_ratio": null,
            "inventory_turnover_ratio": null,
            "account_receivable_turnover_ratio": null,
            "reinvestment_rate": null,
            "research_to_sale_ratio": null,
            "price_fair": 0,
            "eps_avg_yearly": 0,
            "eps_latest_yearly": 0,
            "eps_growth_yearly": 0
        },
        "20034": {
            "year_quarter": 20034,
            "year": 2003,
            "quarter": 4,
            "eps": null,
            "eps_growth_year": null,
            "eps_4q": null,
            "eps_4q_growth_year": null,
            "roe": null,
            "roe_4q": 0,
            "gross_profit": null,
            "gross_margin": null,
            "gross_margin_4q_avg": 0,
            "net_income": null,
            "net_income_4q": null,
            "revenue": null,
            "revenue_4q": null,
            "common_shares": null,
            "book_valuer_per_share": null,
            "book_valuer_per_share_4q_avg": 0,
            "equity": null,
            "current_ratio": null,
            "debt_ratio": null,
            "inventory_turnover_ratio": null,
            "account_receivable_turnover_ratio": null,
            "reinvestment_rate": null,
            "research_to_sale_ratio": null,
            "price_fair": 0,
            "eps_avg_yearly": 0,
            "eps_latest_yearly": 0,
            "eps_growth_yearly": 0
        },
        "20041": {
            "year_quarter": 20041,
            "year": 2004,
            "quarter": 1,
            "eps": null,
            "eps_growth_year": null,
            "eps_4q": null,
            "eps_4q_growth_year": null,
            "roe": null,
            "roe_4q": 0,
            "gross_profit": null,
            "gross_margin": null,
            "gross_margin_4q_avg": 0,
            "net_income": null,
            "net_income_4q": null,
            "revenue": null,
            "revenue_4q": null,
            "common_shares": null,
            "book_valuer_per_share": null,
            "book_valuer_per_share_4q_avg": 0,
            "equity": null,
            "current_ratio": null,
            "debt_ratio": null,
            "inventory_turnover_ratio": null,
            "account_receivable_turnover_ratio": null,
            "reinvestment_rate": null,
            "research_to_sale_ratio": null,
            "price_fair": 0,
            "eps_avg_yearly": 0,
            "eps_latest_yearly": 0,
            "eps_growth_yearly": 0
        },
        "20042": {
            "year_quarter": 20042,
            "year": 2004,
            "quarter": 2,
            "eps": null,
            "eps_growth_year": null,
            "eps_4q": null,
            "eps_4q_growth_year": null,
            "roe": null,
            "roe_4q": 0,
            "gross_profit": null,
            "gross_margin": null,
            "gross_margin_4q_avg": 0,
            "net_income": null,
            "net_income_4q": null,
            "revenue": null,
            "revenue_4q": null,
            "common_shares": null,
            "book_valuer_per_share": null,
            "book_valuer_per_share_4q_avg": 0,
            "equity": null,
            "current_ratio": null,
            "debt_ratio": null,
            "inventory_turnover_ratio": null,
            "account_receivable_turnover_ratio": null,
            "reinvestment_rate": null,
            "research_to_sale_ratio": null,
            "price_fair": 0,
            "eps_avg_yearly": 0,
            "eps_latest_yearly": 0,
            "eps_growth_yearly": 0
        },
        "20043": {
            "year_quarter": 20043,
            "year": 2004,
            "quarter": 3,
            "eps": null,
            "eps_growth_year": null,
            "eps_4q": null,
            "eps_4q_growth_year": null,
            "roe": null,
            "roe_4q": 0,
            "gross_profit": null,
            "gross_margin": null,
            "gross_margin_4q_avg": 0,
            "net_income": null,
            "net_income_4q": null,
            "revenue": null,
            "revenue_4q": null,
            "common_shares": null,
            "book_valuer_per_share": null,
            "book_valuer_per_share_4q_avg": 0,
            "equity": null,
            "current_ratio": null,
            "debt_ratio": null,
            "inventory_turnover_ratio": null,
            "account_receivable_turnover_ratio": null,
            "reinvestment_rate": null,
            "research_to_sale_ratio": null,
            "price_fair": 0,
            "eps_avg_yearly": 0,
            "eps_latest_yearly": 0,
            "eps_growth_yearly": 0
        },
        "20044": {
            "year_quarter": 20044,
            "year": 2004,
            "quarter": 4,
            "eps": null,
            "eps_growth_year": null,
            "eps_4q": null,
            "eps_4q_growth_year": null,
            "roe": null,
            "roe_4q": 0,
            "gross_profit": null,
            "gross_margin": null,
            "gross_margin_4q_avg": 0,
            "net_income": null,
            "net_income_4q": null,
            "revenue": null,
            "revenue_4q": null,
            "common_shares": null,
            "book_valuer_per_share": null,
            "book_valuer_per_share_4q_avg": 0,
            "equity": null,
            "current_ratio": null,
            "debt_ratio": null,
            "inventory_turnover_ratio": null,
            "account_receivable_turnover_ratio": null,
            "reinvestment_rate": null,
            "research_to_sale_ratio": null,
            "price_fair": 0,
            "eps_avg_yearly": 0,
            "eps_latest_yearly": 0,
            "eps_growth_yearly": 0
        },
        "20051": {
            "year_quarter": 20051,
            "year": 2005,
            "quarter": 1,
            "eps": null,
            "eps_growth_year": null,
            "eps_4q": null,
            "eps_4q_growth_year": null,
            "roe": null,
            "roe_4q": 0,
            "gross_profit": null,
            "gross_margin": null,
            "gross_margin_4q_avg": 0,
            "net_income": null,
            "net_income_4q": null,
            "revenue": null,
            "revenue_4q": null,
            "common_shares": null,
            "book_valuer_per_share": null,
            "book_valuer_per_share_4q_avg": 0,
            "equity": null,
            "current_ratio": null,
            "debt_ratio": null,
            "inventory_turnover_ratio": null,
            "account_receivable_turnover_ratio": null,
            "reinvestment_rate": null,
            "research_to_sale_ratio": null,
            "price_fair": 0,
            "eps_avg_yearly": 0,
            "eps_latest_yearly": 0,
            "eps_growth_yearly": 0
        },
        "20052": {
            "year_quarter": 20052,
            "year": 2005,
            "quarter": 2,
            "eps": null,
            "eps_growth_year": null,
            "eps_4q": null,
            "eps_4q_growth_year": null,
            "roe": null,
            "roe_4q": 0,
            "gross_profit": null,
            "gross_margin": null,
            "gross_margin_4q_avg": 0,
            "net_income": null,
            "net_income_4q": null,
            "revenue": null,
            "revenue_4q": null,
            "common_shares": null,
            "book_valuer_per_share": null,
            "book_valuer_per_share_4q_avg": 0,
            "equity": null,
            "current_ratio": null,
            "debt_ratio": null,
            "inventory_turnover_ratio": null,
            "account_receivable_turnover_ratio": null,
            "reinvestment_rate": null,
            "research_to_sale_ratio": null,
            "price_fair": 0,
            "eps_avg_yearly": 0,
            "eps_latest_yearly": 0,
            "eps_growth_yearly": 0
        },
        "20053": {
            "year_quarter": 20053,
            "year": 2005,
            "quarter": 3,
            "eps": null,
            "eps_growth_year": null,
            "eps_4q": null,
            "eps_4q_growth_year": null,
            "roe": null,
            "roe_4q": 0,
            "gross_profit": null,
            "gross_margin": null,
            "gross_margin_4q_avg": 0,
            "net_income": null,
            "net_income_4q": null,
            "revenue": null,
            "revenue_4q": null,
            "common_shares": null,
            "book_valuer_per_share": null,
            "book_valuer_per_share_4q_avg": 0,
            "equity": null,
            "current_ratio": null,
            "debt_ratio": null,
            "inventory_turnover_ratio": null,
            "account_receivable_turnover_ratio": null,
            "reinvestment_rate": null,
            "research_to_sale_ratio": null,
            "price_fair": 0,
            "eps_avg_yearly": 0,
            "eps_latest_yearly": 0,
            "eps_growth_yearly": 0
        },
        "20054": {
            "year_quarter": 20054,
            "year": 2005,
            "quarter": 4,
            "eps": null,
            "eps_growth_year": null,
            "eps_4q": null,
            "eps_4q_growth_year": null,
            "roe": null,
            "roe_4q": 0,
            "gross_profit": null,
            "gross_margin": null,
            "gross_margin_4q_avg": 0,
            "net_income": null,
            "net_income_4q": null,
            "revenue": null,
            "revenue_4q": null,
            "common_shares": null,
            "book_valuer_per_share": null,
            "book_valuer_per_share_4q_avg": 0,
            "equity": null,
            "current_ratio": null,
            "debt_ratio": null,
            "inventory_turnover_ratio": null,
            "account_receivable_turnover_ratio": null,
            "reinvestment_rate": null,
            "research_to_sale_ratio": null,
            "price_fair": 0,
            "eps_avg_yearly": 0,
            "eps_latest_yearly": 0,
            "eps_growth_yearly": 0
        },
        "20061": {
            "year_quarter": 20061,
            "year": 2006,
            "quarter": 1,
            "eps": null,
            "eps_growth_year": null,
            "eps_4q": null,
            "eps_4q_growth_year": null,
            "roe": null,
            "roe_4q": 0,
            "gross_profit": null,
            "gross_margin": null,
            "gross_margin_4q_avg": 0,
            "net_income": null,
            "net_income_4q": null,
            "revenue": null,
            "revenue_4q": null,
            "common_shares": null,
            "book_valuer_per_share": null,
            "book_valuer_per_share_4q_avg": 0,
            "equity": null,
            "current_ratio": null,
            "debt_ratio": null,
            "inventory_turnover_ratio": null,
            "account_receivable_turnover_ratio": null,
            "reinvestment_rate": null,
            "research_to_sale_ratio": null,
            "price_fair": 0,
            "eps_avg_yearly": 0,
            "eps_latest_yearly": 0,
            "eps_growth_yearly": 0
        },
        "20062": {
            "year_quarter": 20062,
            "year": 2006,
            "quarter": 2,
            "eps": null,
            "eps_growth_year": null,
            "eps_4q": null,
            "eps_4q_growth_year": null,
            "roe": null,
            "roe_4q": 0,
            "gross_profit": null,
            "gross_margin": null,
            "gross_margin_4q_avg": 0,
            "net_income": null,
            "net_income_4q": null,
            "revenue": null,
            "revenue_4q": null,
            "common_shares": null,
            "book_valuer_per_share": null,
            "book_valuer_per_share_4q_avg": 0,
            "equity": null,
            "current_ratio": null,
            "debt_ratio": null,
            "inventory_turnover_ratio": null,
            "account_receivable_turnover_ratio": null,
            "reinvestment_rate": null,
            "research_to_sale_ratio": null,
            "price_fair": 0,
            "eps_avg_yearly": 0,
            "eps_latest_yearly": 0,
            "eps_growth_yearly": 0
        },
        "20063": {
            "year_quarter": 20063,
            "year": 2006,
            "quarter": 3,
            "eps": null,
            "eps_growth_year": null,
            "eps_4q": null,
            "eps_4q_growth_year": null,
            "roe": null,
            "roe_4q": 0,
            "gross_profit": null,
            "gross_margin": null,
            "gross_margin_4q_avg": 0,
            "net_income": null,
            "net_income_4q": null,
            "revenue": null,
            "revenue_4q": null,
            "common_shares": null,
            "book_valuer_per_share": null,
            "book_valuer_per_share_4q_avg": 0,
            "equity": null,
            "current_ratio": null,
            "debt_ratio": null,
            "inventory_turnover_ratio": null,
            "account_receivable_turnover_ratio": null,
            "reinvestment_rate": null,
            "research_to_sale_ratio": null,
            "price_fair": 0,
            "eps_avg_yearly": 0,
            "eps_latest_yearly": 0,
            "eps_growth_yearly": 0
        },
        "20064": {
            "year_quarter": 20064,
            "year": 2006,
            "quarter": 4,
            "eps": null,
            "eps_growth_year": null,
            "eps_4q": null,
            "eps_4q_growth_year": null,
            "roe": null,
            "roe_4q": 0,
            "gross_profit": null,
            "gross_margin": null,
            "gross_margin_4q_avg": 0,
            "net_income": null,
            "net_income_4q": null,
            "revenue": null,
            "revenue_4q": null,
            "common_shares": null,
            "book_valuer_per_share": null,
            "book_valuer_per_share_4q_avg": 0,
            "equity": null,
            "current_ratio": null,
            "debt_ratio": null,
            "inventory_turnover_ratio": null,
            "account_receivable_turnover_ratio": null,
            "reinvestment_rate": null,
            "research_to_sale_ratio": null,
            "price_fair": 0,
            "eps_avg_yearly": 0,
            "eps_latest_yearly": 0,
            "eps_growth_yearly": 0
        },
        "20071": {
            "year_quarter": 20071,
            "year": 2007,
            "quarter": 1,
            "eps": null,
            "eps_growth_year": null,
            "eps_4q": null,
            "eps_4q_growth_year": null,
            "roe": null,
            "roe_4q": 0,
            "gross_profit": null,
            "gross_margin": null,
            "gross_margin_4q_avg": 0,
            "net_income": null,
            "net_income_4q": null,
            "revenue": null,
            "revenue_4q": null,
            "common_shares": null,
            "book_valuer_per_share": null,
            "book_valuer_per_share_4q_avg": 0,
            "equity": null,
            "current_ratio": null,
            "debt_ratio": null,
            "inventory_turnover_ratio": null,
            "account_receivable_turnover_ratio": null,
            "reinvestment_rate": null,
            "research_to_sale_ratio": null,
            "price_fair": 0,
            "eps_avg_yearly": 0,
            "eps_latest_yearly": 0,
            "eps_growth_yearly": 0
        },
        "20072": {
            "year_quarter": 20072,
            "year": 2007,
            "quarter": 2,
            "eps": null,
            "eps_growth_year": null,
            "eps_4q": null,
            "eps_4q_growth_year": null,
            "roe": null,
            "roe_4q": 0,
            "gross_profit": null,
            "gross_margin": null,
            "gross_margin_4q_avg": 0,
            "net_income": null,
            "net_income_4q": null,
            "revenue": null,
            "revenue_4q": null,
            "common_shares": null,
            "book_valuer_per_share": null,
            "book_valuer_per_share_4q_avg": 0,
            "equity": null,
            "current_ratio": null,
            "debt_ratio": null,
            "inventory_turnover_ratio": null,
            "account_receivable_turnover_ratio": null,
            "reinvestment_rate": null,
            "research_to_sale_ratio": null,
            "price_fair": 0,
            "eps_avg_yearly": 0,
            "eps_latest_yearly": 0,
            "eps_growth_yearly": 0
        },
        "20073": {
            "year_quarter": 20073,
            "year": 2007,
            "quarter": 3,
            "eps": null,
            "eps_growth_year": null,
            "eps_4q": null,
            "eps_4q_growth_year": null,
            "roe": null,
            "roe_4q": 0,
            "gross_profit": null,
            "gross_margin": null,
            "gross_margin_4q_avg": 0,
            "net_income": null,
            "net_income_4q": null,
            "revenue": null,
            "revenue_4q": null,
            "common_shares": null,
            "book_valuer_per_share": null,
            "book_valuer_per_share_4q_avg": 0,
            "equity": null,
            "current_ratio": null,
            "debt_ratio": null,
            "inventory_turnover_ratio": null,
            "account_receivable_turnover_ratio": null,
            "reinvestment_rate": null,
            "research_to_sale_ratio": null,
            "price_fair": 0,
            "eps_avg_yearly": 0,
            "eps_latest_yearly": 0,
            "eps_growth_yearly": 0
        },
        "20074": {
            "year_quarter": 20074,
            "year": 2007,
            "quarter": 4,
            "eps": null,
            "eps_growth_year": null,
            "eps_4q": null,
            "eps_4q_growth_year": null,
            "roe": null,
            "roe_4q": 0,
            "gross_profit": null,
            "gross_margin": null,
            "gross_margin_4q_avg": 0,
            "net_income": null,
            "net_income_4q": null,
            "revenue": null,
            "revenue_4q": null,
            "common_shares": null,
            "book_valuer_per_share": null,
            "book_valuer_per_share_4q_avg": 0,
            "equity": null,
            "current_ratio": null,
            "debt_ratio": null,
            "inventory_turnover_ratio": null,
            "account_receivable_turnover_ratio": null,
            "reinvestment_rate": null,
            "research_to_sale_ratio": null,
            "price_fair": 0,
            "eps_avg_yearly": 0,
            "eps_latest_yearly": 0,
            "eps_growth_yearly": 0
        },
        "20081": {
            "year_quarter": 20081,
            "year": 2008,
            "quarter": 1,
            "eps": null,
            "eps_growth_year": null,
            "eps_4q": null,
            "eps_4q_growth_year": null,
            "roe": null,
            "roe_4q": 0,
            "gross_profit": null,
            "gross_margin": null,
            "gross_margin_4q_avg": 0,
            "net_income": null,
            "net_income_4q": null,
            "revenue": null,
            "revenue_4q": null,
            "common_shares": null,
            "book_valuer_per_share": null,
            "book_valuer_per_share_4q_avg": 0,
            "equity": null,
            "current_ratio": null,
            "debt_ratio": null,
            "inventory_turnover_ratio": null,
            "account_receivable_turnover_ratio": null,
            "reinvestment_rate": null,
            "research_to_sale_ratio": null,
            "price_fair": 0,
            "eps_avg_yearly": 0,
            "eps_latest_yearly": 0,
            "eps_growth_yearly": 0
        },
        "20082": {
            "year_quarter": 20082,
            "year": 2008,
            "quarter": 2,
            "eps": null,
            "eps_growth_year": null,
            "eps_4q": null,
            "eps_4q_growth_year": null,
            "roe": null,
            "roe_4q": 0,
            "gross_profit": null,
            "gross_margin": null,
            "gross_margin_4q_avg": 0,
            "net_income": null,
            "net_income_4q": null,
            "revenue": null,
            "revenue_4q": null,
            "common_shares": null,
            "book_valuer_per_share": null,
            "book_valuer_per_share_4q_avg": 0,
            "equity": null,
            "current_ratio": null,
            "debt_ratio": null,
            "inventory_turnover_ratio": null,
            "account_receivable_turnover_ratio": null,
            "reinvestment_rate": null,
            "research_to_sale_ratio": null,
            "price_fair": 0,
            "eps_avg_yearly": 0,
            "eps_latest_yearly": 0,
            "eps_growth_yearly": 0
        },
        "20083": {
            "year_quarter": 20083,
            "year": 2008,
            "quarter": 3,
            "eps": null,
            "eps_growth_year": null,
            "eps_4q": null,
            "eps_4q_growth_year": null,
            "roe": null,
            "roe_4q": 0,
            "gross_profit": null,
            "gross_margin": null,
            "gross_margin_4q_avg": 0,
            "net_income": null,
            "net_income_4q": null,
            "revenue": null,
            "revenue_4q": null,
            "common_shares": null,
            "book_valuer_per_share": null,
            "book_valuer_per_share_4q_avg": 0,
            "equity": null,
            "current_ratio": null,
            "debt_ratio": null,
            "inventory_turnover_ratio": null,
            "account_receivable_turnover_ratio": null,
            "reinvestment_rate": null,
            "research_to_sale_ratio": null,
            "price_fair": 0,
            "eps_avg_yearly": 0,
            "eps_latest_yearly": 0,
            "eps_growth_yearly": 0
        },
        "20084": {
            "year_quarter": 20084,
            "year": 2008,
            "quarter": 4,
            "eps": null,
            "eps_growth_year": null,
            "eps_4q": null,
            "eps_4q_growth_year": null,
            "roe": null,
            "roe_4q": 0,
            "gross_profit": null,
            "gross_margin": null,
            "gross_margin_4q_avg": 0,
            "net_income": null,
            "net_income_4q": null,
            "revenue": null,
            "revenue_4q": null,
            "common_shares": null,
            "book_valuer_per_share": null,
            "book_valuer_per_share_4q_avg": 0,
            "equity": null,
            "current_ratio": null,
            "debt_ratio": null,
            "inventory_turnover_ratio": null,
            "account_receivable_turnover_ratio": null,
            "reinvestment_rate": null,
            "research_to_sale_ratio": null,
            "price_fair": 0,
            "eps_avg_yearly": 0,
            "eps_latest_yearly": 0,
            "eps_growth_yearly": 0
        },
        "20091": {
            "year_quarter": 20091,
            "year": 2009,
            "quarter": 1,
            "eps": null,
            "eps_growth_year": null,
            "eps_4q": null,
            "eps_4q_growth_year": null,
            "roe": null,
            "roe_4q": 0,
            "gross_profit": null,
            "gross_margin": null,
            "gross_margin_4q_avg": 0,
            "net_income": null,
            "net_income_4q": null,
            "revenue": null,
            "revenue_4q": null,
            "common_shares": null,
            "book_valuer_per_share": null,
            "book_valuer_per_share_4q_avg": 0,
            "equity": null,
            "current_ratio": null,
            "debt_ratio": null,
            "inventory_turnover_ratio": null,
            "account_receivable_turnover_ratio": null,
            "reinvestment_rate": null,
            "research_to_sale_ratio": null,
            "price_fair": 0,
            "eps_avg_yearly": 0,
            "eps_latest_yearly": 0,
            "eps_growth_yearly": 0
        },
        "20092": {
            "year_quarter": 20092,
            "year": 2009,
            "quarter": 2,
            "eps": null,
            "eps_growth_year": null,
            "eps_4q": null,
            "eps_4q_growth_year": null,
            "roe": null,
            "roe_4q": 0,
            "gross_profit": null,
            "gross_margin": null,
            "gross_margin_4q_avg": 0,
            "net_income": null,
            "net_income_4q": null,
            "revenue": null,
            "revenue_4q": null,
            "common_shares": null,
            "book_valuer_per_share": null,
            "book_valuer_per_share_4q_avg": 0,
            "equity": null,
            "current_ratio": null,
            "debt_ratio": null,
            "inventory_turnover_ratio": null,
            "account_receivable_turnover_ratio": null,
            "reinvestment_rate": null,
            "research_to_sale_ratio": null,
            "price_fair": 0,
            "eps_avg_yearly": 0,
            "eps_latest_yearly": 0,
            "eps_growth_yearly": 0
        },
        "20093": {
            "year_quarter": 20093,
            "year": 2009,
            "quarter": 3,
            "eps": null,
            "eps_growth_year": null,
            "eps_4q": null,
            "eps_4q_growth_year": null,
            "roe": null,
            "roe_4q": 0,
            "gross_profit": null,
            "gross_margin": null,
            "gross_margin_4q_avg": 0,
            "net_income": null,
            "net_income_4q": null,
            "revenue": null,
            "revenue_4q": null,
            "common_shares": null,
            "book_valuer_per_share": null,
            "book_valuer_per_share_4q_avg": 0,
            "equity": null,
            "current_ratio": null,
            "debt_ratio": null,
            "inventory_turnover_ratio": null,
            "account_receivable_turnover_ratio": null,
            "reinvestment_rate": null,
            "research_to_sale_ratio": null,
            "price_fair": 0,
            "eps_avg_yearly": 0,
            "eps_latest_yearly": 0,
            "eps_growth_yearly": 0
        },
        "20094": {
            "year_quarter": 20094,
            "year": 2009,
            "quarter": 4,
            "eps": null,
            "eps_growth_year": null,
            "eps_4q": null,
            "eps_4q_growth_year": null,
            "roe": null,
            "roe_4q": 0,
            "gross_profit": null,
            "gross_margin": null,
            "gross_margin_4q_avg": 0,
            "net_income": null,
            "net_income_4q": null,
            "revenue": null,
            "revenue_4q": null,
            "common_shares": null,
            "book_valuer_per_share": null,
            "book_valuer_per_share_4q_avg": 0,
            "equity": null,
            "current_ratio": null,
            "debt_ratio": null,
            "inventory_turnover_ratio": null,
            "account_receivable_turnover_ratio": null,
            "reinvestment_rate": null,
            "research_to_sale_ratio": null,
            "price_fair": 0,
            "eps_avg_yearly": 0,
            "eps_latest_yearly": 0,
            "eps_growth_yearly": 0
        },
        "20101": {
            "year_quarter": 20101,
            "year": 2010,
            "quarter": 1,
            "eps": null,
            "eps_growth_year": null,
            "eps_4q": null,
            "eps_4q_growth_year": null,
            "roe": null,
            "roe_4q": 0,
            "gross_profit": null,
            "gross_margin": null,
            "gross_margin_4q_avg": 0,
            "net_income": null,
            "net_income_4q": null,
            "revenue": null,
            "revenue_4q": null,
            "common_shares": null,
            "book_valuer_per_share": null,
            "book_valuer_per_share_4q_avg": 0,
            "equity": null,
            "current_ratio": null,
            "debt_ratio": null,
            "inventory_turnover_ratio": null,
            "account_receivable_turnover_ratio": null,
            "reinvestment_rate": null,
            "research_to_sale_ratio": null,
            "price_fair": 0,
            "eps_avg_yearly": 0,
            "eps_latest_yearly": 0,
            "eps_growth_yearly": 0
        },
        "20102": {
            "year_quarter": 20102,
            "year": 2010,
            "quarter": 2,
            "eps": null,
            "eps_growth_year": null,
            "eps_4q": null,
            "eps_4q_growth_year": null,
            "roe": null,
            "roe_4q": 0,
            "gross_profit": null,
            "gross_margin": null,
            "gross_margin_4q_avg": 0,
            "net_income": null,
            "net_income_4q": null,
            "revenue": null,
            "revenue_4q": null,
            "common_shares": null,
            "book_valuer_per_share": null,
            "book_valuer_per_share_4q_avg": 0,
            "equity": null,
            "current_ratio": null,
            "debt_ratio": null,
            "inventory_turnover_ratio": null,
            "account_receivable_turnover_ratio": null,
            "reinvestment_rate": null,
            "research_to_sale_ratio": null,
            "price_fair": 0,
            "eps_avg_yearly": 0,
            "eps_latest_yearly": 0,
            "eps_growth_yearly": 0
        },
        "20103": {
            "year_quarter": 20103,
            "year": 2010,
            "quarter": 3,
            "eps": null,
            "eps_growth_year": null,
            "eps_4q": null,
            "eps_4q_growth_year": null,
            "roe": null,
            "roe_4q": 0,
            "gross_profit": null,
            "gross_margin": null,
            "gross_margin_4q_avg": 0,
            "net_income": null,
            "net_income_4q": null,
            "revenue": null,
            "revenue_4q": null,
            "common_shares": null,
            "book_valuer_per_share": null,
            "book_valuer_per_share_4q_avg": 0,
            "equity": null,
            "current_ratio": null,
            "debt_ratio": null,
            "inventory_turnover_ratio": null,
            "account_receivable_turnover_ratio": null,
            "reinvestment_rate": null,
            "research_to_sale_ratio": null,
            "price_fair": 0,
            "eps_avg_yearly": 0,
            "eps_latest_yearly": 0,
            "eps_growth_yearly": 0
        },
        "20104": {
            "year_quarter": 20104,
            "year": 2010,
            "quarter": 4,
            "eps": null,
            "eps_growth_year": null,
            "eps_4q": null,
            "eps_4q_growth_year": null,
            "roe": null,
            "roe_4q": 0,
            "gross_profit": null,
            "gross_margin": null,
            "gross_margin_4q_avg": 0,
            "net_income": null,
            "net_income_4q": null,
            "revenue": null,
            "revenue_4q": null,
            "common_shares": null,
            "book_valuer_per_share": null,
            "book_valuer_per_share_4q_avg": 0,
            "equity": null,
            "current_ratio": null,
            "debt_ratio": null,
            "inventory_turnover_ratio": null,
            "account_receivable_turnover_ratio": null,
            "reinvestment_rate": null,
            "research_to_sale_ratio": null,
            "price_fair": 0,
            "eps_avg_yearly": 0,
            "eps_latest_yearly": 0,
            "eps_growth_yearly": 0
        },
        "20111": {
            "year_quarter": 20111,
            "year": 2011,
            "quarter": 1,
            "eps": null,
            "eps_growth_year": null,
            "eps_4q": null,
            "eps_4q_growth_year": null,
            "roe": null,
            "roe_4q": 0,
            "gross_profit": null,
            "gross_margin": null,
            "gross_margin_4q_avg": 0,
            "net_income": null,
            "net_income_4q": null,
            "revenue": null,
            "revenue_4q": null,
            "common_shares": null,
            "book_valuer_per_share": null,
            "book_valuer_per_share_4q_avg": 0,
            "equity": null,
            "current_ratio": null,
            "debt_ratio": null,
            "inventory_turnover_ratio": null,
            "account_receivable_turnover_ratio": null,
            "reinvestment_rate": null,
            "research_to_sale_ratio": null,
            "price_fair": 0,
            "eps_avg_yearly": 0,
            "eps_latest_yearly": 0,
            "eps_growth_yearly": 0
        },
        "20112": {
            "year_quarter": 20112,
            "year": 2011,
            "quarter": 2,
            "eps": null,
            "eps_growth_year": null,
            "eps_4q": null,
            "eps_4q_growth_year": null,
            "roe": null,
            "roe_4q": 0,
            "gross_profit": null,
            "gross_margin": null,
            "gross_margin_4q_avg": 0,
            "net_income": null,
            "net_income_4q": null,
            "revenue": null,
            "revenue_4q": null,
            "common_shares": null,
            "book_valuer_per_share": null,
            "book_valuer_per_share_4q_avg": 0,
            "equity": null,
            "current_ratio": null,
            "debt_ratio": null,
            "inventory_turnover_ratio": null,
            "account_receivable_turnover_ratio": null,
            "reinvestment_rate": null,
            "research_to_sale_ratio": null,
            "price_fair": 0,
            "eps_avg_yearly": 0,
            "eps_latest_yearly": 0,
            "eps_growth_yearly": 0
        },
        "20113": {
            "year_quarter": 20113,
            "year": 2011,
            "quarter": 3,
            "eps": null,
            "eps_growth_year": null,
            "eps_4q": null,
            "eps_4q_growth_year": null,
            "roe": null,
            "roe_4q": 0,
            "gross_profit": null,
            "gross_margin": null,
            "gross_margin_4q_avg": 0,
            "net_income": null,
            "net_income_4q": null,
            "revenue": null,
            "revenue_4q": null,
            "common_shares": null,
            "book_valuer_per_share": null,
            "book_valuer_per_share_4q_avg": 0,
            "equity": null,
            "current_ratio": null,
            "debt_ratio": null,
            "inventory_turnover_ratio": null,
            "account_receivable_turnover_ratio": null,
            "reinvestment_rate": null,
            "research_to_sale_ratio": null,
            "price_fair": 0,
            "eps_avg_yearly": 0,
            "eps_latest_yearly": 0,
            "eps_growth_yearly": 0
        },
        "20114": {
            "year_quarter": 20114,
            "year": 2011,
            "quarter": 4,
            "eps": null,
            "eps_growth_year": null,
            "eps_4q": null,
            "eps_4q_growth_year": null,
            "roe": null,
            "roe_4q": 0,
            "gross_profit": null,
            "gross_margin": null,
            "gross_margin_4q_avg": 0,
            "net_income": null,
            "net_income_4q": null,
            "revenue": null,
            "revenue_4q": null,
            "common_shares": 395568,
            "book_valuer_per_share": 24.68,
            "book_valuer_per_share_4q_avg": 6.17,
            "equity": 976247,
            "current_ratio": 335.21,
            "debt_ratio": 19.75,
            "inventory_turnover_ratio": null,
            "account_receivable_turnover_ratio": null,
            "reinvestment_rate": null,
            "research_to_sale_ratio": null,
            "price_fair": 0,
            "eps_avg_yearly": 0,
            "eps_latest_yearly": 0,
            "eps_growth_yearly": 0
        },
        "20121": {
            "year_quarter": 20121,
            "year": 2012,
            "quarter": 1,
            "eps": null,
            "eps_growth_year": null,
            "eps_4q": null,
            "eps_4q_growth_year": null,
            "roe": null,
            "roe_4q": 0,
            "gross_profit": null,
            "gross_margin": null,
            "gross_margin_4q_avg": 0,
            "net_income": null,
            "net_income_4q": null,
            "revenue": null,
            "revenue_4q": null,
            "common_shares": null,
            "book_valuer_per_share": null,
            "book_valuer_per_share_4q_avg": 6.17,
            "equity": null,
            "current_ratio": null,
            "debt_ratio": null,
            "inventory_turnover_ratio": null,
            "account_receivable_turnover_ratio": null,
            "reinvestment_rate": null,
            "research_to_sale_ratio": null,
            "price_fair": 0,
            "eps_avg_yearly": 0,
            "eps_latest_yearly": 0,
            "eps_growth_yearly": 0
        },
        "20122": {
            "year_quarter": 20122,
            "year": 2012,
            "quarter": 2,
            "eps": null,
            "eps_growth_year": null,
            "eps_4q": null,
            "eps_4q_growth_year": null,
            "roe": null,
            "roe_4q": 0,
            "gross_profit": null,
            "gross_margin": null,
            "gross_margin_4q_avg": 0,
            "net_income": null,
            "net_income_4q": null,
            "revenue": null,
            "revenue_4q": null,
            "common_shares": null,
            "book_valuer_per_share": null,
            "book_valuer_per_share_4q_avg": 6.17,
            "equity": null,
            "current_ratio": null,
            "debt_ratio": null,
            "inventory_turnover_ratio": null,
            "account_receivable_turnover_ratio": null,
            "reinvestment_rate": null,
            "research_to_sale_ratio": null,
            "price_fair": 0,
            "eps_avg_yearly": 0,
            "eps_latest_yearly": 0,
            "eps_growth_yearly": 0
        },
        "20123": {
            "year_quarter": 20123,
            "year": 2012,
            "quarter": 3,
            "eps": null,
            "eps_growth_year": null,
            "eps_4q": null,
            "eps_4q_growth_year": null,
            "roe": null,
            "roe_4q": 0,
            "gross_profit": null,
            "gross_margin": null,
            "gross_margin_4q_avg": 0,
            "net_income": null,
            "net_income_4q": null,
            "revenue": null,
            "revenue_4q": null,
            "common_shares": null,
            "book_valuer_per_share": null,
            "book_valuer_per_share_4q_avg": 6.17,
            "equity": null,
            "current_ratio": null,
            "debt_ratio": null,
            "inventory_turnover_ratio": null,
            "account_receivable_turnover_ratio": null,
            "reinvestment_rate": null,
            "research_to_sale_ratio": null,
            "price_fair": 0,
            "eps_avg_yearly": 0,
            "eps_latest_yearly": 0,
            "eps_growth_yearly": 0
        },
        "20124": {
            "year_quarter": 20124,
            "year": 2012,
            "quarter": 4,
            "eps": null,
            "eps_growth_year": null,
            "eps_4q": null,
            "eps_4q_growth_year": null,
            "roe": null,
            "roe_4q": 0,
            "gross_profit": null,
            "gross_margin": null,
            "gross_margin_4q_avg": 0,
            "net_income": null,
            "net_income_4q": null,
            "revenue": null,
            "revenue_4q": null,
            "common_shares": 395568,
            "book_valuer_per_share": 23.79,
            "book_valuer_per_share_4q_avg": 5.95,
            "equity": 941106,
            "current_ratio": 424.02,
            "debt_ratio": 16.68,
            "inventory_turnover_ratio": null,
            "account_receivable_turnover_ratio": null,
            "reinvestment_rate": null,
            "research_to_sale_ratio": null,
            "price_fair": 0,
            "eps_avg_yearly": 0,
            "eps_latest_yearly": 0,
            "eps_growth_yearly": 0
        },
        "20131": {
            "year_quarter": 20131,
            "year": 2013,
            "quarter": 1,
            "eps": null,
            "eps_growth_year": null,
            "eps_4q": null,
            "eps_4q_growth_year": null,
            "roe": null,
            "roe_4q": 0,
            "gross_profit": null,
            "gross_margin": null,
            "gross_margin_4q_avg": 0,
            "net_income": null,
            "net_income_4q": null,
            "revenue": null,
            "revenue_4q": null,
            "common_shares": null,
            "book_valuer_per_share": null,
            "book_valuer_per_share_4q_avg": 5.95,
            "equity": null,
            "current_ratio": null,
            "debt_ratio": null,
            "inventory_turnover_ratio": null,
            "account_receivable_turnover_ratio": null,
            "reinvestment_rate": null,
            "research_to_sale_ratio": null,
            "price_fair": 0,
            "eps_avg_yearly": 0,
            "eps_latest_yearly": 0,
            "eps_growth_yearly": 0
        },
        "20132": {
            "year_quarter": 20132,
            "year": 2013,
            "quarter": 2,
            "eps": null,
            "eps_growth_year": null,
            "eps_4q": null,
            "eps_4q_growth_year": null,
            "roe": null,
            "roe_4q": 0,
            "gross_profit": null,
            "gross_margin": null,
            "gross_margin_4q_avg": 0,
            "net_income": null,
            "net_income_4q": null,
            "revenue": null,
            "revenue_4q": null,
            "common_shares": null,
            "book_valuer_per_share": null,
            "book_valuer_per_share_4q_avg": 5.95,
            "equity": null,
            "current_ratio": null,
            "debt_ratio": null,
            "inventory_turnover_ratio": null,
            "account_receivable_turnover_ratio": null,
            "reinvestment_rate": null,
            "research_to_sale_ratio": null,
            "price_fair": 0,
            "eps_avg_yearly": 0,
            "eps_latest_yearly": 0,
            "eps_growth_yearly": 0
        },
        "20133": {
            "year_quarter": 20133,
            "year": 2013,
            "quarter": 3,
            "eps": null,
            "eps_growth_year": null,
            "eps_4q": null,
            "eps_4q_growth_year": null,
            "roe": null,
            "roe_4q": 0,
            "gross_profit": 109998,
            "gross_margin": null,
            "gross_margin_4q_avg": 0,
            "net_income": 60690,
            "net_income_4q": null,
            "revenue": 306111,
            "revenue_4q": null,
            "common_shares": 395568,
            "book_valuer_per_share": 28.78,
            "book_valuer_per_share_4q_avg": 13.14,
            "equity": 1138386,
            "current_ratio": 513.54,
            "debt_ratio": 15.88,
            "inventory_turnover_ratio": null,
            "account_receivable_turnover_ratio": null,
            "reinvestment_rate": null,
            "research_to_sale_ratio": null,
            "price_fair": 0,
            "eps_avg_yearly": 0,
            "eps_latest_yearly": 0,
            "eps_growth_yearly": 0
        },
        "20134": {
            "year_quarter": 20134,
            "year": 2013,
            "quarter": 4,
            "eps": null,
            "eps_growth_year": null,
            "eps_4q": null,
            "eps_4q_growth_year": null,
            "roe": null,
            "roe_4q": 0,
            "gross_profit": 39272,
            "gross_margin": null,
            "gross_margin_4q_avg": 0,
            "net_income": -14253,
            "net_income_4q": null,
            "revenue": 294728,
            "revenue_4q": null,
            "common_shares": 395568,
            "book_valuer_per_share": 26.23,
            "book_valuer_per_share_4q_avg": 13.75,
            "equity": 1037640,
            "current_ratio": 454.89,
            "debt_ratio": 17.68,
            "inventory_turnover_ratio": null,
            "account_receivable_turnover_ratio": null,
            "reinvestment_rate": null,
            "research_to_sale_ratio": null,
            "price_fair": 0,
            "eps_avg_yearly": 0,
            "eps_latest_yearly": 0,
            "eps_growth_yearly": 0
        },
        "20141": {
            "year_quarter": 20141,
            "year": 2014,
            "quarter": 1,
            "eps": null,
            "eps_growth_year": null,
            "eps_4q": null,
            "eps_4q_growth_year": null,
            "roe": null,
            "roe_4q": 0,
            "gross_profit": 59156,
            "gross_margin": null,
            "gross_margin_4q_avg": 0,
            "net_income": 22640,
            "net_income_4q": null,
            "revenue": 256985,
            "revenue_4q": null,
            "common_shares": 395568,
            "book_valuer_per_share": 27.15,
            "book_valuer_per_share_4q_avg": 20.54,
            "equity": 1073894,
            "current_ratio": 429.84,
            "debt_ratio": 19.13,
            "inventory_turnover_ratio": null,
            "account_receivable_turnover_ratio": null,
            "reinvestment_rate": null,
            "research_to_sale_ratio": null,
            "price_fair": 0,
            "eps_avg_yearly": 0,
            "eps_latest_yearly": 0,
            "eps_growth_yearly": 0
        },
        "20142": {
            "year_quarter": 20142,
            "year": 2014,
            "quarter": 2,
            "eps": null,
            "eps_growth_year": null,
            "eps_4q": null,
            "eps_4q_growth_year": null,
            "roe": null,
            "roe_4q": 0,
            "gross_profit": 114539,
            "gross_margin": null,
            "gross_margin_4q_avg": 0,
            "net_income": 65320,
            "net_income_4q": null,
            "revenue": 390040,
            "revenue_4q": null,
            "common_shares": 395568,
            "book_valuer_per_share": 25.73,
            "book_valuer_per_share_4q_avg": 26.97,
            "equity": 1017931,
            "current_ratio": 297.47,
            "debt_ratio": 27.38,
            "inventory_turnover_ratio": null,
            "account_receivable_turnover_ratio": null,
            "reinvestment_rate": null,
            "research_to_sale_ratio": null,
            "price_fair": 0,
            "eps_avg_yearly": 0,
            "eps_latest_yearly": 0,
            "eps_growth_yearly": 0
        },
        "20143": {
            "year_quarter": 20143,
            "year": 2014,
            "quarter": 3,
            "eps": 0.22,
            "eps_growth_year": null,
            "eps_4q": 0.22,
            "eps_4q_growth_year": null,
            "roe": 0.83,
            "roe_4q": 0.83,
            "gross_profit": 37711,
            "gross_margin": 15.33,
            "gross_margin_4q_avg": 3.83,
            "net_income": 8546,
            "net_income_4q": null,
            "revenue": 245996,
            "revenue_4q": null,
            "common_shares": 395568,
            "book_valuer_per_share": 26.4,
            "book_valuer_per_share_4q_avg": 26.38,
            "equity": 1044326,
            "current_ratio": 440.12,
            "debt_ratio": 18.08,
            "inventory_turnover_ratio": 2.32,
            "account_receivable_turnover_ratio": 1.15,
            "reinvestment_rate": null,
            "research_to_sale_ratio": 0.31,
            "price_fair": 0,
            "eps_avg_yearly": 0,
            "eps_latest_yearly": 0,
            "eps_growth_yearly": 0
        },
        "20144": {
            "year_quarter": 20144,
            "year": 2014,
            "quarter": 4,
            "eps": -0.5,
            "eps_growth_year": null,
            "eps_4q": -0.31,
            "eps_4q_growth_year": null,
            "roe": -1.98,
            "roe_4q": -1.15,
            "gross_profit": -9299,
            "gross_margin": -8.67,
            "gross_margin_4q_avg": 1.67,
            "net_income": -22851,
            "net_income_4q": null,
            "revenue": 107227,
            "revenue_4q": null,
            "common_shares": 456428,
            "book_valuer_per_share": 27.69,
            "book_valuer_per_share_4q_avg": 26.74,
            "equity": 1263766,
            "current_ratio": 764.72,
            "debt_ratio": 11.76,
            "inventory_turnover_ratio": 1.41,
            "account_receivable_turnover_ratio": 0.33,
            "reinvestment_rate": null,
            "research_to_sale_ratio": 2.72,
            "price_fair": 0,
            "eps_avg_yearly": 0,
            "eps_latest_yearly": 0,
            "eps_growth_yearly": 0
        },
        "20151": {
            "year_quarter": 20151,
            "year": 2015,
            "quarter": 1,
            "eps": -0.68,
            "eps_growth_year": null,
            "eps_4q": -0.99,
            "eps_4q_growth_year": null,
            "roe": -2.48,
            "roe_4q": -3.63,
            "gross_profit": -16108,
            "gross_margin": -15.83,
            "gross_margin_4q_avg": -2.29,
            "net_income": -30864,
            "net_income_4q": null,
            "revenue": 101763,
            "revenue_4q": null,
            "common_shares": 456428,
            "book_valuer_per_share": 26.76,
            "book_valuer_per_share_4q_avg": 26.65,
            "equity": 1221300,
            "current_ratio": 813.25,
            "debt_ratio": 11.11,
            "inventory_turnover_ratio": 1.49,
            "account_receivable_turnover_ratio": 0.51,
            "reinvestment_rate": null,
            "research_to_sale_ratio": 3.32,
            "price_fair": 0,
            "eps_avg_yearly": 0,
            "eps_latest_yearly": 0,
            "eps_growth_yearly": 0
        },
        "20152": {
            "year_quarter": 20152,
            "year": 2015,
            "quarter": 2,
            "eps": -1.01,
            "eps_growth_year": null,
            "eps_4q": -2,
            "eps_4q_growth_year": null,
            "roe": -4.08,
            "roe_4q": -7.710000000000001,
            "gross_profit": -31373,
            "gross_margin": -25.98,
            "gross_margin_4q_avg": -8.79,
            "net_income": -46162,
            "net_income_4q": null,
            "revenue": 120761,
            "revenue_4q": null,
            "common_shares": 456428,
            "book_valuer_per_share": 22.87,
            "book_valuer_per_share_4q_avg": 25.93,
            "equity": 1043819,
            "current_ratio": 366.92,
            "debt_ratio": 20.92,
            "inventory_turnover_ratio": 2.36,
            "account_receivable_turnover_ratio": 0.67,
            "reinvestment_rate": null,
            "research_to_sale_ratio": 2.99,
            "price_fair": 0,
            "eps_avg_yearly": 0,
            "eps_latest_yearly": 0,
            "eps_growth_yearly": 0
        },
        "20153": {
            "year_quarter": 20153,
            "year": 2015,
            "quarter": 3,
            "eps": -0.24,
            "eps_growth_year": -209.09,
            "eps_4q": -2.43,
            "eps_4q_growth_year": -1222.97,
            "roe": -1.03,
            "roe_4q": -9.57,
            "gross_profit": -12457,
            "gross_margin": -12.53,
            "gross_margin_4q_avg": -15.75,
            "net_income": -10857,
            "net_income_4q": null,
            "revenue": 99406,
            "revenue_4q": null,
            "common_shares": 456428,
            "book_valuer_per_share": 23.54,
            "book_valuer_per_share_4q_avg": 25.22,
            "equity": 1074267,
            "current_ratio": 675.31,
            "debt_ratio": 12.17,
            "inventory_turnover_ratio": 2.14,
            "account_receivable_turnover_ratio": 0.55,
            "reinvestment_rate": null,
            "research_to_sale_ratio": 3.37,
            "price_fair": 0,
            "eps_avg_yearly": 0,
            "eps_latest_yearly": 0,
            "eps_growth_yearly": 0
        },
        "20154": {
            "year_quarter": 20154,
            "year": 2015,
            "quarter": 4,
            "eps": -2.63,
            "eps_growth_year": null,
            "eps_4q": -4.55,
            "eps_4q_growth_year": null,
            "roe": -12.03,
            "roe_4q": -19.62,
            "gross_profit": -99339,
            "gross_margin": -104.68,
            "gross_margin_4q_avg": -39.76,
            "net_income": -119894,
            "net_income_4q": null,
            "revenue": 94897,
            "revenue_4q": null,
            "common_shares": 456428,
            "book_valuer_per_share": 20.15,
            "book_valuer_per_share_4q_avg": 23.33,
            "equity": 919577,
            "current_ratio": 739.7,
            "debt_ratio": 12.08,
            "inventory_turnover_ratio": 4.03,
            "account_receivable_turnover_ratio": 0.6,
            "reinvestment_rate": null,
            "research_to_sale_ratio": 3.41,
            "price_fair": 0,
            "eps_avg_yearly": 0,
            "eps_latest_yearly": 0,
            "eps_growth_yearly": 0
        },
        "20161": {
            "year_quarter": 20161,
            "year": 2016,
            "quarter": 1,
            "eps": -0.78,
            "eps_growth_year": null,
            "eps_4q": -4.65,
            "eps_4q_growth_year": null,
            "roe": -3.94,
            "roe_4q": -21.08,
            "gross_profit": -25907,
            "gross_margin": -42.01,
            "gross_margin_4q_avg": -46.3,
            "net_income": -35449,
            "net_income_4q": null,
            "revenue": 61675,
            "revenue_4q": null,
            "common_shares": 456428,
            "book_valuer_per_share": 19.29,
            "book_valuer_per_share_4q_avg": 21.46,
            "equity": 880553,
            "current_ratio": 810.21,
            "debt_ratio": 10.85,
            "inventory_turnover_ratio": 2.17,
            "account_receivable_turnover_ratio": 0.49,
            "reinvestment_rate": null,
            "research_to_sale_ratio": 3.25,
            "price_fair": 0,
            "eps_avg_yearly": 0,
            "eps_latest_yearly": 0,
            "eps_growth_yearly": 0
        },
        "20162": {
            "year_quarter": 20162,
            "year": 2016,
            "quarter": 2,
            "eps": -2.13,
            "eps_growth_year": null,
            "eps_4q": -5.77,
            "eps_4q_growth_year": null,
            "roe": -11.83,
            "roe_4q": -28.83,
            "gross_profit": -82047,
            "gross_margin": -152.4,
            "gross_margin_4q_avg": -77.91,
            "net_income": -97237,
            "net_income_4q": null,
            "revenue": 53835,
            "revenue_4q": null,
            "common_shares": 456428,
            "book_valuer_per_share": 16.73,
            "book_valuer_per_share_4q_avg": 19.93,
            "equity": 763545,
            "current_ratio": 765.67,
            "debt_ratio": 11.53,
            "inventory_turnover_ratio": 4.03,
            "account_receivable_turnover_ratio": 0.5,
            "reinvestment_rate": null,
            "research_to_sale_ratio": 3.89,
            "price_fair": 0,
            "eps_avg_yearly": 0,
            "eps_latest_yearly": 0,
            "eps_growth_yearly": 0
        },
        "20163": {
            "year_quarter": 20163,
            "year": 2016,
            "quarter": 3,
            "eps": -0.94,
            "eps_growth_year": null,
            "eps_4q": -6.47,
            "eps_4q_growth_year": null,
            "roe": -5.85,
            "roe_4q": -33.65,
            "gross_profit": -26796,
            "gross_margin": -65.15,
            "gross_margin_4q_avg": -91.06,
            "net_income": -42729,
            "net_income_4q": null,
            "revenue": 41132,
            "revenue_4q": null,
            "common_shares": 456428,
            "book_valuer_per_share": 15.29,
            "book_valuer_per_share_4q_avg": 17.87,
            "equity": 698105,
            "current_ratio": 728.71,
            "debt_ratio": 11.73,
            "inventory_turnover_ratio": 2.26,
            "account_receivable_turnover_ratio": 0.41,
            "reinvestment_rate": null,
            "research_to_sale_ratio": 4.15,
            "price_fair": 0,
            "eps_avg_yearly": 0,
            "eps_latest_yearly": 0,
            "eps_growth_yearly": 0
        },
        "20164": {
            "year_quarter": 20164,
            "year": 2016,
            "quarter": 4,
            "eps": -2.1,
            "eps_growth_year": null,
            "eps_4q": -5.95,
            "eps_4q_growth_year": null,
            "roe": -14.88,
            "roe_4q": -36.5,
            "gross_profit": -115078,
            "gross_margin": -212.87,
            "gross_margin_4q_avg": -118.11,
            "net_income": -95954,
            "net_income_4q": null,
            "revenue": 54060,
            "revenue_4q": null,
            "common_shares": 456428,
            "book_valuer_per_share": 12.97,
            "book_valuer_per_share_4q_avg": 16.07,
            "equity": 591780,
            "current_ratio": 798.32,
            "debt_ratio": 11.19,
            "inventory_turnover_ratio": 6.39,
            "account_receivable_turnover_ratio": 0.61,
            "reinvestment_rate": null,
            "research_to_sale_ratio": 3.63,
            "price_fair": 0,
            "eps_avg_yearly": 0,
            "eps_latest_yearly": 0,
            "eps_growth_yearly": 0
        },
        "20171": {
            "year_quarter": 20171,
            "year": 2017,
            "quarter": 1,
            "eps": -0.64,
            "eps_growth_year": null,
            "eps_4q": -5.81,
            "eps_4q_growth_year": null,
            "roe": -5.17,
            "roe_4q": -37.73,
            "gross_profit": -22652,
            "gross_margin": -66.77,
            "gross_margin_4q_avg": -124.3,
            "net_income": -29186,
            "net_income_4q": null,
            "revenue": 33926,
            "revenue_4q": null,
            "common_shares": 456428,
            "book_valuer_per_share": 11.78,
            "book_valuer_per_share_4q_avg": 14.19,
            "equity": 537449,
            "current_ratio": 840.12,
            "debt_ratio": 10.43,
            "inventory_turnover_ratio": 2.62,
            "account_receivable_turnover_ratio": 0.43,
            "reinvestment_rate": null,
            "research_to_sale_ratio": 4.76,
            "price_fair": 0,
            "eps_avg_yearly": 0,
            "eps_latest_yearly": 0,
            "eps_growth_yearly": 0
        },
        "20172": {
            "year_quarter": 20172,
            "year": 2017,
            "quarter": 2,
            "eps": -0.64,
            "eps_growth_year": null,
            "eps_4q": -4.32,
            "eps_4q_growth_year": null,
            "roe": -5.52,
            "roe_4q": -31.42,
            "gross_profit": -13769,
            "gross_margin": -46.77,
            "gross_margin_4q_avg": -97.89,
            "net_income": -29085,
            "net_income_4q": null,
            "revenue": 29438,
            "revenue_4q": null,
            "common_shares": 456428,
            "book_valuer_per_share": 11.33,
            "book_valuer_per_share_4q_avg": 12.84,
            "equity": 517142,
            "current_ratio": 904.76,
            "debt_ratio": 9.5,
            "inventory_turnover_ratio": 2.14,
            "account_receivable_turnover_ratio": 0.43,
            "reinvestment_rate": null,
            "research_to_sale_ratio": 5.45,
            "price_fair": 0,
            "eps_avg_yearly": 0,
            "eps_latest_yearly": 0,
            "eps_growth_yearly": 0
        },
        "20173": {
            "year_quarter": 20173,
            "year": 2017,
            "quarter": 3,
            "eps": -0.72,
            "eps_growth_year": null,
            "eps_4q": -4.1,
            "eps_4q_growth_year": null,
            "roe": -6.53,
            "roe_4q": -32.1,
            "gross_profit": -19303,
            "gross_margin": -95.33,
            "gross_margin_4q_avg": -105.44,
            "net_income": -32933,
            "net_income_4q": null,
            "revenue": 20249,
            "revenue_4q": null,
            "common_shares": 456428,
            "book_valuer_per_share": 10.76,
            "book_valuer_per_share_4q_avg": 11.71,
            "equity": 491289,
            "current_ratio": 981.94,
            "debt_ratio": 8.63,
            "inventory_turnover_ratio": 2.21,
            "account_receivable_turnover_ratio": 0.37,
            "reinvestment_rate": null,
            "research_to_sale_ratio": 6.56,
            "price_fair": 0,
            "eps_avg_yearly": 0,
            "eps_latest_yearly": 0,
            "eps_growth_yearly": 0
        },
        "20174": {
            "year_quarter": 20174,
            "year": 2017,
            "quarter": 4,
            "eps": -1.48,
            "eps_growth_year": null,
            "eps_4q": -3.48,
            "eps_4q_growth_year": null,
            "roe": -14.76,
            "roe_4q": -31.979999999999997,
            "gross_profit": -52877,
            "gross_margin": -230.41,
            "gross_margin_4q_avg": -109.82,
            "net_income": -67611,
            "net_income_4q": null,
            "revenue": 22949,
            "revenue_4q": null,
            "common_shares": 456428,
            "book_valuer_per_share": 9.31,
            "book_valuer_per_share_4q_avg": 10.8,
            "equity": 424926,
            "current_ratio": 884.78,
            "debt_ratio": 10.58,
            "inventory_turnover_ratio": 4.56,
            "account_receivable_turnover_ratio": 0.5,
            "reinvestment_rate": null,
            "research_to_sale_ratio": 7.65,
            "price_fair": 0,
            "eps_avg_yearly": 0,
            "eps_latest_yearly": 0,
            "eps_growth_yearly": 0
        },
        "20181": {
            "year_quarter": 20181,
            "year": 2018,
            "quarter": 1,
            "eps": -0.6,
            "eps_growth_year": null,
            "eps_4q": -3.44,
            "eps_4q_growth_year": null,
            "roe": -6.62,
            "roe_4q": -33.43,
            "gross_profit": -6624,
            "gross_margin": -32.29,
            "gross_margin_4q_avg": -101.2,
            "net_income": -27447,
            "net_income_4q": null,
            "revenue": 20512,
            "revenue_4q": null,
            "common_shares": 456428,
            "book_valuer_per_share": 8.86,
            "book_valuer_per_share_4q_avg": 10.07,
            "equity": 404544,
            "current_ratio": 894.13,
            "debt_ratio": 10.43,
            "inventory_turnover_ratio": 1.9,
            "account_receivable_turnover_ratio": 0.47,
            "reinvestment_rate": null,
            "research_to_sale_ratio": 7.35,
            "price_fair": 0,
            "eps_avg_yearly": 0,
            "eps_latest_yearly": 0,
            "eps_growth_yearly": 0
        },
        "20182": {
            "year_quarter": 20182,
            "year": 2018,
            "quarter": 2,
            "eps": 0.01,
            "eps_growth_year": null,
            "eps_4q": -2.8,
            "eps_4q_growth_year": null,
            "roe": 0.1,
            "roe_4q": -27.810000000000002,
            "gross_profit": -6287,
            "gross_margin": -25.65,
            "gross_margin_4q_avg": -95.92,
            "net_income": 397,
            "net_income_4q": null,
            "revenue": 24508,
            "revenue_4q": null,
            "common_shares": 456428,
            "book_valuer_per_share": 8.78,
            "book_valuer_per_share_4q_avg": 9.43,
            "equity": 400650,
            "current_ratio": 864.04,
            "debt_ratio": 10.8,
            "inventory_turnover_ratio": 2.86,
            "account_receivable_turnover_ratio": 0.64,
            "reinvestment_rate": null,
            "research_to_sale_ratio": 6.47,
            "price_fair": 0,
            "eps_avg_yearly": 0,
            "eps_latest_yearly": 0,
            "eps_growth_yearly": 0
        },
        "20183": {
            "year_quarter": 20183,
            "year": 2018,
            "quarter": 3,
            "eps": 0.45,
            "eps_growth_year": null,
            "eps_4q": -1.62,
            "eps_4q_growth_year": null,
            "roe": 5.15,
            "roe_4q": -16.13,
            "gross_profit": 6561,
            "gross_margin": 20.18,
            "gross_margin_4q_avg": -67.04,
            "net_income": 20804,
            "net_income_4q": null,
            "revenue": 32505,
            "revenue_4q": null,
            "common_shares": 456428,
            "book_valuer_per_share": 8.93,
            "book_valuer_per_share_4q_avg": 8.97,
            "equity": 407484,
            "current_ratio": 937.6,
            "debt_ratio": 9.97,
            "inventory_turnover_ratio": 2.13,
            "account_receivable_turnover_ratio": 0.87,
            "reinvestment_rate": null,
            "research_to_sale_ratio": 3.78,
            "price_fair": 63,
            "eps_avg_yearly": 1.8,
            "eps_latest_yearly": 1.8,
            "eps_growth_yearly": 17600
        },
        "20184": {
            "year_quarter": 20184,
            "year": 2018,
            "quarter": 4,
            "eps": -0.28,
            "eps_growth_year": null,
            "eps_4q": -0.41,
            "eps_4q_growth_year": null,
            "roe": -3.13,
            "roe_4q": -4.5,
            "gross_profit": -1493,
            "gross_margin": -6.62,
            "gross_margin_4q_avg": -11.1,
            "net_income": -12631,
            "net_income_4q": null,
            "revenue": 22566,
            "revenue_4q": null,
            "common_shares": 456428,
            "book_valuer_per_share": 8.73,
            "book_valuer_per_share_4q_avg": 8.83,
            "equity": 398688,
            "current_ratio": 870.22,
            "debt_ratio": 10.74,
            "inventory_turnover_ratio": 1.95,
            "account_receivable_turnover_ratio": 0.51,
            "reinvestment_rate": null,
            "research_to_sale_ratio": 6.6,
            "price_fair": 63,
            "eps_avg_yearly": 1.8,
            "eps_latest_yearly": 1.8,
            "eps_growth_yearly": 17600
        },
        "20191": {
            "year_quarter": 20191,
            "year": 2019,
            "quarter": 1,
            "eps": -0.28,
            "eps_growth_year": null,
            "eps_4q": -0.09,
            "eps_4q_growth_year": null,
            "roe": -3.17,
            "roe_4q": -1.0499999999999994,
            "gross_profit": 2970,
            "gross_margin": 9.68,
            "gross_margin_4q_avg": -0.6,
            "net_income": -12577,
            "net_income_4q": null,
            "revenue": 30678,
            "revenue_4q": null,
            "common_shares": 456428,
            "book_valuer_per_share": 8.65,
            "book_valuer_per_share_4q_avg": 8.77,
            "equity": 394765,
            "current_ratio": 684.49,
            "debt_ratio": 14.39,
            "inventory_turnover_ratio": 2.02,
            "account_receivable_turnover_ratio": 0.64,
            "reinvestment_rate": null,
            "research_to_sale_ratio": 5.08,
            "price_fair": 63,
            "eps_avg_yearly": 1.8,
            "eps_latest_yearly": 1.8,
            "eps_growth_yearly": 17600
        },
        "20192": {
            "year_quarter": 20192,
            "year": 2019,
            "quarter": 2,
            "eps": -0.26,
            "eps_growth_year": -2700,
            "eps_4q": -0.36,
            "eps_4q_growth_year": null,
            "roe": -3.13,
            "roe_4q": -4.279999999999999,
            "gross_profit": -4281,
            "gross_margin": -7.43,
            "gross_margin_4q_avg": 3.95,
            "net_income": -12132,
            "net_income_4q": null,
            "revenue": 57581,
            "revenue_4q": null,
            "common_shares": 456428,
            "book_valuer_per_share": 8.32,
            "book_valuer_per_share_4q_avg": 8.66,
            "equity": 379904,
            "current_ratio": 448.18,
            "debt_ratio": 16.57,
            "inventory_turnover_ratio": 4.17,
            "account_receivable_turnover_ratio": 1.24,
            "reinvestment_rate": null,
            "research_to_sale_ratio": 4.27,
            "price_fair": 63,
            "eps_avg_yearly": 1.8,
            "eps_latest_yearly": 1.8,
            "eps_growth_yearly": 17600
        },
        "20193": {
            "year_quarter": 20193,
            "year": 2019,
            "quarter": 3,
            "eps": 0.35,
            "eps_growth_year": -22.22,
            "eps_4q": -0.47,
            "eps_4q_growth_year": null,
            "roe": 4.21,
            "roe_4q": -5.22,
            "gross_profit": 12105,
            "gross_margin": 10.3,
            "gross_margin_4q_avg": 1.48,
            "net_income": 16028,
            "net_income_4q": null,
            "revenue": 117480,
            "revenue_4q": null,
            "common_shares": 456428,
            "book_valuer_per_share": 8.35,
            "book_valuer_per_share_4q_avg": 8.51,
            "equity": 381178,
            "current_ratio": 350.5,
            "debt_ratio": 21.65,
            "inventory_turnover_ratio": 6.61,
            "account_receivable_turnover_ratio": 1.36,
            "reinvestment_rate": null,
            "research_to_sale_ratio": 1.61,
            "price_fair": 63,
            "eps_avg_yearly": 1.8,
            "eps_latest_yearly": 1.8,
            "eps_growth_yearly": 17600
        },
        "20194": {
            "year_quarter": 20194,
            "year": 2019,
            "quarter": 4,
            "eps": -0.41,
            "eps_growth_year": null,
            "eps_4q": -0.6,
            "eps_4q_growth_year": null,
            "roe": -5.15,
            "roe_4q": -7.24,
            "gross_profit": 1168,
            "gross_margin": 0.53,
            "gross_margin_4q_avg": 3.27,
            "net_income": -18866,
            "net_income_4q": null,
            "revenue": 219512,
            "revenue_4q": null,
            "common_shares": 456428,
            "book_valuer_per_share": 7.71,
            "book_valuer_per_share_4q_avg": 8.26,
            "equity": 351914,
            "current_ratio": 217.36,
            "debt_ratio": 36.64,
            "inventory_turnover_ratio": 15.51,
            "account_receivable_turnover_ratio": 1.12,
            "reinvestment_rate": null,
            "research_to_sale_ratio": 1.09,
            "price_fair": 63,
            "eps_avg_yearly": 1.8,
            "eps_latest_yearly": 1.8,
            "eps_growth_yearly": 17600
        },
        "20201": {
            "year_quarter": 20201,
            "year": 2020,
            "quarter": 1,
            "eps": -0.23,
            "eps_growth_year": null,
            "eps_4q": -0.56,
            "eps_4q_growth_year": null,
            "roe": -3.17,
            "roe_4q": -7.24,
            "gross_profit": -355,
            "gross_margin": -0.98,
            "gross_margin_4q_avg": 0.61,
            "net_income": -10567,
            "net_income_4q": null,
            "revenue": 36041,
            "revenue_4q": null,
            "common_shares": 456428,
            "book_valuer_per_share": 6.91,
            "book_valuer_per_share_4q_avg": 7.82,
            "equity": 315604,
            "current_ratio": 266.12,
            "debt_ratio": 30.36,
            "inventory_turnover_ratio": 3.63,
            "account_receivable_turnover_ratio": 0.16,
            "reinvestment_rate": null,
            "research_to_sale_ratio": 2.28,
            "price_fair": 63,
            "eps_avg_yearly": 1.8,
            "eps_latest_yearly": 1.8,
            "eps_growth_yearly": 17600
        },
        "20202": {
            "year_quarter": 20202,
            "year": 2020,
            "quarter": 2,
            "eps": -0.44,
            "eps_growth_year": null,
            "eps_4q": -0.74,
            "eps_4q_growth_year": null,
            "roe": -6.38,
            "roe_4q": -10.490000000000002,
            "gross_profit": 2238,
            "gross_margin": 5.54,
            "gross_margin_4q_avg": 3.85,
            "net_income": -20290,
            "net_income_4q": null,
            "revenue": 40399,
            "revenue_4q": null,
            "common_shares": 456428,
            "book_valuer_per_share": 7.02,
            "book_valuer_per_share_4q_avg": 7.5,
            "equity": 320597,
            "current_ratio": 386.87,
            "debt_ratio": 18.42,
            "inventory_turnover_ratio": 3.44,
            "account_receivable_turnover_ratio": 0.31,
            "reinvestment_rate": null,
            "research_to_sale_ratio": 2.49,
            "price_fair": 63,
            "eps_avg_yearly": 1.8,
            "eps_latest_yearly": 1.8,
            "eps_growth_yearly": 17600
        },
        "20203": {
            "year_quarter": 20203,
            "year": 2020,
            "quarter": 3,
            "eps": -0.65,
            "eps_growth_year": -285.71,
            "eps_4q": -1.73,
            "eps_4q_growth_year": null,
            "roe": -9.32,
            "roe_4q": -24.019999999999996,
            "gross_profit": -5964,
            "gross_margin": -16.31,
            "gross_margin_4q_avg": -2.81,
            "net_income": -29449,
            "net_income_4q": null,
            "revenue": 36565,
            "revenue_4q": null,
            "common_shares": 456428,
            "book_valuer_per_share": 6.82,
            "book_valuer_per_share_4q_avg": 7.12,
            "equity": 311151,
            "current_ratio": 312.55,
            "debt_ratio": 16.8,
            "inventory_turnover_ratio": 4.25,
            "account_receivable_turnover_ratio": 0.55,
            "reinvestment_rate": null,
            "research_to_sale_ratio": 1.95,
            "price_fair": 63,
            "eps_avg_yearly": 1.8,
            "eps_latest_yearly": 1.8,
            "eps_growth_yearly": 17600
        },
        "20204": {
            "year_quarter": 20204,
            "year": 2020,
            "quarter": 4,
            "eps": -0.05,
            "eps_growth_year": null,
            "eps_4q": -1.33,
            "eps_4q_growth_year": null,
            "roe": -0.82,
            "roe_4q": -19.689999999999998,
            "gross_profit": 3933,
            "gross_margin": 9.89,
            "gross_margin_4q_avg": -0.47,
            "net_income": -2568,
            "net_income_4q": null,
            "revenue": 39748,
            "revenue_4q": null,
            "common_shares": 456428,
            "book_valuer_per_share": 6.79,
            "book_valuer_per_share_4q_avg": 6.89,
            "equity": 313809,
            "current_ratio": 319.31,
            "debt_ratio": 16.98,
            "inventory_turnover_ratio": 3.88,
            "account_receivable_turnover_ratio": 0.75,
            "reinvestment_rate": null,
            "research_to_sale_ratio": 1.77,
            "price_fair": 63,
            "eps_avg_yearly": 1.8,
            "eps_latest_yearly": 1.8,
            "eps_growth_yearly": 17600
        },
        "20211": {
            "year_quarter": 20211,
            "year": 2021,
            "quarter": 1,
            "eps": -0.05,
            "eps_growth_year": null,
            "eps_4q": -1.08,
            "eps_4q_growth_year": null,
            "roe": -0.61,
            "roe_4q": -17.13,
            "gross_profit": 1164,
            "gross_margin": 5.26,
            "gross_margin_4q_avg": 1.1,
            "net_income": -2273,
            "net_income_4q": null,
            "revenue": 22133,
            "revenue_4q": null,
            "common_shares": 504428,
            "book_valuer_per_share": 8.62,
            "book_valuer_per_share_4q_avg": 7.31,
            "equity": 434844,
            "current_ratio": 377.1,
            "debt_ratio": 11.22,
            "inventory_turnover_ratio": 2.26,
            "account_receivable_turnover_ratio": 0.46,
            "reinvestment_rate": null,
            "research_to_sale_ratio": 3,
            "price_fair": 63,
            "eps_avg_yearly": 1.8,
            "eps_latest_yearly": 1.8,
            "eps_growth_yearly": 17600
        },
        "20212": {
            "year_quarter": 20212,
            "year": 2021,
            "quarter": 2,
            "eps": 0.77,
            "eps_growth_year": null,
            "eps_4q": 0.09,
            "eps_4q_growth_year": null,
            "roe": 7.57,
            "roe_4q": -3.1800000000000006,
            "gross_profit": 13449,
            "gross_margin": 19.11,
            "gross_margin_4q_avg": 4.49,
            "net_income": 39911,
            "net_income_4q": null,
            "revenue": 70368,
            "revenue_4q": null,
            "common_shares": 511708,
            "book_valuer_per_share": 9.55,
            "book_valuer_per_share_4q_avg": 7.95,
            "equity": 620167,
            "current_ratio": 155.92,
            "debt_ratio": 46.93,
            "inventory_turnover_ratio": 1.18,
            "account_receivable_turnover_ratio": 0.61,
            "reinvestment_rate": null,
            "research_to_sale_ratio": 3.84,
            "price_fair": 63,
            "eps_avg_yearly": 1.8,
            "eps_latest_yearly": 1.8,
            "eps_growth_yearly": 17600
        },
        "20213": {
            "year_quarter": 20213,
            "year": 2021,
            "quarter": 3,
            "eps": -0.1,
            "eps_growth_year": null,
            "eps_4q": 0.56,
            "eps_4q_growth_year": null,
            "roe": 0.33,
            "roe_4q": 6.47,
            "gross_profit": 31372,
            "gross_margin": 20.9,
            "gross_margin_4q_avg": 13.79,
            "net_income": 2022,
            "net_income_4q": null,
            "revenue": 150093,
            "revenue_4q": null,
            "common_shares": 511708,
            "book_valuer_per_share": 9.44,
            "book_valuer_per_share_4q_avg": 8.6,
            "equity": 621783,
            "current_ratio": 156.31,
            "debt_ratio": 46.06,
            "inventory_turnover_ratio": 1.36,
            "account_receivable_turnover_ratio": 0.99,
            "reinvestment_rate": null,
            "research_to_sale_ratio": 2.36,
            "price_fair": 63,
            "eps_avg_yearly": 1.8,
            "eps_latest_yearly": 1.8,
            "eps_growth_yearly": 17600
        },
        "20214": {
            "year_quarter": 20214,
            "year": 2021,
            "quarter": 4,
            "eps": -0.11,
            "eps_growth_year": null,
            "eps_4q": 0.5,
            "eps_4q_growth_year": null,
            "roe": -0.54,
            "roe_4q": 6.75,
            "gross_profit": 45562,
            "gross_margin": 39.41,
            "gross_margin_4q_avg": 21.17,
            "net_income": -3663,
            "net_income_4q": null,
            "revenue": 115609,
            "revenue_4q": null,
            "common_shares": 511708,
            "book_valuer_per_share": 9.42,
            "book_valuer_per_share_4q_avg": 9.26,
            "equity": 742470,
            "current_ratio": 159.4,
            "debt_ratio": 40.56,
            "inventory_turnover_ratio": 0.76,
            "account_receivable_turnover_ratio": 0.92,
            "reinvestment_rate": null,
            "research_to_sale_ratio": 3.98,
            "price_fair": 63,
            "eps_avg_yearly": 1.8,
            "eps_latest_yearly": 1.8,
            "eps_growth_yearly": 17600
        },
        "20221": {
            "year_quarter": 20221,
            "year": 2022,
            "quarter": 1,
            "eps": -0.53,
            "eps_growth_year": null,
            "eps_4q": -0.01,
            "eps_4q_growth_year": null,
            "roe": -4.22,
            "roe_4q": 3.1400000000000006,
            "gross_profit": 7254,
            "gross_margin": 12.07,
            "gross_margin_4q_avg": 22.87,
            "net_income": -31197,
            "net_income_4q": null,
            "revenue": 60122,
            "revenue_4q": null,
            "common_shares": 572388,
            "book_valuer_per_share": 10.63,
            "book_valuer_per_share_4q_avg": 9.76,
            "equity": 735220,
            "current_ratio": 159.28,
            "debt_ratio": 38.28,
            "inventory_turnover_ratio": 0.55,
            "account_receivable_turnover_ratio": 0.63,
            "reinvestment_rate": null,
            "research_to_sale_ratio": 11.18,
            "price_fair": 63,
            "eps_avg_yearly": 1.8,
            "eps_latest_yearly": 1.8,
            "eps_growth_yearly": 17600
        },
        "20222": {
            "year_quarter": 20222,
            "year": 2022,
            "quarter": 2,
            "eps": -0.44,
            "eps_growth_year": -157.14,
            "eps_4q": -1.13,
            "eps_4q_growth_year": -1393.2,
            "roe": -3.54,
            "roe_4q": -7.970000000000001,
            "gross_profit": 10912,
            "gross_margin": 17.6,
            "gross_margin_4q_avg": 22.5,
            "net_income": -25360,
            "net_income_4q": null,
            "revenue": 61989,
            "revenue_4q": null,
            "common_shares": 572388,
            "book_valuer_per_share": 10.11,
            "book_valuer_per_share_4q_avg": 9.9,
            "equity": 699210,
            "current_ratio": 143.55,
            "debt_ratio": 41.04,
            "inventory_turnover_ratio": 0.54,
            "account_receivable_turnover_ratio": 1.01,
            "reinvestment_rate": null,
            "research_to_sale_ratio": 13.31,
            "price_fair": 63,
            "eps_avg_yearly": 1.8,
            "eps_latest_yearly": 1.8,
            "eps_growth_yearly": 17600
        },
        "20223": {
            "year_quarter": 20223,
            "year": 2022,
            "quarter": 3,
            "eps": -0.09,
            "eps_growth_year": null,
            "eps_4q": -1.13,
            "eps_4q_growth_year": -299.92,
            "roe": -0.72,
            "roe_4q": -9.02,
            "gross_profit": 22253,
            "gross_margin": 19.79,
            "gross_margin_4q_avg": 22.22,
            "net_income": -5031,
            "net_income_4q": null,
            "revenue": 112457,
            "revenue_4q": null,
            "common_shares": 572388,
            "book_valuer_per_share": 10.12,
            "book_valuer_per_share_4q_avg": 10.07,
            "equity": 693641,
            "current_ratio": 149.48,
            "debt_ratio": 38.46,
            "inventory_turnover_ratio": 1.06,
            "account_receivable_turnover_ratio": 1.53,
            "reinvestment_rate": null,
            "research_to_sale_ratio": 7.41,
            "price_fair": 0,
            "eps_avg_yearly": 0,
            "eps_latest_yearly": 0,
            "eps_growth_yearly": 0
        },
        "20224": {
            "year_quarter": 20224,
            "year": 2022,
            "quarter": 4,
            "eps": -0.17,
            "eps_growth_year": null,
            "eps_4q": -1.2,
            "eps_4q_growth_year": -337.77,
            "roe": -1.43,
            "roe_4q": -9.91,
            "gross_profit": 28269,
            "gross_margin": 26.27,
            "gross_margin_4q_avg": 18.93,
            "net_income": -9761,
            "net_income_4q": null,
            "revenue": 107592,
            "revenue_4q": null,
            "common_shares": 572388,
            "book_valuer_per_share": 9.81,
            "book_valuer_per_share_4q_avg": 10.17,
            "equity": 672735,
            "current_ratio": 146.63,
            "debt_ratio": 39.69,
            "inventory_turnover_ratio": 1.16,
            "account_receivable_turnover_ratio": 1.22,
            "reinvestment_rate": null,
            "research_to_sale_ratio": 8.33,
            "price_fair": 0,
            "eps_avg_yearly": 0,
            "eps_latest_yearly": 0,
            "eps_growth_yearly": 0
        },
        "20231": {
            "year_quarter": 20231,
            "year": 2023,
            "quarter": 1,
            "eps": -0.46,
            "eps_growth_year": null,
            "eps_4q": -1.16,
            "eps_4q_growth_year": null,
            "roe": -3.97,
            "roe_4q": -9.66,
            "gross_profit": 11769,
            "gross_margin": 21.26,
            "gross_margin_4q_avg": 21.23,
            "net_income": -26238,
            "net_income_4q": null,
            "revenue": 55369,
            "revenue_4q": null,
            "common_shares": 572388,
            "book_valuer_per_share": 9.48,
            "book_valuer_per_share_4q_avg": 9.88,
            "equity": 649900,
            "current_ratio": 138.54,
            "debt_ratio": 40.81,
            "inventory_turnover_ratio": 0.71,
            "account_receivable_turnover_ratio": 0.7,
            "reinvestment_rate": null,
            "research_to_sale_ratio": 12.9,
            "price_fair": 0,
            "eps_avg_yearly": 0,
            "eps_latest_yearly": 0,
            "eps_growth_yearly": 0
        },
        "20232": {
            "year_quarter": 20232,
            "year": 2023,
            "quarter": 2,
            "eps": -0.15,
            "eps_growth_year": null,
            "eps_4q": -0.87,
            "eps_4q_growth_year": null,
            "roe": -1.39,
            "roe_4q": -7.51,
            "gross_profit": 31973,
            "gross_margin": 30.6,
            "gross_margin_4q_avg": 24.48,
            "net_income": -8800,
            "net_income_4q": null,
            "revenue": 104504,
            "revenue_4q": null,
            "common_shares": 572388,
            "book_valuer_per_share": 9.04,
            "book_valuer_per_share_4q_avg": 9.61,
            "equity": 619890,
            "current_ratio": 134.78,
            "debt_ratio": 42.33,
            "inventory_turnover_ratio": 1.41,
            "account_receivable_turnover_ratio": 1.3,
            "reinvestment_rate": null,
            "research_to_sale_ratio": 7.02,
            "price_fair": 0,
            "eps_avg_yearly": 0,
            "eps_latest_yearly": 0,
            "eps_growth_yearly": 0
        },
        "20233": {
            "year_quarter": 20233,
            "year": 2023,
            "quarter": 3,
            "eps": -0.58,
            "eps_growth_year": null,
            "eps_4q": -1.36,
            "eps_4q_growth_year": null,
            "roe": -5.39,
            "roe_4q": -12.18,
            "gross_profit": 6882,
            "gross_margin": 12.05,
            "gross_margin_4q_avg": 22.55,
            "net_income": -33023,
            "net_income_4q": null,
            "revenue": 57122,
            "revenue_4q": null,
            "common_shares": 572388,
            "book_valuer_per_share": 8.83,
            "book_valuer_per_share_4q_avg": 9.29,
            "equity": 605473,
            "current_ratio": 116.41,
            "debt_ratio": 45.03,
            "inventory_turnover_ratio": 1.01,
            "account_receivable_turnover_ratio": 0.7,
            "reinvestment_rate": null,
            "research_to_sale_ratio": 14,
            "price_fair": 0,
            "eps_avg_yearly": 0,
            "eps_latest_yearly": 0,
            "eps_growth_yearly": 0
        },
        "20234": {
            "year_quarter": 20234,
            "year": 2023,
            "quarter": 4,
            "eps": -0.63,
            "eps_growth_year": null,
            "eps_4q": -1.82,
            "eps_4q_growth_year": null,
            "roe": -6.21,
            "roe_4q": -16.96,
            "gross_profit": 15679,
            "gross_margin": 20.53,
            "gross_margin_4q_avg": 21.11,
            "net_income": -36102,
            "net_income_4q": null,
            "revenue": 76379,
            "revenue_4q": null,
            "common_shares": 572388,
            "book_valuer_per_share": 8.14,
            "book_valuer_per_share_4q_avg": 8.87,
            "equity": 557922,
            "current_ratio": 107.98,
            "debt_ratio": 46.52,
            "inventory_turnover_ratio": 1.19,
            "account_receivable_turnover_ratio": 1.16,
            "reinvestment_rate": null,
            "research_to_sale_ratio": 10.9,
            "price_fair": 0,
            "eps_avg_yearly": 0,
            "eps_latest_yearly": 0,
            "eps_growth_yearly": 0
        }
    },
    "months": {
        "2014-12": {
            "month": "2014-12",
            "price": "28.86",
            "revenue": 15573
        },
        "2015-01": {
            "month": "2015-01",
            "price": "27.04",
            "revenue": 45633
        },
        "2015-02": {
            "month": "2015-02",
            "price": "26.14",
            "revenue": 6592
        },
        "2015-03": {
            "month": "2015-03",
            "price": "27.28",
            "revenue": 49538
        },
        "2015-04": {
            "month": "2015-04",
            "price": "26.79",
            "revenue": 50786
        },
        "2015-05": {
            "month": "2015-05",
            "price": "22.98",
            "revenue": 32607
        },
        "2015-06": {
            "month": "2015-06",
            "price": "19.21",
            "revenue": 37368
        },
        "2015-07": {
            "month": "2015-07",
            "price": "17.23",
            "revenue": 27991
        },
        "2015-08": {
            "month": "2015-08",
            "price": "11.55",
            "revenue": 37553
        },
        "2015-09": {
            "month": "2015-09",
            "price": "10.55",
            "revenue": 35311
        },
        "2015-10": {
            "month": "2015-10",
            "price": "13.54",
            "revenue": 31739
        },
        "2015-11": {
            "month": "2015-11",
            "price": "12.17",
            "revenue": 35226
        },
        "2015-12": {
            "month": "2015-12",
            "price": "10.20",
            "revenue": 24725
        },
        "2016-01": {
            "month": "2016-01",
            "price": "9.44",
            "revenue": 27881
        },
        "2016-02": {
            "month": "2016-02",
            "price": "9.10",
            "revenue": 13961
        },
        "2016-03": {
            "month": "2016-03",
            "price": "9.96",
            "revenue": 19415
        },
        "2016-04": {
            "month": "2016-04",
            "price": "8.77",
            "revenue": 14053
        },
        "2016-05": {
            "month": "2016-05",
            "price": "8.21",
            "revenue": 19204
        },
        "2016-06": {
            "month": "2016-06",
            "price": "8.80",
            "revenue": 20043
        },
        "2016-07": {
            "month": "2016-07",
            "price": "9.65",
            "revenue": 15054
        },
        "2016-08": {
            "month": "2016-08",
            "price": "9.42",
            "revenue": 7817
        },
        "2016-09": {
            "month": "2016-09",
            "price": "9.08",
            "revenue": 18250
        },
        "2016-10": {
            "month": "2016-10",
            "price": "8.96",
            "revenue": 21066
        },
        "2016-11": {
            "month": "2016-11",
            "price": "8.94",
            "revenue": 15494
        },
        "2016-12": {
            "month": "2016-12",
            "price": "8.39",
            "revenue": 18775
        },
        "2017-01": {
            "month": "2017-01",
            "price": "8.14",
            "revenue": 13051
        },
        "2017-02": {
            "month": "2017-02",
            "price": "8.46",
            "revenue": 8911
        },
        "2017-03": {
            "month": "2017-03",
            "price": "8.45",
            "revenue": 11745
        },
        "2017-04": {
            "month": "2017-04",
            "price": "8.61",
            "revenue": 8604
        },
        "2017-05": {
            "month": "2017-05",
            "price": "10.64",
            "revenue": 8481
        },
        "2017-06": {
            "month": "2017-06",
            "price": "10.53",
            "revenue": 11334
        },
        "2017-07": {
            "month": "2017-07",
            "price": "12.11",
            "revenue": 4558
        },
        "2017-08": {
            "month": "2017-08",
            "price": "11.26",
            "revenue": 7265
        },
        "2017-09": {
            "month": "2017-09",
            "price": "10.42",
            "revenue": 7503
        },
        "2017-10": {
            "month": "2017-10",
            "price": "11.17",
            "revenue": 4929
        },
        "2017-11": {
            "month": "2017-11",
            "price": "11.89",
            "revenue": 8030
        },
        "2017-12": {
            "month": "2017-12",
            "price": "13.12",
            "revenue": 11537
        },
        "2018-01": {
            "month": "2018-01",
            "price": "15.03",
            "revenue": 8188
        },
        "2018-02": {
            "month": "2018-02",
            "price": "13.76",
            "revenue": 2253
        },
        "2018-03": {
            "month": "2018-03",
            "price": "13.46",
            "revenue": 9037
        },
        "2018-04": {
            "month": "2018-04",
            "price": "13.81",
            "revenue": 7046
        },
        "2018-05": {
            "month": "2018-05",
            "price": "12.95",
            "revenue": 8068
        },
        "2018-06": {
            "month": "2018-06",
            "price": "12.61",
            "revenue": 8635
        },
        "2018-07": {
            "month": "2018-07",
            "price": "11.22",
            "revenue": 8172
        },
        "2018-08": {
            "month": "2018-08",
            "price": "12.82",
            "revenue": 11284
        },
        "2018-09": {
            "month": "2018-09",
            "price": "13.29",
            "revenue": 9422
        },
        "2018-10": {
            "month": "2018-10",
            "price": "12.97",
            "revenue": 6669
        },
        "2018-11": {
            "month": "2018-11",
            "price": "13.18",
            "revenue": 10871
        },
        "2018-12": {
            "month": "2018-12",
            "price": "15.25",
            "revenue": 9864
        },
        "2019-01": {
            "month": "2019-01",
            "price": "16.00",
            "revenue": 7404
        },
        "2019-02": {
            "month": "2019-02",
            "price": "19.62",
            "revenue": 2421
        },
        "2019-03": {
            "month": "2019-03",
            "price": "21.02",
            "revenue": 20920
        },
        "2019-04": {
            "month": "2019-04",
            "price": "27.18",
            "revenue": 29283
        },
        "2019-05": {
            "month": "2019-05",
            "price": "27.38",
            "revenue": 16162
        },
        "2019-06": {
            "month": "2019-06",
            "price": "26.36",
            "revenue": 10851
        },
        "2019-07": {
            "month": "2019-07",
            "price": "25.35",
            "revenue": 21663
        },
        "2019-08": {
            "month": "2019-08",
            "price": "25.37",
            "revenue": 50636
        },
        "2019-09": {
            "month": "2019-09",
            "price": "25.32",
            "revenue": 41993
        },
        "2019-10": {
            "month": "2019-10",
            "price": "26.15",
            "revenue": 49282
        },
        "2019-11": {
            "month": "2019-11",
            "price": "25.56",
            "revenue": 113964
        },
        "2019-12": {
            "month": "2019-12",
            "price": "27.22",
            "revenue": 40052
        },
        "2020-02": {
            "month": "2020-02",
            "price": "26.63",
            "revenue": 2827
        },
        "2020-03": {
            "month": "2020-03",
            "price": "21.53",
            "revenue": 23546
        },
        "2020-04": {
            "month": "2020-04",
            "price": "22.65",
            "revenue": 32171
        },
        "2020-05": {
            "month": "2020-05",
            "price": "23.24",
            "revenue": 9912
        },
        "2020-06": {
            "month": "2020-06",
            "price": "24.03",
            "revenue": 3173
        },
        "2020-07": {
            "month": "2020-07",
            "price": "26.36",
            "revenue": 11541
        },
        "2020-08": {
            "month": "2020-08",
            "price": "31.20",
            "revenue": 12173
        },
        "2020-09": {
            "month": "2020-09",
            "price": "31.43",
            "revenue": 11924
        },
        "2020-10": {
            "month": "2020-10",
            "price": "28.14",
            "revenue": 6637
        },
        "2020-11": {
            "month": "2020-11",
            "price": "28.19",
            "revenue": 13589
        },
        "2020-12": {
            "month": "2020-12",
            "price": "29.98",
            "revenue": 17509
        },
        "2021-01": {
            "month": "2021-01",
            "price": "29.80",
            "revenue": 12352
        },
        "2021-02": {
            "month": "2021-02",
            "price": "32.93",
            "revenue": 3356
        },
        "2021-03": {
            "month": "2021-03",
            "price": "34.35",
            "revenue": 6382
        },
        "2021-04": {
            "month": "2021-04",
            "price": "35.81",
            "revenue": 5430
        },
        "2021-05": {
            "month": "2021-05",
            "price": "31.62",
            "revenue": 4042
        },
        "2021-06": {
            "month": "2021-06",
            "price": "31.33",
            "revenue": 59510
        },
        "2021-07": {
            "month": "2021-07",
            "price": "35.08",
            "revenue": 35973
        },
        "2021-08": {
            "month": "2021-08",
            "price": "33.30",
            "revenue": 49267
        },
        "2021-09": {
            "month": "2021-09",
            "price": "30.33",
            "revenue": 63189
        },
        "2021-10": {
            "month": "2021-10",
            "price": "29.50",
            "revenue": 72716
        },
        "2021-11": {
            "month": "2021-11",
            "price": "29.62",
            "revenue": 54347
        },
        "2021-12": {
            "month": "2021-12",
            "price": "29.21",
            "revenue": 32904
        },
        "2022-01": {
            "month": "2022-01",
            "price": "26.10",
            "revenue": 29043
        },
        "2022-02": {
            "month": "2022-02",
            "price": "28.73",
            "revenue": 14962
        },
        "2022-03": {
            "month": "2022-03",
            "price": "29.13",
            "revenue": 20946
        },
        "2022-04": {
            "month": "2022-04",
            "price": "29.61",
            "revenue": 3745
        },
        "2022-05": {
            "month": "2022-05",
            "price": "27.63",
            "revenue": 25774
        },
        "2022-06": {
            "month": "2022-06",
            "price": "26.57",
            "revenue": 35514
        },
        "2022-07": {
            "month": "2022-07",
            "price": "24.31",
            "revenue": 38027
        },
        "2022-08": {
            "month": "2022-08",
            "price": "22.22",
            "revenue": 35617
        },
        "2022-09": {
            "month": "2022-09",
            "price": "21.24",
            "revenue": 38968
        },
        "2022-10": {
            "month": "2022-10",
            "price": "20.26",
            "revenue": 47277
        },
        "2022-11": {
            "month": "2022-11",
            "price": "20.74",
            "revenue": 46351
        },
        "2022-12": {
            "month": "2022-12",
            "price": "20.90",
            "revenue": 13675
        },
        "2023-01": {
            "month": "2023-01",
            "price": "20.27",
            "revenue": 14467
        },
        "2023-02": {
            "month": "2023-02",
            "price": "20.15",
            "revenue": 20687
        },
        "2023-03": {
            "month": "2023-03",
            "price": "20.35",
            "revenue": 20053
        },
        "2023-04": {
            "month": "2023-04",
            "price": "21.36",
            "revenue": 27323
        },
        "2023-05": {
            "month": "2023-05",
            "price": "21.06",
            "revenue": 46544
        },
        "2023-06": {
            "month": "2023-06",
            "price": "20.26",
            "revenue": 29709
        },
        "2023-07": {
            "month": "2023-07",
            "price": "19.36",
            "revenue": 13501
        },
        "2023-08": {
            "month": "2023-08",
            "price": "18.23",
            "revenue": 10517
        },
        "2023-09": {
            "month": "2023-09",
            "price": "18.25",
            "revenue": 33492
        },
        "2023-10": {
            "month": "2023-10",
            "price": "17.70",
            "revenue": 33426
        },
        "2023-11": {
            "month": "2023-11",
            "price": "16.34",
            "revenue": 26640
        },
        "2023-12": {
            "month": "2023-12",
            "price": "16.25",
            "revenue": 16323
        },
        "2024-01": {
            "month": "2024-01",
            "price": "16.45",
            "revenue": 23234
        },
        "2024-02": {
            "month": "2024-02",
            "price": "16.03",
            "revenue": 9733
        }
    }
}
