{
    "summary": {
        "stock_name": "大中",
        "stock_id": "6435",
        "category": "半導體",
        "main_business": "電子零組件製造業<br>智慧財產權業<br>產品設計業",
        "website_url": "http://www.sinopowersemi.com",
        "ceo": "薛添福",
        "pe_ratio": 26,
        "report_year_from": 2011,
        "report_year_to": 2023,
        "age": 13,
        "eps_negative_percentage": 0,
        "eps_growth_avg": {
            "last_all": 23.1,
            "last_2y": 7.1,
            "last_4y": -0.37,
            "last_8y": null,
            "last_12y": null,
            "last_16y": null,
            "last_20y": null,
            "at_2006_last_3y": null,
            "at_2007_last_3y": null,
            "at_2008_last_3y": null,
            "at_2009_last_3y": null,
            "at_2010_last_3y": null,
            "at_2011_last_3y": null,
            "at_2012_last_3y": null,
            "at_2013_last_3y": null,
            "at_2014_last_3y": null,
            "at_2015_last_3y": null,
            "at_2016_last_3y": null,
            "at_2017_last_3y": null,
            "at_2018_last_3y": null,
            "at_2019_last_3y": 37.43,
            "at_2020_last_3y": 26.97,
            "at_2021_last_3y": 40.8,
            "at_2022_last_3y": 16.89,
            "at_2023_last_3y": 8.77,
            "at_2024_last_3y": 8.77,
            "at_2006_last_all": null,
            "at_2007_last_all": null,
            "at_2008_last_all": null,
            "at_2009_last_all": null,
            "at_2010_last_all": null,
            "at_2011_last_all": null,
            "at_2012_last_all": null,
            "at_2013_last_all": null,
            "at_2014_last_all": null,
            "at_2015_last_all": null,
            "at_2016_last_all": null,
            "at_2017_last_all": 43.31,
            "at_2018_last_all": 62.21,
            "at_2019_last_all": 37.43,
            "at_2020_last_all": 32.7,
            "at_2021_last_all": 41.64,
            "at_2022_last_all": 36.31,
            "at_2023_last_all": 23.1,
            "at_2024_last_all": 23.1
        },
        "latest_eps": 4,
        "latest_price": 104,
        "latest_roe": 9.3,
        "latest_gross_margin": 18.11,
        "latest_equity": 1693064,
        "latest_revenue": 687828,
        "latest_gross_profit": 124557,
        "latest_net_income": 29985,
        "latest_debt_ratio": 35.61,
        "latest_current_ratio": 248.79,
        "latest_account_receivable_turnover_ratio": 1.44,
        "latest_inventory_turnover_ratio": 0.75,
        "latest_reinvestment_rate": 12.98,
        "latest_research_to_sale_ratio": 4.84
    },
    "eps_dividends": {
        "2001": {
            "cash": 0,
            "stock": 0,
            "eps": 0
        },
        "2002": {
            "cash": 0,
            "stock": 0,
            "eps": 0
        },
        "2003": {
            "cash": 0,
            "stock": 0,
            "eps": 0
        },
        "2004": {
            "cash": 0,
            "stock": 0,
            "eps": 0
        },
        "2005": {
            "cash": 0,
            "stock": 0,
            "eps": 0
        },
        "2006": {
            "cash": 0,
            "stock": 0,
            "eps": 0
        },
        "2007": {
            "cash": 0,
            "stock": 0,
            "eps": 0
        },
        "2008": {
            "cash": 0,
            "stock": 0,
            "eps": 0
        },
        "2009": {
            "cash": 0,
            "stock": 0,
            "eps": 0
        },
        "2010": {
            "cash": 0,
            "stock": 0,
            "eps": 0
        },
        "2011": {
            "cash": 0,
            "stock": 0,
            "eps": 0
        },
        "2012": {
            "cash": 0,
            "stock": 0,
            "eps": 0
        },
        "2013": {
            "cash": 0,
            "stock": 0,
            "eps": 0
        },
        "2014": {
            "cash": 2.2,
            "stock": 0,
            "eps": 0
        },
        "2015": {
            "cash": 3,
            "stock": 0,
            "eps": 2.32
        },
        "2016": {
            "cash": 3.04,
            "stock": 0,
            "eps": 3.61
        },
        "2017": {
            "cash": 3,
            "stock": 0,
            "eps": 4.73
        },
        "2018": {
            "cash": 3.5,
            "stock": 0,
            "eps": 9.78
        },
        "2019": {
            "cash": 7.07,
            "stock": 0,
            "eps": 6.17
        },
        "2020": {
            "cash": 4.3,
            "stock": 0,
            "eps": 7.02
        },
        "2021": {
            "cash": 5,
            "stock": 0,
            "eps": 13.08
        },
        "2022": {
            "cash": 7.2,
            "stock": 0,
            "eps": 13.65
        },
        "2023": {
            "cash": 3,
            "stock": 1,
            "eps": 4.18
        },
        "2024": {
            "cash": 2.8,
            "stock": 0,
            "eps": 0
        }
    },
    "dividends": {
        "2014-08-12": {
            "cash": 2.2,
            "stock": 0
        },
        "2015-09-01": {
            "cash": 3,
            "stock": 0
        },
        "2016-09-30": {
            "cash": 3.04,
            "stock": 0
        },
        "2017-09-26": {
            "cash": 3,
            "stock": 0
        },
        "2018-08-10": {
            "cash": 3.5,
            "stock": 0
        },
        "2019-08-16": {
            "cash": 7.07,
            "stock": 0
        },
        "2020-08-14": {
            "cash": 4.3,
            "stock": 0
        },
        "2021-08-13": {
            "cash": 5,
            "stock": 0
        },
        "2022-08-12": {
            "cash": 7.2,
            "stock": 0
        },
        "2023-09-21": {
            "cash": 3,
            "stock": 1
        },
        "2024-02-22": {
            "cash": 2.8,
            "stock": 0
        }
    },
    "prices": {
        "200101": "無",
        "200102": "無",
        "200103": "無",
        "200104": "無",
        "200105": "無",
        "200106": "無",
        "200107": "無",
        "200108": "無",
        "200109": "無",
        "200110": "無",
        "200111": "無",
        "200112": "無",
        "200201": "無",
        "200202": "無",
        "200203": "無",
        "200204": "無",
        "200205": "無",
        "200206": "無",
        "200207": "無",
        "200208": "無",
        "200209": "無",
        "200210": "無",
        "200211": "無",
        "200212": "無",
        "200301": "無",
        "200302": "無",
        "200303": "無",
        "200304": "無",
        "200305": "無",
        "200306": "無",
        "200307": "無",
        "200308": "無",
        "200309": "無",
        "200310": "無",
        "200311": "無",
        "200312": "無",
        "200401": "無",
        "200402": "無",
        "200403": "無",
        "200404": "無",
        "200405": "無",
        "200406": "無",
        "200407": "無",
        "200408": "無",
        "200409": "無",
        "200410": "無",
        "200411": "無",
        "200412": "無",
        "200501": "無",
        "200502": "無",
        "200503": "無",
        "200504": "無",
        "200505": "無",
        "200506": "無",
        "200507": "無",
        "200508": "無",
        "200509": "無",
        "200510": "無",
        "200511": "無",
        "200512": "無",
        "200601": "無",
        "200602": "無",
        "200603": "無",
        "200604": "無",
        "200605": "無",
        "200606": "無",
        "200607": "無",
        "200608": "無",
        "200609": "無",
        "200610": "無",
        "200611": "無",
        "200612": "無",
        "200701": "無",
        "200702": "無",
        "200703": "無",
        "200704": "無",
        "200705": "無",
        "200706": "無",
        "200707": "無",
        "200708": "無",
        "200709": "無",
        "200710": "無",
        "200711": "無",
        "200712": "無",
        "200801": "無",
        "200802": "無",
        "200803": "無",
        "200804": "無",
        "200805": "無",
        "200806": "無",
        "200807": "無",
        "200808": "無",
        "200809": "無",
        "200810": "無",
        "200811": "無",
        "200812": "無",
        "200901": "無",
        "200902": "無",
        "200903": "無",
        "200904": "無",
        "200905": "無",
        "200906": "無",
        "200907": "無",
        "200908": "無",
        "200909": "無",
        "200910": "無",
        "200911": "無",
        "200912": "無",
        "201001": "無",
        "201002": "無",
        "201003": "無",
        "201004": "無",
        "201005": "無",
        "201006": "無",
        "201007": "無",
        "201008": "無",
        "201009": "無",
        "201010": "無",
        "201011": "無",
        "201012": "無",
        "201101": "無",
        "201102": "無",
        "201103": "無",
        "201104": "無",
        "201105": "無",
        "201106": "無",
        "201107": "無",
        "201108": "無",
        "201109": "無",
        "201110": "無",
        "201111": "無",
        "201112": "無",
        "201201": "無",
        "201202": "無",
        "201203": "無",
        "201204": "無",
        "201205": "無",
        "201206": "無",
        "201207": "無",
        "201208": "無",
        "201209": "無",
        "201210": "無",
        "201211": "無",
        "201212": "無",
        "201301": "無",
        "201302": "無",
        "201303": "無",
        "201304": "無",
        "201305": "無",
        "201306": "無",
        "201307": "無",
        "201308": "無",
        "201309": "無",
        "201310": "無",
        "201311": "無",
        "201312": "45.38",
        "201401": "48.75",
        "201402": "49.92",
        "201403": "51.03",
        "201404": "49.22",
        "201405": "49.12",
        "201406": "53.75",
        "201407": "54.48",
        "201408": "50.14",
        "201409": "47.80",
        "201410": "41.75",
        "201411": "35.54",
        "201412": "36.03",
        "201501": "35.06",
        "201502": "35.10",
        "201503": "35.80",
        "201504": "37.72",
        "201505": "35.45",
        "201506": "35.18",
        "201507": "31.26",
        "201508": "24.26",
        "201509": "23.37",
        "201510": "27.60",
        "201511": "33.18",
        "201512": "39.73",
        "201601": "30.08",
        "201602": "31.55",
        "201603": "37.15",
        "201604": "37.87",
        "201605": "36.17",
        "201606": "38.22",
        "201607": "41.84",
        "201608": "42.13",
        "201609": "41.81",
        "201610": "40.28",
        "201611": "36.83",
        "201612": "37.52",
        "201701": "38.28",
        "201702": "40.65",
        "201703": "54.67",
        "201704": "84.58",
        "201705": "81.80",
        "201706": "82.33",
        "201707": "79.85",
        "201708": "94.83",
        "201709": "92.31",
        "201710": "99.80",
        "201711": "123.11",
        "201712": "101.72",
        "201801": "108.34",
        "201802": "105.07",
        "201803": "108.17",
        "201804": "100.53",
        "201805": "98.90",
        "201806": "152.65",
        "201807": "147.32",
        "201808": "126.70",
        "201809": "114.92",
        "201810": "93.10",
        "201811": "95.54",
        "201812": "119.83",
        "201901": "121.93",
        "201902": "135.85",
        "201903": "125.72",
        "201904": "119.50",
        "201905": "109.77",
        "201906": "108.63",
        "201907": "119.28",
        "201908": "106.36",
        "201909": "108.87",
        "201910": "112.33",
        "201911": "107.17",
        "201912": "113.36",
        "202001": "115.85",
        "202002": "98.23",
        "202003": "78.99",
        "202004": "79.34",
        "202005": "91.47",
        "202006": "91.52",
        "202007": "92.44",
        "202008": "90.96",
        "202009": "92.17",
        "202010": "102.79",
        "202011": "111.97",
        "202012": "122.46",
        "202101": "123.52",
        "202102": "115.15",
        "202103": "122.48",
        "202104": "136.47",
        "202105": "109.12",
        "202106": "116.52",
        "202107": "132.73",
        "202108": "126.80",
        "202109": "120.82",
        "202110": "124.28",
        "202111": "144.50",
        "202112": "145.57",
        "202201": "138.94",
        "202202": "147.67",
        "202203": "150.09",
        "202204": "140.76",
        "202205": "147.95",
        "202206": "151.81",
        "202207": "115.52",
        "202208": "118.22",
        "202209": "109.29",
        "202210": "96.11",
        "202211": "104.28",
        "202212": "102.67",
        "202301": "99.92",
        "202302": "107.17",
        "202303": "103.43",
        "202304": "107.21",
        "202305": "103.27",
        "202306": "102.58",
        "202307": "100.72",
        "202308": "98.40",
        "202309": "95.56",
        "202310": "95.68",
        "202311": "101.00",
        "202312": "111.55",
        "202401": "107.18",
        "202402": "113.81",
        "202403": "109.29",
        "202404": "無"
    },
    "quarters": {
        "20011": {
            "year_quarter": 20011,
            "year": 2001,
            "quarter": 1,
            "eps": null,
            "eps_growth_year": null,
            "eps_4q": null,
            "eps_4q_growth_year": null,
            "roe": null,
            "roe_4q": 0,
            "gross_profit": null,
            "gross_margin": null,
            "gross_margin_4q_avg": 0,
            "net_income": null,
            "net_income_4q": null,
            "revenue": null,
            "revenue_4q": null,
            "common_shares": null,
            "book_valuer_per_share": null,
            "book_valuer_per_share_4q_avg": 0,
            "equity": null,
            "current_ratio": null,
            "debt_ratio": null,
            "inventory_turnover_ratio": null,
            "account_receivable_turnover_ratio": null,
            "reinvestment_rate": null,
            "research_to_sale_ratio": null,
            "price_fair": 0,
            "eps_avg_yearly": 0,
            "eps_latest_yearly": 0,
            "eps_growth_yearly": 0
        },
        "20012": {
            "year_quarter": 20012,
            "year": 2001,
            "quarter": 2,
            "eps": null,
            "eps_growth_year": null,
            "eps_4q": null,
            "eps_4q_growth_year": null,
            "roe": null,
            "roe_4q": 0,
            "gross_profit": null,
            "gross_margin": null,
            "gross_margin_4q_avg": 0,
            "net_income": null,
            "net_income_4q": null,
            "revenue": null,
            "revenue_4q": null,
            "common_shares": null,
            "book_valuer_per_share": null,
            "book_valuer_per_share_4q_avg": 0,
            "equity": null,
            "current_ratio": null,
            "debt_ratio": null,
            "inventory_turnover_ratio": null,
            "account_receivable_turnover_ratio": null,
            "reinvestment_rate": null,
            "research_to_sale_ratio": null,
            "price_fair": 0,
            "eps_avg_yearly": 0,
            "eps_latest_yearly": 0,
            "eps_growth_yearly": 0
        },
        "20013": {
            "year_quarter": 20013,
            "year": 2001,
            "quarter": 3,
            "eps": null,
            "eps_growth_year": null,
            "eps_4q": null,
            "eps_4q_growth_year": null,
            "roe": null,
            "roe_4q": 0,
            "gross_profit": null,
            "gross_margin": null,
            "gross_margin_4q_avg": 0,
            "net_income": null,
            "net_income_4q": null,
            "revenue": null,
            "revenue_4q": null,
            "common_shares": null,
            "book_valuer_per_share": null,
            "book_valuer_per_share_4q_avg": 0,
            "equity": null,
            "current_ratio": null,
            "debt_ratio": null,
            "inventory_turnover_ratio": null,
            "account_receivable_turnover_ratio": null,
            "reinvestment_rate": null,
            "research_to_sale_ratio": null,
            "price_fair": 0,
            "eps_avg_yearly": 0,
            "eps_latest_yearly": 0,
            "eps_growth_yearly": 0
        },
        "20014": {
            "year_quarter": 20014,
            "year": 2001,
            "quarter": 4,
            "eps": null,
            "eps_growth_year": null,
            "eps_4q": null,
            "eps_4q_growth_year": null,
            "roe": null,
            "roe_4q": 0,
            "gross_profit": null,
            "gross_margin": null,
            "gross_margin_4q_avg": 0,
            "net_income": null,
            "net_income_4q": null,
            "revenue": null,
            "revenue_4q": null,
            "common_shares": null,
            "book_valuer_per_share": null,
            "book_valuer_per_share_4q_avg": 0,
            "equity": null,
            "current_ratio": null,
            "debt_ratio": null,
            "inventory_turnover_ratio": null,
            "account_receivable_turnover_ratio": null,
            "reinvestment_rate": null,
            "research_to_sale_ratio": null,
            "price_fair": 0,
            "eps_avg_yearly": 0,
            "eps_latest_yearly": 0,
            "eps_growth_yearly": 0
        },
        "20021": {
            "year_quarter": 20021,
            "year": 2002,
            "quarter": 1,
            "eps": null,
            "eps_growth_year": null,
            "eps_4q": null,
            "eps_4q_growth_year": null,
            "roe": null,
            "roe_4q": 0,
            "gross_profit": null,
            "gross_margin": null,
            "gross_margin_4q_avg": 0,
            "net_income": null,
            "net_income_4q": null,
            "revenue": null,
            "revenue_4q": null,
            "common_shares": null,
            "book_valuer_per_share": null,
            "book_valuer_per_share_4q_avg": 0,
            "equity": null,
            "current_ratio": null,
            "debt_ratio": null,
            "inventory_turnover_ratio": null,
            "account_receivable_turnover_ratio": null,
            "reinvestment_rate": null,
            "research_to_sale_ratio": null,
            "price_fair": 0,
            "eps_avg_yearly": 0,
            "eps_latest_yearly": 0,
            "eps_growth_yearly": 0
        },
        "20022": {
            "year_quarter": 20022,
            "year": 2002,
            "quarter": 2,
            "eps": null,
            "eps_growth_year": null,
            "eps_4q": null,
            "eps_4q_growth_year": null,
            "roe": null,
            "roe_4q": 0,
            "gross_profit": null,
            "gross_margin": null,
            "gross_margin_4q_avg": 0,
            "net_income": null,
            "net_income_4q": null,
            "revenue": null,
            "revenue_4q": null,
            "common_shares": null,
            "book_valuer_per_share": null,
            "book_valuer_per_share_4q_avg": 0,
            "equity": null,
            "current_ratio": null,
            "debt_ratio": null,
            "inventory_turnover_ratio": null,
            "account_receivable_turnover_ratio": null,
            "reinvestment_rate": null,
            "research_to_sale_ratio": null,
            "price_fair": 0,
            "eps_avg_yearly": 0,
            "eps_latest_yearly": 0,
            "eps_growth_yearly": 0
        },
        "20023": {
            "year_quarter": 20023,
            "year": 2002,
            "quarter": 3,
            "eps": null,
            "eps_growth_year": null,
            "eps_4q": null,
            "eps_4q_growth_year": null,
            "roe": null,
            "roe_4q": 0,
            "gross_profit": null,
            "gross_margin": null,
            "gross_margin_4q_avg": 0,
            "net_income": null,
            "net_income_4q": null,
            "revenue": null,
            "revenue_4q": null,
            "common_shares": null,
            "book_valuer_per_share": null,
            "book_valuer_per_share_4q_avg": 0,
            "equity": null,
            "current_ratio": null,
            "debt_ratio": null,
            "inventory_turnover_ratio": null,
            "account_receivable_turnover_ratio": null,
            "reinvestment_rate": null,
            "research_to_sale_ratio": null,
            "price_fair": 0,
            "eps_avg_yearly": 0,
            "eps_latest_yearly": 0,
            "eps_growth_yearly": 0
        },
        "20024": {
            "year_quarter": 20024,
            "year": 2002,
            "quarter": 4,
            "eps": null,
            "eps_growth_year": null,
            "eps_4q": null,
            "eps_4q_growth_year": null,
            "roe": null,
            "roe_4q": 0,
            "gross_profit": null,
            "gross_margin": null,
            "gross_margin_4q_avg": 0,
            "net_income": null,
            "net_income_4q": null,
            "revenue": null,
            "revenue_4q": null,
            "common_shares": null,
            "book_valuer_per_share": null,
            "book_valuer_per_share_4q_avg": 0,
            "equity": null,
            "current_ratio": null,
            "debt_ratio": null,
            "inventory_turnover_ratio": null,
            "account_receivable_turnover_ratio": null,
            "reinvestment_rate": null,
            "research_to_sale_ratio": null,
            "price_fair": 0,
            "eps_avg_yearly": 0,
            "eps_latest_yearly": 0,
            "eps_growth_yearly": 0
        },
        "20031": {
            "year_quarter": 20031,
            "year": 2003,
            "quarter": 1,
            "eps": null,
            "eps_growth_year": null,
            "eps_4q": null,
            "eps_4q_growth_year": null,
            "roe": null,
            "roe_4q": 0,
            "gross_profit": null,
            "gross_margin": null,
            "gross_margin_4q_avg": 0,
            "net_income": null,
            "net_income_4q": null,
            "revenue": null,
            "revenue_4q": null,
            "common_shares": null,
            "book_valuer_per_share": null,
            "book_valuer_per_share_4q_avg": 0,
            "equity": null,
            "current_ratio": null,
            "debt_ratio": null,
            "inventory_turnover_ratio": null,
            "account_receivable_turnover_ratio": null,
            "reinvestment_rate": null,
            "research_to_sale_ratio": null,
            "price_fair": 0,
            "eps_avg_yearly": 0,
            "eps_latest_yearly": 0,
            "eps_growth_yearly": 0
        },
        "20032": {
            "year_quarter": 20032,
            "year": 2003,
            "quarter": 2,
            "eps": null,
            "eps_growth_year": null,
            "eps_4q": null,
            "eps_4q_growth_year": null,
            "roe": null,
            "roe_4q": 0,
            "gross_profit": null,
            "gross_margin": null,
            "gross_margin_4q_avg": 0,
            "net_income": null,
            "net_income_4q": null,
            "revenue": null,
            "revenue_4q": null,
            "common_shares": null,
            "book_valuer_per_share": null,
            "book_valuer_per_share_4q_avg": 0,
            "equity": null,
            "current_ratio": null,
            "debt_ratio": null,
            "inventory_turnover_ratio": null,
            "account_receivable_turnover_ratio": null,
            "reinvestment_rate": null,
            "research_to_sale_ratio": null,
            "price_fair": 0,
            "eps_avg_yearly": 0,
            "eps_latest_yearly": 0,
            "eps_growth_yearly": 0
        },
        "20033": {
            "year_quarter": 20033,
            "year": 2003,
            "quarter": 3,
            "eps": null,
            "eps_growth_year": null,
            "eps_4q": null,
            "eps_4q_growth_year": null,
            "roe": null,
            "roe_4q": 0,
            "gross_profit": null,
            "gross_margin": null,
            "gross_margin_4q_avg": 0,
            "net_income": null,
            "net_income_4q": null,
            "revenue": null,
            "revenue_4q": null,
            "common_shares": null,
            "book_valuer_per_share": null,
            "book_valuer_per_share_4q_avg": 0,
            "equity": null,
            "current_ratio": null,
            "debt_ratio": null,
            "inventory_turnover_ratio": null,
            "account_receivable_turnover_ratio": null,
            "reinvestment_rate": null,
            "research_to_sale_ratio": null,
            "price_fair": 0,
            "eps_avg_yearly": 0,
            "eps_latest_yearly": 0,
            "eps_growth_yearly": 0
        },
        "20034": {
            "year_quarter": 20034,
            "year": 2003,
            "quarter": 4,
            "eps": null,
            "eps_growth_year": null,
            "eps_4q": null,
            "eps_4q_growth_year": null,
            "roe": null,
            "roe_4q": 0,
            "gross_profit": null,
            "gross_margin": null,
            "gross_margin_4q_avg": 0,
            "net_income": null,
            "net_income_4q": null,
            "revenue": null,
            "revenue_4q": null,
            "common_shares": null,
            "book_valuer_per_share": null,
            "book_valuer_per_share_4q_avg": 0,
            "equity": null,
            "current_ratio": null,
            "debt_ratio": null,
            "inventory_turnover_ratio": null,
            "account_receivable_turnover_ratio": null,
            "reinvestment_rate": null,
            "research_to_sale_ratio": null,
            "price_fair": 0,
            "eps_avg_yearly": 0,
            "eps_latest_yearly": 0,
            "eps_growth_yearly": 0
        },
        "20041": {
            "year_quarter": 20041,
            "year": 2004,
            "quarter": 1,
            "eps": null,
            "eps_growth_year": null,
            "eps_4q": null,
            "eps_4q_growth_year": null,
            "roe": null,
            "roe_4q": 0,
            "gross_profit": null,
            "gross_margin": null,
            "gross_margin_4q_avg": 0,
            "net_income": null,
            "net_income_4q": null,
            "revenue": null,
            "revenue_4q": null,
            "common_shares": null,
            "book_valuer_per_share": null,
            "book_valuer_per_share_4q_avg": 0,
            "equity": null,
            "current_ratio": null,
            "debt_ratio": null,
            "inventory_turnover_ratio": null,
            "account_receivable_turnover_ratio": null,
            "reinvestment_rate": null,
            "research_to_sale_ratio": null,
            "price_fair": 0,
            "eps_avg_yearly": 0,
            "eps_latest_yearly": 0,
            "eps_growth_yearly": 0
        },
        "20042": {
            "year_quarter": 20042,
            "year": 2004,
            "quarter": 2,
            "eps": null,
            "eps_growth_year": null,
            "eps_4q": null,
            "eps_4q_growth_year": null,
            "roe": null,
            "roe_4q": 0,
            "gross_profit": null,
            "gross_margin": null,
            "gross_margin_4q_avg": 0,
            "net_income": null,
            "net_income_4q": null,
            "revenue": null,
            "revenue_4q": null,
            "common_shares": null,
            "book_valuer_per_share": null,
            "book_valuer_per_share_4q_avg": 0,
            "equity": null,
            "current_ratio": null,
            "debt_ratio": null,
            "inventory_turnover_ratio": null,
            "account_receivable_turnover_ratio": null,
            "reinvestment_rate": null,
            "research_to_sale_ratio": null,
            "price_fair": 0,
            "eps_avg_yearly": 0,
            "eps_latest_yearly": 0,
            "eps_growth_yearly": 0
        },
        "20043": {
            "year_quarter": 20043,
            "year": 2004,
            "quarter": 3,
            "eps": null,
            "eps_growth_year": null,
            "eps_4q": null,
            "eps_4q_growth_year": null,
            "roe": null,
            "roe_4q": 0,
            "gross_profit": null,
            "gross_margin": null,
            "gross_margin_4q_avg": 0,
            "net_income": null,
            "net_income_4q": null,
            "revenue": null,
            "revenue_4q": null,
            "common_shares": null,
            "book_valuer_per_share": null,
            "book_valuer_per_share_4q_avg": 0,
            "equity": null,
            "current_ratio": null,
            "debt_ratio": null,
            "inventory_turnover_ratio": null,
            "account_receivable_turnover_ratio": null,
            "reinvestment_rate": null,
            "research_to_sale_ratio": null,
            "price_fair": 0,
            "eps_avg_yearly": 0,
            "eps_latest_yearly": 0,
            "eps_growth_yearly": 0
        },
        "20044": {
            "year_quarter": 20044,
            "year": 2004,
            "quarter": 4,
            "eps": null,
            "eps_growth_year": null,
            "eps_4q": null,
            "eps_4q_growth_year": null,
            "roe": null,
            "roe_4q": 0,
            "gross_profit": null,
            "gross_margin": null,
            "gross_margin_4q_avg": 0,
            "net_income": null,
            "net_income_4q": null,
            "revenue": null,
            "revenue_4q": null,
            "common_shares": null,
            "book_valuer_per_share": null,
            "book_valuer_per_share_4q_avg": 0,
            "equity": null,
            "current_ratio": null,
            "debt_ratio": null,
            "inventory_turnover_ratio": null,
            "account_receivable_turnover_ratio": null,
            "reinvestment_rate": null,
            "research_to_sale_ratio": null,
            "price_fair": 0,
            "eps_avg_yearly": 0,
            "eps_latest_yearly": 0,
            "eps_growth_yearly": 0
        },
        "20051": {
            "year_quarter": 20051,
            "year": 2005,
            "quarter": 1,
            "eps": null,
            "eps_growth_year": null,
            "eps_4q": null,
            "eps_4q_growth_year": null,
            "roe": null,
            "roe_4q": 0,
            "gross_profit": null,
            "gross_margin": null,
            "gross_margin_4q_avg": 0,
            "net_income": null,
            "net_income_4q": null,
            "revenue": null,
            "revenue_4q": null,
            "common_shares": null,
            "book_valuer_per_share": null,
            "book_valuer_per_share_4q_avg": 0,
            "equity": null,
            "current_ratio": null,
            "debt_ratio": null,
            "inventory_turnover_ratio": null,
            "account_receivable_turnover_ratio": null,
            "reinvestment_rate": null,
            "research_to_sale_ratio": null,
            "price_fair": 0,
            "eps_avg_yearly": 0,
            "eps_latest_yearly": 0,
            "eps_growth_yearly": 0
        },
        "20052": {
            "year_quarter": 20052,
            "year": 2005,
            "quarter": 2,
            "eps": null,
            "eps_growth_year": null,
            "eps_4q": null,
            "eps_4q_growth_year": null,
            "roe": null,
            "roe_4q": 0,
            "gross_profit": null,
            "gross_margin": null,
            "gross_margin_4q_avg": 0,
            "net_income": null,
            "net_income_4q": null,
            "revenue": null,
            "revenue_4q": null,
            "common_shares": null,
            "book_valuer_per_share": null,
            "book_valuer_per_share_4q_avg": 0,
            "equity": null,
            "current_ratio": null,
            "debt_ratio": null,
            "inventory_turnover_ratio": null,
            "account_receivable_turnover_ratio": null,
            "reinvestment_rate": null,
            "research_to_sale_ratio": null,
            "price_fair": 0,
            "eps_avg_yearly": 0,
            "eps_latest_yearly": 0,
            "eps_growth_yearly": 0
        },
        "20053": {
            "year_quarter": 20053,
            "year": 2005,
            "quarter": 3,
            "eps": null,
            "eps_growth_year": null,
            "eps_4q": null,
            "eps_4q_growth_year": null,
            "roe": null,
            "roe_4q": 0,
            "gross_profit": null,
            "gross_margin": null,
            "gross_margin_4q_avg": 0,
            "net_income": null,
            "net_income_4q": null,
            "revenue": null,
            "revenue_4q": null,
            "common_shares": null,
            "book_valuer_per_share": null,
            "book_valuer_per_share_4q_avg": 0,
            "equity": null,
            "current_ratio": null,
            "debt_ratio": null,
            "inventory_turnover_ratio": null,
            "account_receivable_turnover_ratio": null,
            "reinvestment_rate": null,
            "research_to_sale_ratio": null,
            "price_fair": 0,
            "eps_avg_yearly": 0,
            "eps_latest_yearly": 0,
            "eps_growth_yearly": 0
        },
        "20054": {
            "year_quarter": 20054,
            "year": 2005,
            "quarter": 4,
            "eps": null,
            "eps_growth_year": null,
            "eps_4q": null,
            "eps_4q_growth_year": null,
            "roe": null,
            "roe_4q": 0,
            "gross_profit": null,
            "gross_margin": null,
            "gross_margin_4q_avg": 0,
            "net_income": null,
            "net_income_4q": null,
            "revenue": null,
            "revenue_4q": null,
            "common_shares": null,
            "book_valuer_per_share": null,
            "book_valuer_per_share_4q_avg": 0,
            "equity": null,
            "current_ratio": null,
            "debt_ratio": null,
            "inventory_turnover_ratio": null,
            "account_receivable_turnover_ratio": null,
            "reinvestment_rate": null,
            "research_to_sale_ratio": null,
            "price_fair": 0,
            "eps_avg_yearly": 0,
            "eps_latest_yearly": 0,
            "eps_growth_yearly": 0
        },
        "20061": {
            "year_quarter": 20061,
            "year": 2006,
            "quarter": 1,
            "eps": null,
            "eps_growth_year": null,
            "eps_4q": null,
            "eps_4q_growth_year": null,
            "roe": null,
            "roe_4q": 0,
            "gross_profit": null,
            "gross_margin": null,
            "gross_margin_4q_avg": 0,
            "net_income": null,
            "net_income_4q": null,
            "revenue": null,
            "revenue_4q": null,
            "common_shares": null,
            "book_valuer_per_share": null,
            "book_valuer_per_share_4q_avg": 0,
            "equity": null,
            "current_ratio": null,
            "debt_ratio": null,
            "inventory_turnover_ratio": null,
            "account_receivable_turnover_ratio": null,
            "reinvestment_rate": null,
            "research_to_sale_ratio": null,
            "price_fair": 0,
            "eps_avg_yearly": 0,
            "eps_latest_yearly": 0,
            "eps_growth_yearly": 0
        },
        "20062": {
            "year_quarter": 20062,
            "year": 2006,
            "quarter": 2,
            "eps": null,
            "eps_growth_year": null,
            "eps_4q": null,
            "eps_4q_growth_year": null,
            "roe": null,
            "roe_4q": 0,
            "gross_profit": null,
            "gross_margin": null,
            "gross_margin_4q_avg": 0,
            "net_income": null,
            "net_income_4q": null,
            "revenue": null,
            "revenue_4q": null,
            "common_shares": null,
            "book_valuer_per_share": null,
            "book_valuer_per_share_4q_avg": 0,
            "equity": null,
            "current_ratio": null,
            "debt_ratio": null,
            "inventory_turnover_ratio": null,
            "account_receivable_turnover_ratio": null,
            "reinvestment_rate": null,
            "research_to_sale_ratio": null,
            "price_fair": 0,
            "eps_avg_yearly": 0,
            "eps_latest_yearly": 0,
            "eps_growth_yearly": 0
        },
        "20063": {
            "year_quarter": 20063,
            "year": 2006,
            "quarter": 3,
            "eps": null,
            "eps_growth_year": null,
            "eps_4q": null,
            "eps_4q_growth_year": null,
            "roe": null,
            "roe_4q": 0,
            "gross_profit": null,
            "gross_margin": null,
            "gross_margin_4q_avg": 0,
            "net_income": null,
            "net_income_4q": null,
            "revenue": null,
            "revenue_4q": null,
            "common_shares": null,
            "book_valuer_per_share": null,
            "book_valuer_per_share_4q_avg": 0,
            "equity": null,
            "current_ratio": null,
            "debt_ratio": null,
            "inventory_turnover_ratio": null,
            "account_receivable_turnover_ratio": null,
            "reinvestment_rate": null,
            "research_to_sale_ratio": null,
            "price_fair": 0,
            "eps_avg_yearly": 0,
            "eps_latest_yearly": 0,
            "eps_growth_yearly": 0
        },
        "20064": {
            "year_quarter": 20064,
            "year": 2006,
            "quarter": 4,
            "eps": null,
            "eps_growth_year": null,
            "eps_4q": null,
            "eps_4q_growth_year": null,
            "roe": null,
            "roe_4q": 0,
            "gross_profit": null,
            "gross_margin": null,
            "gross_margin_4q_avg": 0,
            "net_income": null,
            "net_income_4q": null,
            "revenue": null,
            "revenue_4q": null,
            "common_shares": null,
            "book_valuer_per_share": null,
            "book_valuer_per_share_4q_avg": 0,
            "equity": null,
            "current_ratio": null,
            "debt_ratio": null,
            "inventory_turnover_ratio": null,
            "account_receivable_turnover_ratio": null,
            "reinvestment_rate": null,
            "research_to_sale_ratio": null,
            "price_fair": 0,
            "eps_avg_yearly": 0,
            "eps_latest_yearly": 0,
            "eps_growth_yearly": 0
        },
        "20071": {
            "year_quarter": 20071,
            "year": 2007,
            "quarter": 1,
            "eps": null,
            "eps_growth_year": null,
            "eps_4q": null,
            "eps_4q_growth_year": null,
            "roe": null,
            "roe_4q": 0,
            "gross_profit": null,
            "gross_margin": null,
            "gross_margin_4q_avg": 0,
            "net_income": null,
            "net_income_4q": null,
            "revenue": null,
            "revenue_4q": null,
            "common_shares": null,
            "book_valuer_per_share": null,
            "book_valuer_per_share_4q_avg": 0,
            "equity": null,
            "current_ratio": null,
            "debt_ratio": null,
            "inventory_turnover_ratio": null,
            "account_receivable_turnover_ratio": null,
            "reinvestment_rate": null,
            "research_to_sale_ratio": null,
            "price_fair": 0,
            "eps_avg_yearly": 0,
            "eps_latest_yearly": 0,
            "eps_growth_yearly": 0
        },
        "20072": {
            "year_quarter": 20072,
            "year": 2007,
            "quarter": 2,
            "eps": null,
            "eps_growth_year": null,
            "eps_4q": null,
            "eps_4q_growth_year": null,
            "roe": null,
            "roe_4q": 0,
            "gross_profit": null,
            "gross_margin": null,
            "gross_margin_4q_avg": 0,
            "net_income": null,
            "net_income_4q": null,
            "revenue": null,
            "revenue_4q": null,
            "common_shares": null,
            "book_valuer_per_share": null,
            "book_valuer_per_share_4q_avg": 0,
            "equity": null,
            "current_ratio": null,
            "debt_ratio": null,
            "inventory_turnover_ratio": null,
            "account_receivable_turnover_ratio": null,
            "reinvestment_rate": null,
            "research_to_sale_ratio": null,
            "price_fair": 0,
            "eps_avg_yearly": 0,
            "eps_latest_yearly": 0,
            "eps_growth_yearly": 0
        },
        "20073": {
            "year_quarter": 20073,
            "year": 2007,
            "quarter": 3,
            "eps": null,
            "eps_growth_year": null,
            "eps_4q": null,
            "eps_4q_growth_year": null,
            "roe": null,
            "roe_4q": 0,
            "gross_profit": null,
            "gross_margin": null,
            "gross_margin_4q_avg": 0,
            "net_income": null,
            "net_income_4q": null,
            "revenue": null,
            "revenue_4q": null,
            "common_shares": null,
            "book_valuer_per_share": null,
            "book_valuer_per_share_4q_avg": 0,
            "equity": null,
            "current_ratio": null,
            "debt_ratio": null,
            "inventory_turnover_ratio": null,
            "account_receivable_turnover_ratio": null,
            "reinvestment_rate": null,
            "research_to_sale_ratio": null,
            "price_fair": 0,
            "eps_avg_yearly": 0,
            "eps_latest_yearly": 0,
            "eps_growth_yearly": 0
        },
        "20074": {
            "year_quarter": 20074,
            "year": 2007,
            "quarter": 4,
            "eps": null,
            "eps_growth_year": null,
            "eps_4q": null,
            "eps_4q_growth_year": null,
            "roe": null,
            "roe_4q": 0,
            "gross_profit": null,
            "gross_margin": null,
            "gross_margin_4q_avg": 0,
            "net_income": null,
            "net_income_4q": null,
            "revenue": null,
            "revenue_4q": null,
            "common_shares": null,
            "book_valuer_per_share": null,
            "book_valuer_per_share_4q_avg": 0,
            "equity": null,
            "current_ratio": null,
            "debt_ratio": null,
            "inventory_turnover_ratio": null,
            "account_receivable_turnover_ratio": null,
            "reinvestment_rate": null,
            "research_to_sale_ratio": null,
            "price_fair": 0,
            "eps_avg_yearly": 0,
            "eps_latest_yearly": 0,
            "eps_growth_yearly": 0
        },
        "20081": {
            "year_quarter": 20081,
            "year": 2008,
            "quarter": 1,
            "eps": null,
            "eps_growth_year": null,
            "eps_4q": null,
            "eps_4q_growth_year": null,
            "roe": null,
            "roe_4q": 0,
            "gross_profit": null,
            "gross_margin": null,
            "gross_margin_4q_avg": 0,
            "net_income": null,
            "net_income_4q": null,
            "revenue": null,
            "revenue_4q": null,
            "common_shares": null,
            "book_valuer_per_share": null,
            "book_valuer_per_share_4q_avg": 0,
            "equity": null,
            "current_ratio": null,
            "debt_ratio": null,
            "inventory_turnover_ratio": null,
            "account_receivable_turnover_ratio": null,
            "reinvestment_rate": null,
            "research_to_sale_ratio": null,
            "price_fair": 0,
            "eps_avg_yearly": 0,
            "eps_latest_yearly": 0,
            "eps_growth_yearly": 0
        },
        "20082": {
            "year_quarter": 20082,
            "year": 2008,
            "quarter": 2,
            "eps": null,
            "eps_growth_year": null,
            "eps_4q": null,
            "eps_4q_growth_year": null,
            "roe": null,
            "roe_4q": 0,
            "gross_profit": null,
            "gross_margin": null,
            "gross_margin_4q_avg": 0,
            "net_income": null,
            "net_income_4q": null,
            "revenue": null,
            "revenue_4q": null,
            "common_shares": null,
            "book_valuer_per_share": null,
            "book_valuer_per_share_4q_avg": 0,
            "equity": null,
            "current_ratio": null,
            "debt_ratio": null,
            "inventory_turnover_ratio": null,
            "account_receivable_turnover_ratio": null,
            "reinvestment_rate": null,
            "research_to_sale_ratio": null,
            "price_fair": 0,
            "eps_avg_yearly": 0,
            "eps_latest_yearly": 0,
            "eps_growth_yearly": 0
        },
        "20083": {
            "year_quarter": 20083,
            "year": 2008,
            "quarter": 3,
            "eps": null,
            "eps_growth_year": null,
            "eps_4q": null,
            "eps_4q_growth_year": null,
            "roe": null,
            "roe_4q": 0,
            "gross_profit": null,
            "gross_margin": null,
            "gross_margin_4q_avg": 0,
            "net_income": null,
            "net_income_4q": null,
            "revenue": null,
            "revenue_4q": null,
            "common_shares": null,
            "book_valuer_per_share": null,
            "book_valuer_per_share_4q_avg": 0,
            "equity": null,
            "current_ratio": null,
            "debt_ratio": null,
            "inventory_turnover_ratio": null,
            "account_receivable_turnover_ratio": null,
            "reinvestment_rate": null,
            "research_to_sale_ratio": null,
            "price_fair": 0,
            "eps_avg_yearly": 0,
            "eps_latest_yearly": 0,
            "eps_growth_yearly": 0
        },
        "20084": {
            "year_quarter": 20084,
            "year": 2008,
            "quarter": 4,
            "eps": null,
            "eps_growth_year": null,
            "eps_4q": null,
            "eps_4q_growth_year": null,
            "roe": null,
            "roe_4q": 0,
            "gross_profit": null,
            "gross_margin": null,
            "gross_margin_4q_avg": 0,
            "net_income": null,
            "net_income_4q": null,
            "revenue": null,
            "revenue_4q": null,
            "common_shares": null,
            "book_valuer_per_share": null,
            "book_valuer_per_share_4q_avg": 0,
            "equity": null,
            "current_ratio": null,
            "debt_ratio": null,
            "inventory_turnover_ratio": null,
            "account_receivable_turnover_ratio": null,
            "reinvestment_rate": null,
            "research_to_sale_ratio": null,
            "price_fair": 0,
            "eps_avg_yearly": 0,
            "eps_latest_yearly": 0,
            "eps_growth_yearly": 0
        },
        "20091": {
            "year_quarter": 20091,
            "year": 2009,
            "quarter": 1,
            "eps": null,
            "eps_growth_year": null,
            "eps_4q": null,
            "eps_4q_growth_year": null,
            "roe": null,
            "roe_4q": 0,
            "gross_profit": null,
            "gross_margin": null,
            "gross_margin_4q_avg": 0,
            "net_income": null,
            "net_income_4q": null,
            "revenue": null,
            "revenue_4q": null,
            "common_shares": null,
            "book_valuer_per_share": null,
            "book_valuer_per_share_4q_avg": 0,
            "equity": null,
            "current_ratio": null,
            "debt_ratio": null,
            "inventory_turnover_ratio": null,
            "account_receivable_turnover_ratio": null,
            "reinvestment_rate": null,
            "research_to_sale_ratio": null,
            "price_fair": 0,
            "eps_avg_yearly": 0,
            "eps_latest_yearly": 0,
            "eps_growth_yearly": 0
        },
        "20092": {
            "year_quarter": 20092,
            "year": 2009,
            "quarter": 2,
            "eps": null,
            "eps_growth_year": null,
            "eps_4q": null,
            "eps_4q_growth_year": null,
            "roe": null,
            "roe_4q": 0,
            "gross_profit": null,
            "gross_margin": null,
            "gross_margin_4q_avg": 0,
            "net_income": null,
            "net_income_4q": null,
            "revenue": null,
            "revenue_4q": null,
            "common_shares": null,
            "book_valuer_per_share": null,
            "book_valuer_per_share_4q_avg": 0,
            "equity": null,
            "current_ratio": null,
            "debt_ratio": null,
            "inventory_turnover_ratio": null,
            "account_receivable_turnover_ratio": null,
            "reinvestment_rate": null,
            "research_to_sale_ratio": null,
            "price_fair": 0,
            "eps_avg_yearly": 0,
            "eps_latest_yearly": 0,
            "eps_growth_yearly": 0
        },
        "20093": {
            "year_quarter": 20093,
            "year": 2009,
            "quarter": 3,
            "eps": null,
            "eps_growth_year": null,
            "eps_4q": null,
            "eps_4q_growth_year": null,
            "roe": null,
            "roe_4q": 0,
            "gross_profit": null,
            "gross_margin": null,
            "gross_margin_4q_avg": 0,
            "net_income": null,
            "net_income_4q": null,
            "revenue": null,
            "revenue_4q": null,
            "common_shares": null,
            "book_valuer_per_share": null,
            "book_valuer_per_share_4q_avg": 0,
            "equity": null,
            "current_ratio": null,
            "debt_ratio": null,
            "inventory_turnover_ratio": null,
            "account_receivable_turnover_ratio": null,
            "reinvestment_rate": null,
            "research_to_sale_ratio": null,
            "price_fair": 0,
            "eps_avg_yearly": 0,
            "eps_latest_yearly": 0,
            "eps_growth_yearly": 0
        },
        "20094": {
            "year_quarter": 20094,
            "year": 2009,
            "quarter": 4,
            "eps": null,
            "eps_growth_year": null,
            "eps_4q": null,
            "eps_4q_growth_year": null,
            "roe": null,
            "roe_4q": 0,
            "gross_profit": null,
            "gross_margin": null,
            "gross_margin_4q_avg": 0,
            "net_income": null,
            "net_income_4q": null,
            "revenue": null,
            "revenue_4q": null,
            "common_shares": null,
            "book_valuer_per_share": null,
            "book_valuer_per_share_4q_avg": 0,
            "equity": null,
            "current_ratio": null,
            "debt_ratio": null,
            "inventory_turnover_ratio": null,
            "account_receivable_turnover_ratio": null,
            "reinvestment_rate": null,
            "research_to_sale_ratio": null,
            "price_fair": 0,
            "eps_avg_yearly": 0,
            "eps_latest_yearly": 0,
            "eps_growth_yearly": 0
        },
        "20101": {
            "year_quarter": 20101,
            "year": 2010,
            "quarter": 1,
            "eps": null,
            "eps_growth_year": null,
            "eps_4q": null,
            "eps_4q_growth_year": null,
            "roe": null,
            "roe_4q": 0,
            "gross_profit": null,
            "gross_margin": null,
            "gross_margin_4q_avg": 0,
            "net_income": null,
            "net_income_4q": null,
            "revenue": null,
            "revenue_4q": null,
            "common_shares": null,
            "book_valuer_per_share": null,
            "book_valuer_per_share_4q_avg": 0,
            "equity": null,
            "current_ratio": null,
            "debt_ratio": null,
            "inventory_turnover_ratio": null,
            "account_receivable_turnover_ratio": null,
            "reinvestment_rate": null,
            "research_to_sale_ratio": null,
            "price_fair": 0,
            "eps_avg_yearly": 0,
            "eps_latest_yearly": 0,
            "eps_growth_yearly": 0
        },
        "20102": {
            "year_quarter": 20102,
            "year": 2010,
            "quarter": 2,
            "eps": null,
            "eps_growth_year": null,
            "eps_4q": null,
            "eps_4q_growth_year": null,
            "roe": null,
            "roe_4q": 0,
            "gross_profit": null,
            "gross_margin": null,
            "gross_margin_4q_avg": 0,
            "net_income": null,
            "net_income_4q": null,
            "revenue": null,
            "revenue_4q": null,
            "common_shares": null,
            "book_valuer_per_share": null,
            "book_valuer_per_share_4q_avg": 0,
            "equity": null,
            "current_ratio": null,
            "debt_ratio": null,
            "inventory_turnover_ratio": null,
            "account_receivable_turnover_ratio": null,
            "reinvestment_rate": null,
            "research_to_sale_ratio": null,
            "price_fair": 0,
            "eps_avg_yearly": 0,
            "eps_latest_yearly": 0,
            "eps_growth_yearly": 0
        },
        "20103": {
            "year_quarter": 20103,
            "year": 2010,
            "quarter": 3,
            "eps": null,
            "eps_growth_year": null,
            "eps_4q": null,
            "eps_4q_growth_year": null,
            "roe": null,
            "roe_4q": 0,
            "gross_profit": null,
            "gross_margin": null,
            "gross_margin_4q_avg": 0,
            "net_income": null,
            "net_income_4q": null,
            "revenue": null,
            "revenue_4q": null,
            "common_shares": null,
            "book_valuer_per_share": null,
            "book_valuer_per_share_4q_avg": 0,
            "equity": null,
            "current_ratio": null,
            "debt_ratio": null,
            "inventory_turnover_ratio": null,
            "account_receivable_turnover_ratio": null,
            "reinvestment_rate": null,
            "research_to_sale_ratio": null,
            "price_fair": 0,
            "eps_avg_yearly": 0,
            "eps_latest_yearly": 0,
            "eps_growth_yearly": 0
        },
        "20104": {
            "year_quarter": 20104,
            "year": 2010,
            "quarter": 4,
            "eps": null,
            "eps_growth_year": null,
            "eps_4q": null,
            "eps_4q_growth_year": null,
            "roe": null,
            "roe_4q": 0,
            "gross_profit": null,
            "gross_margin": null,
            "gross_margin_4q_avg": 0,
            "net_income": null,
            "net_income_4q": null,
            "revenue": null,
            "revenue_4q": null,
            "common_shares": 200000,
            "book_valuer_per_share": 11.63,
            "book_valuer_per_share_4q_avg": 2.91,
            "equity": 232666,
            "current_ratio": 208.28,
            "debt_ratio": 46.1,
            "inventory_turnover_ratio": null,
            "account_receivable_turnover_ratio": null,
            "reinvestment_rate": null,
            "research_to_sale_ratio": null,
            "price_fair": 0,
            "eps_avg_yearly": 0,
            "eps_latest_yearly": 0,
            "eps_growth_yearly": 0
        },
        "20111": {
            "year_quarter": 20111,
            "year": 2011,
            "quarter": 1,
            "eps": null,
            "eps_growth_year": null,
            "eps_4q": null,
            "eps_4q_growth_year": null,
            "roe": null,
            "roe_4q": 0,
            "gross_profit": null,
            "gross_margin": null,
            "gross_margin_4q_avg": 0,
            "net_income": null,
            "net_income_4q": null,
            "revenue": null,
            "revenue_4q": null,
            "common_shares": null,
            "book_valuer_per_share": null,
            "book_valuer_per_share_4q_avg": 2.91,
            "equity": null,
            "current_ratio": null,
            "debt_ratio": null,
            "inventory_turnover_ratio": null,
            "account_receivable_turnover_ratio": null,
            "reinvestment_rate": null,
            "research_to_sale_ratio": null,
            "price_fair": 0,
            "eps_avg_yearly": 0,
            "eps_latest_yearly": 0,
            "eps_growth_yearly": 0
        },
        "20112": {
            "year_quarter": 20112,
            "year": 2011,
            "quarter": 2,
            "eps": null,
            "eps_growth_year": null,
            "eps_4q": null,
            "eps_4q_growth_year": null,
            "roe": null,
            "roe_4q": 0,
            "gross_profit": null,
            "gross_margin": null,
            "gross_margin_4q_avg": 0,
            "net_income": null,
            "net_income_4q": null,
            "revenue": null,
            "revenue_4q": null,
            "common_shares": null,
            "book_valuer_per_share": null,
            "book_valuer_per_share_4q_avg": 2.91,
            "equity": null,
            "current_ratio": null,
            "debt_ratio": null,
            "inventory_turnover_ratio": null,
            "account_receivable_turnover_ratio": null,
            "reinvestment_rate": null,
            "research_to_sale_ratio": null,
            "price_fair": 0,
            "eps_avg_yearly": 0,
            "eps_latest_yearly": 0,
            "eps_growth_yearly": 0
        },
        "20113": {
            "year_quarter": 20113,
            "year": 2011,
            "quarter": 3,
            "eps": null,
            "eps_growth_year": null,
            "eps_4q": null,
            "eps_4q_growth_year": null,
            "roe": null,
            "roe_4q": 0,
            "gross_profit": null,
            "gross_margin": null,
            "gross_margin_4q_avg": 0,
            "net_income": null,
            "net_income_4q": null,
            "revenue": null,
            "revenue_4q": null,
            "common_shares": null,
            "book_valuer_per_share": null,
            "book_valuer_per_share_4q_avg": 2.91,
            "equity": null,
            "current_ratio": null,
            "debt_ratio": null,
            "inventory_turnover_ratio": null,
            "account_receivable_turnover_ratio": null,
            "reinvestment_rate": null,
            "research_to_sale_ratio": null,
            "price_fair": 0,
            "eps_avg_yearly": 0,
            "eps_latest_yearly": 0,
            "eps_growth_yearly": 0
        },
        "20114": {
            "year_quarter": 20114,
            "year": 2011,
            "quarter": 4,
            "eps": null,
            "eps_growth_year": null,
            "eps_4q": null,
            "eps_4q_growth_year": null,
            "roe": null,
            "roe_4q": 0,
            "gross_profit": null,
            "gross_margin": null,
            "gross_margin_4q_avg": 0,
            "net_income": null,
            "net_income_4q": null,
            "revenue": null,
            "revenue_4q": null,
            "common_shares": 261300,
            "book_valuer_per_share": 12.76,
            "book_valuer_per_share_4q_avg": 3.19,
            "equity": 333501,
            "current_ratio": 223.92,
            "debt_ratio": 43.51,
            "inventory_turnover_ratio": null,
            "account_receivable_turnover_ratio": null,
            "reinvestment_rate": null,
            "research_to_sale_ratio": null,
            "price_fair": 0,
            "eps_avg_yearly": 0,
            "eps_latest_yearly": 0,
            "eps_growth_yearly": 0
        },
        "20121": {
            "year_quarter": 20121,
            "year": 2012,
            "quarter": 1,
            "eps": null,
            "eps_growth_year": null,
            "eps_4q": null,
            "eps_4q_growth_year": null,
            "roe": null,
            "roe_4q": 0,
            "gross_profit": null,
            "gross_margin": null,
            "gross_margin_4q_avg": 0,
            "net_income": null,
            "net_income_4q": null,
            "revenue": null,
            "revenue_4q": null,
            "common_shares": null,
            "book_valuer_per_share": null,
            "book_valuer_per_share_4q_avg": 3.19,
            "equity": null,
            "current_ratio": null,
            "debt_ratio": null,
            "inventory_turnover_ratio": null,
            "account_receivable_turnover_ratio": null,
            "reinvestment_rate": null,
            "research_to_sale_ratio": null,
            "price_fair": 0,
            "eps_avg_yearly": 0,
            "eps_latest_yearly": 0,
            "eps_growth_yearly": 0
        },
        "20122": {
            "year_quarter": 20122,
            "year": 2012,
            "quarter": 2,
            "eps": null,
            "eps_growth_year": null,
            "eps_4q": null,
            "eps_4q_growth_year": null,
            "roe": null,
            "roe_4q": 0,
            "gross_profit": null,
            "gross_margin": null,
            "gross_margin_4q_avg": 0,
            "net_income": null,
            "net_income_4q": null,
            "revenue": null,
            "revenue_4q": null,
            "common_shares": 261300,
            "book_valuer_per_share": null,
            "book_valuer_per_share_4q_avg": 3.19,
            "equity": 342982,
            "current_ratio": null,
            "debt_ratio": null,
            "inventory_turnover_ratio": null,
            "account_receivable_turnover_ratio": null,
            "reinvestment_rate": null,
            "research_to_sale_ratio": null,
            "price_fair": 0,
            "eps_avg_yearly": 0,
            "eps_latest_yearly": 0,
            "eps_growth_yearly": 0
        },
        "20123": {
            "year_quarter": 20123,
            "year": 2012,
            "quarter": 3,
            "eps": null,
            "eps_growth_year": null,
            "eps_4q": null,
            "eps_4q_growth_year": null,
            "roe": null,
            "roe_4q": 0,
            "gross_profit": null,
            "gross_margin": null,
            "gross_margin_4q_avg": 0,
            "net_income": null,
            "net_income_4q": null,
            "revenue": null,
            "revenue_4q": null,
            "common_shares": null,
            "book_valuer_per_share": null,
            "book_valuer_per_share_4q_avg": 3.19,
            "equity": null,
            "current_ratio": null,
            "debt_ratio": null,
            "inventory_turnover_ratio": null,
            "account_receivable_turnover_ratio": null,
            "reinvestment_rate": null,
            "research_to_sale_ratio": null,
            "price_fair": 0,
            "eps_avg_yearly": 0,
            "eps_latest_yearly": 0,
            "eps_growth_yearly": 0
        },
        "20124": {
            "year_quarter": 20124,
            "year": 2012,
            "quarter": 4,
            "eps": null,
            "eps_growth_year": null,
            "eps_4q": null,
            "eps_4q_growth_year": null,
            "roe": null,
            "roe_4q": 0,
            "gross_profit": null,
            "gross_margin": null,
            "gross_margin_4q_avg": 0,
            "net_income": null,
            "net_income_4q": null,
            "revenue": null,
            "revenue_4q": null,
            "common_shares": 261300,
            "book_valuer_per_share": 14.51,
            "book_valuer_per_share_4q_avg": 3.63,
            "equity": 385510,
            "current_ratio": 287.42,
            "debt_ratio": 33.3,
            "inventory_turnover_ratio": null,
            "account_receivable_turnover_ratio": null,
            "reinvestment_rate": null,
            "research_to_sale_ratio": null,
            "price_fair": 0,
            "eps_avg_yearly": 0,
            "eps_latest_yearly": 0,
            "eps_growth_yearly": 0
        },
        "20131": {
            "year_quarter": 20131,
            "year": 2013,
            "quarter": 1,
            "eps": null,
            "eps_growth_year": null,
            "eps_4q": null,
            "eps_4q_growth_year": null,
            "roe": null,
            "roe_4q": 0,
            "gross_profit": null,
            "gross_margin": null,
            "gross_margin_4q_avg": 0,
            "net_income": null,
            "net_income_4q": null,
            "revenue": null,
            "revenue_4q": null,
            "common_shares": null,
            "book_valuer_per_share": null,
            "book_valuer_per_share_4q_avg": 3.63,
            "equity": null,
            "current_ratio": null,
            "debt_ratio": null,
            "inventory_turnover_ratio": null,
            "account_receivable_turnover_ratio": null,
            "reinvestment_rate": null,
            "research_to_sale_ratio": null,
            "price_fair": 0,
            "eps_avg_yearly": 0,
            "eps_latest_yearly": 0,
            "eps_growth_yearly": 0
        },
        "20132": {
            "year_quarter": 20132,
            "year": 2013,
            "quarter": 2,
            "eps": null,
            "eps_growth_year": null,
            "eps_4q": null,
            "eps_4q_growth_year": null,
            "roe": null,
            "roe_4q": 0,
            "gross_profit": null,
            "gross_margin": null,
            "gross_margin_4q_avg": 0,
            "net_income": null,
            "net_income_4q": null,
            "revenue": null,
            "revenue_4q": null,
            "common_shares": 286620,
            "book_valuer_per_share": 14.88,
            "book_valuer_per_share_4q_avg": 7.35,
            "equity": 426388,
            "current_ratio": 218.47,
            "debt_ratio": 43.51,
            "inventory_turnover_ratio": null,
            "account_receivable_turnover_ratio": null,
            "reinvestment_rate": null,
            "research_to_sale_ratio": null,
            "price_fair": 0,
            "eps_avg_yearly": 0,
            "eps_latest_yearly": 0,
            "eps_growth_yearly": 0
        },
        "20133": {
            "year_quarter": 20133,
            "year": 2013,
            "quarter": 3,
            "eps": null,
            "eps_growth_year": null,
            "eps_4q": null,
            "eps_4q_growth_year": null,
            "roe": null,
            "roe_4q": 0,
            "gross_profit": null,
            "gross_margin": null,
            "gross_margin_4q_avg": 0,
            "net_income": null,
            "net_income_4q": null,
            "revenue": null,
            "revenue_4q": null,
            "common_shares": null,
            "book_valuer_per_share": null,
            "book_valuer_per_share_4q_avg": 7.35,
            "equity": null,
            "current_ratio": null,
            "debt_ratio": null,
            "inventory_turnover_ratio": null,
            "account_receivable_turnover_ratio": null,
            "reinvestment_rate": null,
            "research_to_sale_ratio": null,
            "price_fair": 0,
            "eps_avg_yearly": 0,
            "eps_latest_yearly": 0,
            "eps_growth_yearly": 0
        },
        "20134": {
            "year_quarter": 20134,
            "year": 2013,
            "quarter": 4,
            "eps": null,
            "eps_growth_year": null,
            "eps_4q": null,
            "eps_4q_growth_year": null,
            "roe": null,
            "roe_4q": 0,
            "gross_profit": null,
            "gross_margin": null,
            "gross_margin_4q_avg": 0,
            "net_income": null,
            "net_income_4q": null,
            "revenue": null,
            "revenue_4q": null,
            "common_shares": 286620,
            "book_valuer_per_share": 16.4,
            "book_valuer_per_share_4q_avg": 7.82,
            "equity": 469933,
            "current_ratio": 294.01,
            "debt_ratio": 31.86,
            "inventory_turnover_ratio": null,
            "account_receivable_turnover_ratio": null,
            "reinvestment_rate": null,
            "research_to_sale_ratio": null,
            "price_fair": 0,
            "eps_avg_yearly": 0,
            "eps_latest_yearly": 0,
            "eps_growth_yearly": 0
        },
        "20141": {
            "year_quarter": 20141,
            "year": 2014,
            "quarter": 1,
            "eps": null,
            "eps_growth_year": null,
            "eps_4q": null,
            "eps_4q_growth_year": null,
            "roe": null,
            "roe_4q": 0,
            "gross_profit": null,
            "gross_margin": null,
            "gross_margin_4q_avg": 0,
            "net_income": null,
            "net_income_4q": null,
            "revenue": null,
            "revenue_4q": null,
            "common_shares": null,
            "book_valuer_per_share": null,
            "book_valuer_per_share_4q_avg": 7.82,
            "equity": null,
            "current_ratio": null,
            "debt_ratio": null,
            "inventory_turnover_ratio": null,
            "account_receivable_turnover_ratio": null,
            "reinvestment_rate": null,
            "research_to_sale_ratio": null,
            "price_fair": 0,
            "eps_avg_yearly": 0,
            "eps_latest_yearly": 0,
            "eps_growth_yearly": 0
        },
        "20142": {
            "year_quarter": 20142,
            "year": 2014,
            "quarter": 2,
            "eps": null,
            "eps_growth_year": null,
            "eps_4q": null,
            "eps_4q_growth_year": null,
            "roe": null,
            "roe_4q": 0,
            "gross_profit": null,
            "gross_margin": null,
            "gross_margin_4q_avg": 0,
            "net_income": null,
            "net_income_4q": null,
            "revenue": null,
            "revenue_4q": null,
            "common_shares": 291500,
            "book_valuer_per_share": 15.99,
            "book_valuer_per_share_4q_avg": 8.1,
            "equity": 465983,
            "current_ratio": 224.3,
            "debt_ratio": 41.92,
            "inventory_turnover_ratio": null,
            "account_receivable_turnover_ratio": null,
            "reinvestment_rate": null,
            "research_to_sale_ratio": null,
            "price_fair": 0,
            "eps_avg_yearly": 0,
            "eps_latest_yearly": 0,
            "eps_growth_yearly": 0
        },
        "20143": {
            "year_quarter": 20143,
            "year": 2014,
            "quarter": 3,
            "eps": null,
            "eps_growth_year": null,
            "eps_4q": null,
            "eps_4q_growth_year": null,
            "roe": null,
            "roe_4q": 0,
            "gross_profit": 68802,
            "gross_margin": null,
            "gross_margin_4q_avg": 0,
            "net_income": 30889,
            "net_income_4q": null,
            "revenue": 351454,
            "revenue_4q": null,
            "common_shares": 291500,
            "book_valuer_per_share": 17.1,
            "book_valuer_per_share_4q_avg": 12.37,
            "equity": 498452,
            "current_ratio": 262.94,
            "debt_ratio": 35.84,
            "inventory_turnover_ratio": null,
            "account_receivable_turnover_ratio": null,
            "reinvestment_rate": null,
            "research_to_sale_ratio": null,
            "price_fair": 0,
            "eps_avg_yearly": 0,
            "eps_latest_yearly": 0,
            "eps_growth_yearly": 0
        },
        "20144": {
            "year_quarter": 20144,
            "year": 2014,
            "quarter": 4,
            "eps": null,
            "eps_growth_year": null,
            "eps_4q": null,
            "eps_4q_growth_year": null,
            "roe": null,
            "roe_4q": 0,
            "gross_profit": 48491,
            "gross_margin": null,
            "gross_margin_4q_avg": 0,
            "net_income": 16645,
            "net_income_4q": null,
            "revenue": 263519,
            "revenue_4q": null,
            "common_shares": 291500,
            "book_valuer_per_share": 17.72,
            "book_valuer_per_share_4q_avg": 12.7,
            "equity": 516677,
            "current_ratio": 298.5,
            "debt_ratio": 31.82,
            "inventory_turnover_ratio": null,
            "account_receivable_turnover_ratio": null,
            "reinvestment_rate": null,
            "research_to_sale_ratio": null,
            "price_fair": 0,
            "eps_avg_yearly": 0,
            "eps_latest_yearly": 0,
            "eps_growth_yearly": 0
        },
        "20151": {
            "year_quarter": 20151,
            "year": 2015,
            "quarter": 1,
            "eps": null,
            "eps_growth_year": null,
            "eps_4q": null,
            "eps_4q_growth_year": null,
            "roe": null,
            "roe_4q": 0,
            "gross_profit": 54520,
            "gross_margin": null,
            "gross_margin_4q_avg": 0,
            "net_income": 18141,
            "net_income_4q": null,
            "revenue": 281768,
            "revenue_4q": null,
            "common_shares": 291500,
            "book_valuer_per_share": 18.38,
            "book_valuer_per_share_4q_avg": 17.3,
            "equity": 535693,
            "current_ratio": 281.74,
            "debt_ratio": 33.96,
            "inventory_turnover_ratio": null,
            "account_receivable_turnover_ratio": null,
            "reinvestment_rate": null,
            "research_to_sale_ratio": null,
            "price_fair": 0,
            "eps_avg_yearly": 0,
            "eps_latest_yearly": 0,
            "eps_growth_yearly": 0
        },
        "20152": {
            "year_quarter": 20152,
            "year": 2015,
            "quarter": 2,
            "eps": 0.24,
            "eps_growth_year": null,
            "eps_4q": 0.24,
            "eps_4q_growth_year": null,
            "roe": 1.4,
            "roe_4q": 1.4,
            "gross_profit": 41927,
            "gross_margin": 17.33,
            "gross_margin_4q_avg": 4.33,
            "net_income": 6972,
            "net_income_4q": null,
            "revenue": 241880,
            "revenue_4q": null,
            "common_shares": 296140,
            "book_valuer_per_share": 15.57,
            "book_valuer_per_share_4q_avg": 17.19,
            "equity": 461200,
            "current_ratio": 255.5,
            "debt_ratio": 37.54,
            "inventory_turnover_ratio": 0.72,
            "account_receivable_turnover_ratio": 3,
            "reinvestment_rate": null,
            "research_to_sale_ratio": null,
            "price_fair": 0,
            "eps_avg_yearly": 0,
            "eps_latest_yearly": 0,
            "eps_growth_yearly": 0
        },
        "20153": {
            "year_quarter": 20153,
            "year": 2015,
            "quarter": 3,
            "eps": 0.84,
            "eps_growth_year": null,
            "eps_4q": 1.07,
            "eps_4q_growth_year": null,
            "roe": 5.22,
            "roe_4q": 6.619999999999999,
            "gross_profit": 60652,
            "gross_margin": 18.28,
            "gross_margin_4q_avg": 8.9,
            "net_income": 24748,
            "net_income_4q": null,
            "revenue": 331783,
            "revenue_4q": null,
            "common_shares": 296140,
            "book_valuer_per_share": 16.43,
            "book_valuer_per_share_4q_avg": 17.03,
            "equity": 486436,
            "current_ratio": 291.65,
            "debt_ratio": 32.39,
            "inventory_turnover_ratio": 1.05,
            "account_receivable_turnover_ratio": 1.84,
            "reinvestment_rate": null,
            "research_to_sale_ratio": 5.15,
            "price_fair": 117.6,
            "eps_avg_yearly": 3.36,
            "eps_latest_yearly": 3.36,
            "eps_growth_yearly": 1000
        },
        "20154": {
            "year_quarter": 20154,
            "year": 2015,
            "quarter": 4,
            "eps": 1.24,
            "eps_growth_year": null,
            "eps_4q": 2.26,
            "eps_4q_growth_year": null,
            "roe": 7.41,
            "roe_4q": 14.03,
            "gross_profit": 80547,
            "gross_margin": 19.09,
            "gross_margin_4q_avg": 13.68,
            "net_income": 38084,
            "net_income_4q": null,
            "revenue": 422014,
            "revenue_4q": null,
            "common_shares": 296140,
            "book_valuer_per_share": 18.04,
            "book_valuer_per_share_4q_avg": 17.11,
            "equity": 541918,
            "current_ratio": 281.25,
            "debt_ratio": 34.15,
            "inventory_turnover_ratio": 1.59,
            "account_receivable_turnover_ratio": 2.06,
            "reinvestment_rate": null,
            "research_to_sale_ratio": 3.5,
            "price_fair": 145.6,
            "eps_avg_yearly": 4.16,
            "eps_latest_yearly": 4.96,
            "eps_growth_yearly": 595.24
        },
        "20161": {
            "year_quarter": 20161,
            "year": 2016,
            "quarter": 1,
            "eps": 0.87,
            "eps_growth_year": null,
            "eps_4q": 3.01,
            "eps_4q_growth_year": null,
            "roe": 4.79,
            "roe_4q": 18.819999999999997,
            "gross_profit": 71591,
            "gross_margin": 21.25,
            "gross_margin_4q_avg": 18.99,
            "net_income": 28262,
            "net_income_4q": null,
            "revenue": 336876,
            "revenue_4q": null,
            "common_shares": 326140,
            "book_valuer_per_share": 19.55,
            "book_valuer_per_share_4q_avg": 17.4,
            "equity": 637525,
            "current_ratio": 338.16,
            "debt_ratio": 28.84,
            "inventory_turnover_ratio": 1.25,
            "account_receivable_turnover_ratio": 1.78,
            "reinvestment_rate": null,
            "research_to_sale_ratio": 4.36,
            "price_fair": 137.67,
            "eps_avg_yearly": 3.93,
            "eps_latest_yearly": 3.48,
            "eps_growth_yearly": 357.04
        },
        "20162": {
            "year_quarter": 20162,
            "year": 2016,
            "quarter": 2,
            "eps": 0.57,
            "eps_growth_year": 142.11,
            "eps_4q": 3.33,
            "eps_4q_growth_year": 1313.57,
            "roe": 3.1,
            "roe_4q": 20.52,
            "gross_profit": 55722,
            "gross_margin": 17.4,
            "gross_margin_4q_avg": 19.01,
            "net_income": 18569,
            "net_income_4q": null,
            "revenue": 320212,
            "revenue_4q": null,
            "common_shares": 329520,
            "book_valuer_per_share": 17,
            "book_valuer_per_share_4q_avg": 17.76,
            "equity": 560285,
            "current_ratio": 259.15,
            "debt_ratio": 37.23,
            "inventory_turnover_ratio": 1.22,
            "account_receivable_turnover_ratio": 1.76,
            "reinvestment_rate": null,
            "research_to_sale_ratio": 4.48,
            "price_fair": 123.2,
            "eps_avg_yearly": 3.52,
            "eps_latest_yearly": 2.28,
            "eps_growth_yearly": 233.3
        },
        "20163": {
            "year_quarter": 20163,
            "year": 2016,
            "quarter": 3,
            "eps": 0.9,
            "eps_growth_year": 7.14,
            "eps_4q": 3.47,
            "eps_4q_growth_year": 223.8,
            "roe": 5.17,
            "roe_4q": 20.47,
            "gross_profit": 73938,
            "gross_margin": 17.28,
            "gross_margin_4q_avg": 18.76,
            "net_income": 29756,
            "net_income_4q": null,
            "revenue": 427883,
            "revenue_4q": null,
            "common_shares": 330630,
            "book_valuer_per_share": 17.88,
            "book_valuer_per_share_4q_avg": 18.12,
            "equity": 591151,
            "current_ratio": 285.98,
            "debt_ratio": 33.97,
            "inventory_turnover_ratio": 1.81,
            "account_receivable_turnover_ratio": 1.86,
            "reinvestment_rate": null,
            "research_to_sale_ratio": 3.64,
            "price_fair": 123.76,
            "eps_avg_yearly": 3.54,
            "eps_latest_yearly": 3.6,
            "eps_growth_yearly": 232.95
        },
        "20164": {
            "year_quarter": 20164,
            "year": 2016,
            "quarter": 4,
            "eps": 1.27,
            "eps_growth_year": 2.46,
            "eps_4q": 3.58,
            "eps_4q_growth_year": 58.18,
            "roe": 6.84,
            "roe_4q": 19.9,
            "gross_profit": 83189,
            "gross_margin": 18.64,
            "gross_margin_4q_avg": 18.64,
            "net_income": 41854,
            "net_income_4q": null,
            "revenue": 446213,
            "revenue_4q": null,
            "common_shares": 330630,
            "book_valuer_per_share": 19.15,
            "book_valuer_per_share_4q_avg": 18.4,
            "equity": 633005,
            "current_ratio": 270.68,
            "debt_ratio": 35.6,
            "inventory_turnover_ratio": 1.89,
            "account_receivable_turnover_ratio": 1.64,
            "reinvestment_rate": null,
            "research_to_sale_ratio": 4,
            "price_fair": 132.77,
            "eps_avg_yearly": 3.79,
            "eps_latest_yearly": 5.08,
            "eps_growth_yearly": 221.54
        },
        "20171": {
            "year_quarter": 20171,
            "year": 2017,
            "quarter": 1,
            "eps": 0.76,
            "eps_growth_year": -12.64,
            "eps_4q": 3.49,
            "eps_4q_growth_year": 16.05,
            "roe": 3.9,
            "roe_4q": 19.01,
            "gross_profit": 75825,
            "gross_margin": 18.45,
            "gross_margin_4q_avg": 17.94,
            "net_income": 25195,
            "net_income_4q": null,
            "revenue": 410915,
            "revenue_4q": null,
            "common_shares": 330630,
            "book_valuer_per_share": 19.91,
            "book_valuer_per_share_4q_avg": 18.49,
            "equity": 658200,
            "current_ratio": 292.21,
            "debt_ratio": 33.37,
            "inventory_turnover_ratio": 1.53,
            "account_receivable_turnover_ratio": 1.6,
            "reinvestment_rate": null,
            "research_to_sale_ratio": 3.62,
            "price_fair": 129,
            "eps_avg_yearly": 3.69,
            "eps_latest_yearly": 3.04,
            "eps_growth_yearly": 166.94
        },
        "20172": {
            "year_quarter": 20172,
            "year": 2017,
            "quarter": 2,
            "eps": 1.05,
            "eps_growth_year": 84.21,
            "eps_4q": 3.98,
            "eps_4q_growth_year": 19.47,
            "roe": 5.54,
            "roe_4q": 21.450000000000003,
            "gross_profit": 75391,
            "gross_margin": 17.98,
            "gross_margin_4q_avg": 18.09,
            "net_income": 34655,
            "net_income_4q": null,
            "revenue": 419303,
            "revenue_4q": null,
            "common_shares": 330630,
            "book_valuer_per_share": 17.96,
            "book_valuer_per_share_4q_avg": 18.73,
            "equity": 593666,
            "current_ratio": 235.6,
            "debt_ratio": 41.24,
            "inventory_turnover_ratio": 1.39,
            "account_receivable_turnover_ratio": 1.69,
            "reinvestment_rate": null,
            "research_to_sale_ratio": 3.4,
            "price_fair": 131.25,
            "eps_avg_yearly": 3.75,
            "eps_latest_yearly": 4.2,
            "eps_growth_yearly": 165.15
        },
        "20173": {
            "year_quarter": 20173,
            "year": 2017,
            "quarter": 3,
            "eps": 1.65,
            "eps_growth_year": 83.33,
            "eps_4q": 4.73,
            "eps_4q_growth_year": 36.34,
            "roe": 8.8,
            "roe_4q": 25.08,
            "gross_profit": 104025,
            "gross_margin": 18.36,
            "gross_margin_4q_avg": 18.36,
            "net_income": 54635,
            "net_income_4q": null,
            "revenue": 566442,
            "revenue_4q": null,
            "common_shares": 330630,
            "book_valuer_per_share": 19.61,
            "book_valuer_per_share_4q_avg": 19.16,
            "equity": 648301,
            "current_ratio": 254.35,
            "debt_ratio": 38.36,
            "inventory_turnover_ratio": 1.76,
            "account_receivable_turnover_ratio": 1.65,
            "reinvestment_rate": null,
            "research_to_sale_ratio": 2.95,
            "price_fair": 142.33,
            "eps_avg_yearly": 4.07,
            "eps_latest_yearly": 6.6,
            "eps_growth_yearly": 172.2
        },
        "20174": {
            "year_quarter": 20174,
            "year": 2017,
            "quarter": 4,
            "eps": 1.27,
            "eps_growth_year": 0.08,
            "eps_4q": 4.73,
            "eps_4q_growth_year": 32.03,
            "roe": 6.26,
            "roe_4q": 24.5,
            "gross_profit": 94542,
            "gross_margin": 18.11,
            "gross_margin_4q_avg": 18.23,
            "net_income": 41887,
            "net_income_4q": null,
            "revenue": 522088,
            "revenue_4q": null,
            "common_shares": 330630,
            "book_valuer_per_share": 20.87,
            "book_valuer_per_share_4q_avg": 19.59,
            "equity": 690188,
            "current_ratio": 263.54,
            "debt_ratio": 37.18,
            "inventory_turnover_ratio": 1.54,
            "account_receivable_turnover_ratio": 1.23,
            "reinvestment_rate": null,
            "research_to_sale_ratio": 3.36,
            "price_fair": 145.88,
            "eps_avg_yearly": 4.17,
            "eps_latest_yearly": 5.08,
            "eps_growth_yearly": 145.77
        },
        "20181": {
            "year_quarter": 20181,
            "year": 2018,
            "quarter": 1,
            "eps": 1.63,
            "eps_growth_year": 114.47,
            "eps_4q": 5.59,
            "eps_4q_growth_year": 60.29,
            "roe": 7.48,
            "roe_4q": 28.08,
            "gross_profit": 109716,
            "gross_margin": 18.81,
            "gross_margin_4q_avg": 18.32,
            "net_income": 53751,
            "net_income_4q": null,
            "revenue": 583251,
            "revenue_4q": null,
            "common_shares": 330630,
            "book_valuer_per_share": 22.57,
            "book_valuer_per_share_4q_avg": 20.25,
            "equity": 746322,
            "current_ratio": 255.5,
            "debt_ratio": 37.95,
            "inventory_turnover_ratio": 1.62,
            "account_receivable_turnover_ratio": 1.46,
            "reinvestment_rate": null,
            "research_to_sale_ratio": 2.61,
            "price_fair": 153.36,
            "eps_avg_yearly": 4.38,
            "eps_latest_yearly": 6.52,
            "eps_growth_yearly": 142.82
        },
        "20182": {
            "year_quarter": 20182,
            "year": 2018,
            "quarter": 2,
            "eps": 2.21,
            "eps_growth_year": 110.48,
            "eps_4q": 6.75,
            "eps_4q_growth_year": 69.89,
            "roe": 10.02,
            "roe_4q": 32.56,
            "gross_profit": 122226,
            "gross_margin": 20.73,
            "gross_margin_4q_avg": 19,
            "net_income": 73062,
            "net_income_4q": null,
            "revenue": 589475,
            "revenue_4q": null,
            "common_shares": 330630,
            "book_valuer_per_share": 21.52,
            "book_valuer_per_share_4q_avg": 21.14,
            "equity": 711439,
            "current_ratio": 209.78,
            "debt_ratio": 45.06,
            "inventory_turnover_ratio": 1.6,
            "account_receivable_turnover_ratio": 1.37,
            "reinvestment_rate": -3.56,
            "research_to_sale_ratio": 2.87,
            "price_fair": 166.37,
            "eps_avg_yearly": 4.75,
            "eps_latest_yearly": 8.84,
            "eps_growth_yearly": 142.78
        },
        "20183": {
            "year_quarter": 20183,
            "year": 2018,
            "quarter": 3,
            "eps": 3.56,
            "eps_growth_year": 115.76,
            "eps_4q": 8.66,
            "eps_4q_growth_year": 83.09,
            "roe": 15.31,
            "roe_4q": 39.07,
            "gross_profit": 185564,
            "gross_margin": 26.35,
            "gross_margin_4q_avg": 21,
            "net_income": 117540,
            "net_income_4q": null,
            "revenue": 704124,
            "revenue_4q": null,
            "common_shares": 330630,
            "book_valuer_per_share": 24.92,
            "book_valuer_per_share_4q_avg": 22.47,
            "equity": 823836,
            "current_ratio": 243.09,
            "debt_ratio": 38.35,
            "inventory_turnover_ratio": 1.78,
            "account_receivable_turnover_ratio": 1.42,
            "reinvestment_rate": -2.63,
            "research_to_sale_ratio": 2.47,
            "price_fair": 191.91,
            "eps_avg_yearly": 5.48,
            "eps_latest_yearly": 14.24,
            "eps_growth_yearly": 150.59
        },
        "20184": {
            "year_quarter": 20184,
            "year": 2018,
            "quarter": 4,
            "eps": 2.38,
            "eps_growth_year": 87.5,
            "eps_4q": 9.82,
            "eps_4q_growth_year": 107.56,
            "roe": 9.22,
            "roe_4q": 42.03,
            "gross_profit": 148752,
            "gross_margin": 23.39,
            "gross_margin_4q_avg": 22.32,
            "net_income": 78002,
            "net_income_4q": null,
            "revenue": 635999,
            "revenue_4q": null,
            "common_shares": 330630,
            "book_valuer_per_share": 26.45,
            "book_valuer_per_share_4q_avg": 23.87,
            "equity": 868626,
            "current_ratio": 239.21,
            "debt_ratio": 39.24,
            "inventory_turnover_ratio": 1.35,
            "account_receivable_turnover_ratio": 1.24,
            "reinvestment_rate": -2.24,
            "research_to_sale_ratio": 3.1,
            "price_fair": 202,
            "eps_avg_yearly": 5.77,
            "eps_latest_yearly": 9.52,
            "eps_growth_yearly": 130.37
        },
        "20191": {
            "year_quarter": 20191,
            "year": 2019,
            "quarter": 1,
            "eps": 2.49,
            "eps_growth_year": 52.76,
            "eps_4q": 10.69,
            "eps_4q_growth_year": 91.07,
            "roe": 8.98,
            "roe_4q": 43.53,
            "gross_profit": 134737,
            "gross_margin": 22.17,
            "gross_margin_4q_avg": 23.16,
            "net_income": 81420,
            "net_income_4q": null,
            "revenue": 607834,
            "revenue_4q": null,
            "common_shares": 330630,
            "book_valuer_per_share": 28.86,
            "book_valuer_per_share_4q_avg": 25.44,
            "equity": 945328,
            "current_ratio": 252.74,
            "debt_ratio": 36.46,
            "inventory_turnover_ratio": 1.02,
            "account_receivable_turnover_ratio": 1.38,
            "reinvestment_rate": 1.1,
            "research_to_sale_ratio": 2.68,
            "price_fair": 211.77,
            "eps_avg_yearly": 6.05,
            "eps_latest_yearly": 9.96,
            "eps_growth_yearly": 122.91
        },
        "20192": {
            "year_quarter": 20192,
            "year": 2019,
            "quarter": 2,
            "eps": 1.51,
            "eps_growth_year": -31.67,
            "eps_4q": 9.97,
            "eps_4q_growth_year": 47.61,
            "roe": 5.83,
            "roe_4q": 39.34,
            "gross_profit": 94100,
            "gross_margin": 19.45,
            "gross_margin_4q_avg": 22.84,
            "net_income": 49605,
            "net_income_4q": null,
            "revenue": 483827,
            "revenue_4q": null,
            "common_shares": 330630,
            "book_valuer_per_share": 23.08,
            "book_valuer_per_share_4q_avg": 25.83,
            "equity": 756013,
            "current_ratio": 188.67,
            "debt_ratio": 48.54,
            "inventory_turnover_ratio": 0.67,
            "account_receivable_turnover_ratio": 1.24,
            "reinvestment_rate": 1.39,
            "research_to_sale_ratio": 3.22,
            "price_fair": 211.75,
            "eps_avg_yearly": 6.05,
            "eps_latest_yearly": 6.04,
            "eps_growth_yearly": 105.39
        },
        "20193": {
            "year_quarter": 20193,
            "year": 2019,
            "quarter": 3,
            "eps": 1.16,
            "eps_growth_year": -67.42,
            "eps_4q": 7.47,
            "eps_4q_growth_year": -13.72,
            "roe": 4.78,
            "roe_4q": 28.810000000000002,
            "gross_profit": 82514,
            "gross_margin": 16.43,
            "gross_margin_4q_avg": 20.36,
            "net_income": 37931,
            "net_income_4q": null,
            "revenue": 502294,
            "revenue_4q": null,
            "common_shares": 330630,
            "book_valuer_per_share": 25.13,
            "book_valuer_per_share_4q_avg": 25.88,
            "equity": 830835,
            "current_ratio": 217.47,
            "debt_ratio": 41.81,
            "inventory_turnover_ratio": 0.64,
            "account_receivable_turnover_ratio": 1.24,
            "reinvestment_rate": 1.41,
            "research_to_sale_ratio": 3.86,
            "price_fair": 214.55,
            "eps_avg_yearly": 6.13,
            "eps_latest_yearly": 4.64,
            "eps_growth_yearly": 37.09
        },
        "20194": {
            "year_quarter": 20194,
            "year": 2019,
            "quarter": 4,
            "eps": 1.01,
            "eps_growth_year": -57.55,
            "eps_4q": 6.12,
            "eps_4q_growth_year": -37.67,
            "roe": 3.9,
            "roe_4q": 23.490000000000002,
            "gross_profit": 84065,
            "gross_margin": 15.05,
            "gross_margin_4q_avg": 18.28,
            "net_income": 33341,
            "net_income_4q": null,
            "revenue": 558425,
            "revenue_4q": null,
            "common_shares": 330630,
            "book_valuer_per_share": 26.57,
            "book_valuer_per_share_4q_avg": 25.91,
            "equity": 878611,
            "current_ratio": 229.56,
            "debt_ratio": 39.63,
            "inventory_turnover_ratio": 0.72,
            "account_receivable_turnover_ratio": 1.36,
            "reinvestment_rate": 1.76,
            "research_to_sale_ratio": 4.08,
            "price_fair": 194.05,
            "eps_avg_yearly": 6.07,
            "eps_latest_yearly": 4.04,
            "eps_growth_yearly": 21.96
        },
        "20201": {
            "year_quarter": 20201,
            "year": 2020,
            "quarter": 1,
            "eps": 1.26,
            "eps_growth_year": -49.4,
            "eps_4q": 4.91,
            "eps_4q_growth_year": -54.02,
            "roe": 5.07,
            "roe_4q": 19.58,
            "gross_profit": 94163,
            "gross_margin": 17.1,
            "gross_margin_4q_avg": 17.01,
            "net_income": 41575,
            "net_income_4q": null,
            "revenue": 550683,
            "revenue_4q": null,
            "common_shares": 330630,
            "book_valuer_per_share": 23.06,
            "book_valuer_per_share_4q_avg": 24.46,
            "equity": 762498,
            "current_ratio": 195.49,
            "debt_ratio": 46.85,
            "inventory_turnover_ratio": 0.73,
            "account_receivable_turnover_ratio": 1.3,
            "reinvestment_rate": 2,
            "research_to_sale_ratio": 4.81,
            "price_fair": 215.95,
            "eps_avg_yearly": 6.17,
            "eps_latest_yearly": 5.04,
            "eps_growth_yearly": 35.6
        },
        "20202": {
            "year_quarter": 20202,
            "year": 2020,
            "quarter": 2,
            "eps": 1.45,
            "eps_growth_year": -3.97,
            "eps_4q": 4.87,
            "eps_4q_growth_year": -51.12,
            "roe": 6.06,
            "roe_4q": 19.81,
            "gross_profit": 104548,
            "gross_margin": 17.56,
            "gross_margin_4q_avg": 16.54,
            "net_income": 48278,
            "net_income_4q": null,
            "revenue": 595521,
            "revenue_4q": null,
            "common_shares": 330630,
            "book_valuer_per_share": 25.12,
            "book_valuer_per_share_4q_avg": 24.97,
            "equity": 830431,
            "current_ratio": 214.28,
            "debt_ratio": 42.04,
            "inventory_turnover_ratio": 0.87,
            "account_receivable_turnover_ratio": 1.33,
            "reinvestment_rate": 2.56,
            "research_to_sale_ratio": 4.26,
            "price_fair": 223.65,
            "eps_avg_yearly": 6.39,
            "eps_latest_yearly": 5.8,
            "eps_growth_yearly": 47.99
        },
        "20203": {
            "year_quarter": 20203,
            "year": 2020,
            "quarter": 3,
            "eps": 2.34,
            "eps_growth_year": 101.72,
            "eps_4q": 6.04,
            "eps_4q_growth_year": -19.16,
            "roe": 8.91,
            "roe_4q": 23.939999999999998,
            "gross_profit": 136975,
            "gross_margin": 18.4,
            "gross_margin_4q_avg": 17.03,
            "net_income": 77947,
            "net_income_4q": null,
            "revenue": 744245,
            "revenue_4q": null,
            "common_shares": 333130,
            "book_valuer_per_share": 27.62,
            "book_valuer_per_share_4q_avg": 25.59,
            "equity": 919945,
            "current_ratio": 244.53,
            "debt_ratio": 37.15,
            "inventory_turnover_ratio": 1.23,
            "account_receivable_turnover_ratio": 1.54,
            "reinvestment_rate": 2.99,
            "research_to_sale_ratio": 3.78,
            "price_fair": 236.25,
            "eps_avg_yearly": 6.75,
            "eps_latest_yearly": 9.36,
            "eps_growth_yearly": 48.86
        },
        "20204": {
            "year_quarter": 20204,
            "year": 2020,
            "quarter": 4,
            "eps": 1.97,
            "eps_growth_year": 95.56,
            "eps_4q": 7.01,
            "eps_4q_growth_year": 14.56,
            "roe": 6.87,
            "roe_4q": 26.91,
            "gross_profit": 140751,
            "gross_margin": 19.82,
            "gross_margin_4q_avg": 18.22,
            "net_income": 65696,
            "net_income_4q": null,
            "revenue": 710062,
            "revenue_4q": null,
            "common_shares": 333130,
            "book_valuer_per_share": 29.77,
            "book_valuer_per_share_4q_avg": 26.39,
            "equity": 991849,
            "current_ratio": 254.47,
            "debt_ratio": 32,
            "inventory_turnover_ratio": 1.41,
            "account_receivable_turnover_ratio": 1.48,
            "reinvestment_rate": 17.93,
            "research_to_sale_ratio": 2.93,
            "price_fair": 242.38,
            "eps_avg_yearly": 6.93,
            "eps_latest_yearly": 7.88,
            "eps_growth_yearly": 34.63
        },
        "20211": {
            "year_quarter": 20211,
            "year": 2021,
            "quarter": 1,
            "eps": 2.1,
            "eps_growth_year": 66.67,
            "eps_4q": 7.86,
            "eps_4q_growth_year": 59.95,
            "roe": 7.2,
            "roe_4q": 29.04,
            "gross_profit": 136042,
            "gross_margin": 18.71,
            "gross_margin_4q_avg": 18.62,
            "net_income": 69893,
            "net_income_4q": null,
            "revenue": 726939,
            "revenue_4q": null,
            "common_shares": 333130,
            "book_valuer_per_share": 28.53,
            "book_valuer_per_share_4q_avg": 27.76,
            "equity": 950437,
            "current_ratio": 187.82,
            "debt_ratio": 42.42,
            "inventory_turnover_ratio": 1.83,
            "account_receivable_turnover_ratio": 1.51,
            "reinvestment_rate": 17.69,
            "research_to_sale_ratio": 3.51,
            "price_fair": 254.1,
            "eps_avg_yearly": 7.26,
            "eps_latest_yearly": 8.4,
            "eps_growth_yearly": 46.32
        },
        "20212": {
            "year_quarter": 20212,
            "year": 2021,
            "quarter": 2,
            "eps": 2.91,
            "eps_growth_year": 100.69,
            "eps_4q": 9.33,
            "eps_4q_growth_year": 91.54,
            "roe": 9.7,
            "roe_4q": 32.68,
            "gross_profit": 176621,
            "gross_margin": 24.06,
            "gross_margin_4q_avg": 20.25,
            "net_income": 97416,
            "net_income_4q": null,
            "revenue": 733940,
            "revenue_4q": null,
            "common_shares": 333130,
            "book_valuer_per_share": 31.77,
            "book_valuer_per_share_4q_avg": 29.42,
            "equity": 1058198,
            "current_ratio": 187.09,
            "debt_ratio": 40.07,
            "inventory_turnover_ratio": 1.96,
            "account_receivable_turnover_ratio": 1.39,
            "reinvestment_rate": 17.41,
            "research_to_sale_ratio": 3.68,
            "price_fair": 270.38,
            "eps_avg_yearly": 7.73,
            "eps_latest_yearly": 11.64,
            "eps_growth_yearly": 46.43
        },
        "20213": {
            "year_quarter": 20213,
            "year": 2021,
            "quarter": 3,
            "eps": 4.25,
            "eps_growth_year": 81.62,
            "eps_4q": 11.22,
            "eps_4q_growth_year": 85.88,
            "roe": 12.54,
            "roe_4q": 36.309999999999995,
            "gross_profit": 236296,
            "gross_margin": 28.55,
            "gross_margin_4q_avg": 22.79,
            "net_income": 142231,
            "net_income_4q": null,
            "revenue": 827527,
            "revenue_4q": null,
            "common_shares": 334330,
            "book_valuer_per_share": 36.22,
            "book_valuer_per_share_4q_avg": 31.57,
            "equity": 1211009,
            "current_ratio": 231.11,
            "debt_ratio": 32.17,
            "inventory_turnover_ratio": 2.1,
            "account_receivable_turnover_ratio": 1.43,
            "reinvestment_rate": 16.04,
            "research_to_sale_ratio": 4.49,
            "price_fair": 293.13,
            "eps_avg_yearly": 8.38,
            "eps_latest_yearly": 17,
            "eps_growth_yearly": 43.65
        },
        "20214": {
            "year_quarter": 20214,
            "year": 2021,
            "quarter": 4,
            "eps": 3.82,
            "eps_growth_year": 93.65,
            "eps_4q": 13.08,
            "eps_4q_growth_year": 86.58,
            "roe": 9.62,
            "roe_4q": 39.059999999999995,
            "gross_profit": 240572,
            "gross_margin": 29.08,
            "gross_margin_4q_avg": 25.1,
            "net_income": 127681,
            "net_income_4q": null,
            "revenue": 827352,
            "revenue_4q": null,
            "common_shares": 334330,
            "book_valuer_per_share": 43.17,
            "book_valuer_per_share_4q_avg": 34.92,
            "equity": 1443434,
            "current_ratio": 248.76,
            "debt_ratio": 41.45,
            "inventory_turnover_ratio": 1.48,
            "account_receivable_turnover_ratio": 1.42,
            "reinvestment_rate": 15.44,
            "research_to_sale_ratio": 5,
            "price_fair": 315.44,
            "eps_avg_yearly": 9.01,
            "eps_latest_yearly": 15.28,
            "eps_growth_yearly": 46.88
        },
        "20221": {
            "year_quarter": 20221,
            "year": 2022,
            "quarter": 1,
            "eps": 5.26,
            "eps_growth_year": 150.48,
            "eps_4q": 16.25,
            "eps_4q_growth_year": 106.76,
            "roe": 12.55,
            "roe_4q": 44.41,
            "gross_profit": 294663,
            "gross_margin": 30.4,
            "gross_margin_4q_avg": 28.02,
            "net_income": 175940,
            "net_income_4q": null,
            "revenue": 969270,
            "revenue_4q": null,
            "common_shares": 334330,
            "book_valuer_per_share": 40.67,
            "book_valuer_per_share_4q_avg": 37.96,
            "equity": 1359690,
            "current_ratio": 172.23,
            "debt_ratio": 50.77,
            "inventory_turnover_ratio": 1.13,
            "account_receivable_turnover_ratio": 1.69,
            "reinvestment_rate": 14.18,
            "research_to_sale_ratio": 4.45,
            "price_fair": 347.2,
            "eps_avg_yearly": 9.92,
            "eps_latest_yearly": 21.04,
            "eps_growth_yearly": 49.22
        },
        "20222": {
            "year_quarter": 20222,
            "year": 2022,
            "quarter": 2,
            "eps": 5.51,
            "eps_growth_year": 89.35,
            "eps_4q": 18.84,
            "eps_4q_growth_year": 101.86,
            "roe": 13.13,
            "roe_4q": 47.839999999999996,
            "gross_profit": 310485,
            "gross_margin": 31.98,
            "gross_margin_4q_avg": 30,
            "net_income": 184108,
            "net_income_4q": null,
            "revenue": 970755,
            "revenue_4q": null,
            "common_shares": 334330,
            "book_valuer_per_share": 43.24,
            "book_valuer_per_share_4q_avg": 40.83,
            "equity": 1445521,
            "current_ratio": 184.8,
            "debt_ratio": 48.76,
            "inventory_turnover_ratio": 0.88,
            "account_receivable_turnover_ratio": 1.62,
            "reinvestment_rate": 13.29,
            "research_to_sale_ratio": 4.46,
            "price_fair": 376.08,
            "eps_avg_yearly": 10.75,
            "eps_latest_yearly": 22.04,
            "eps_growth_yearly": 41.51
        },
        "20223": {
            "year_quarter": 20223,
            "year": 2022,
            "quarter": 3,
            "eps": 2.24,
            "eps_growth_year": -47.29,
            "eps_4q": 16.83,
            "eps_4q_growth_year": 49.93,
            "roe": 5.09,
            "roe_4q": 40.39,
            "gross_profit": 150902,
            "gross_margin": 25.59,
            "gross_margin_4q_avg": 29.26,
            "net_income": 74845,
            "net_income_4q": null,
            "revenue": 589757,
            "revenue_4q": null,
            "common_shares": 334330,
            "book_valuer_per_share": 44.65,
            "book_valuer_per_share_4q_avg": 42.93,
            "equity": 1492779,
            "current_ratio": 229.46,
            "debt_ratio": 41.58,
            "inventory_turnover_ratio": 0.5,
            "account_receivable_turnover_ratio": 1.28,
            "reinvestment_rate": 13.77,
            "research_to_sale_ratio": 6.61,
            "price_fair": 222.91,
            "eps_avg_yearly": 10.42,
            "eps_latest_yearly": 8.96,
            "eps_growth_yearly": 11.4
        },
        "20224": {
            "year_quarter": 20224,
            "year": 2022,
            "quarter": 4,
            "eps": 0.64,
            "eps_growth_year": -83.37,
            "eps_4q": 13.64,
            "eps_4q_growth_year": 4.32,
            "roe": 1.41,
            "roe_4q": 32.18000000000001,
            "gross_profit": 101522,
            "gross_margin": 21.37,
            "gross_margin_4q_avg": 27.34,
            "net_income": 21236,
            "net_income_4q": null,
            "revenue": 474958,
            "revenue_4q": null,
            "common_shares": 334330,
            "book_valuer_per_share": 45.4,
            "book_valuer_per_share_4q_avg": 43.49,
            "equity": 1517893,
            "current_ratio": 250.07,
            "debt_ratio": 39.32,
            "inventory_turnover_ratio": 0.39,
            "account_receivable_turnover_ratio": 1.57,
            "reinvestment_rate": 14.44,
            "research_to_sale_ratio": 8.12,
            "price_fair": 118.08,
            "eps_avg_yearly": 9.98,
            "eps_latest_yearly": 2.56,
            "eps_growth_yearly": 1.83
        },
        "20231": {
            "year_quarter": 20231,
            "year": 2023,
            "quarter": 1,
            "eps": 0.7,
            "eps_growth_year": -86.69,
            "eps_4q": 9.08,
            "eps_4q_growth_year": -44.11,
            "roe": 1.57,
            "roe_4q": 21.200000000000003,
            "gross_profit": 107691,
            "gross_margin": 17.55,
            "gross_margin_4q_avg": 24.12,
            "net_income": 23451,
            "net_income_4q": null,
            "revenue": 613623,
            "revenue_4q": null,
            "common_shares": 334330,
            "book_valuer_per_share": 44.19,
            "book_valuer_per_share_4q_avg": 44.37,
            "equity": 1477253,
            "current_ratio": 174.26,
            "debt_ratio": 42.92,
            "inventory_turnover_ratio": 0.53,
            "account_receivable_turnover_ratio": 1.94,
            "reinvestment_rate": 12.98,
            "research_to_sale_ratio": 5.97,
            "price_fair": 124.12,
            "eps_avg_yearly": 9.53,
            "eps_latest_yearly": 2.8,
            "eps_growth_yearly": 3.02
        },
        "20232": {
            "year_quarter": 20232,
            "year": 2023,
            "quarter": 2,
            "eps": 1.06,
            "eps_growth_year": -80.76,
            "eps_4q": 4.22,
            "eps_4q_growth_year": -77.58,
            "roe": 2.39,
            "roe_4q": 10.46,
            "gross_profit": 105883,
            "gross_margin": 16.08,
            "gross_margin_4q_avg": 20.15,
            "net_income": 35807,
            "net_income_4q": null,
            "revenue": 658417,
            "revenue_4q": null,
            "common_shares": 334330,
            "book_valuer_per_share": 45.32,
            "book_valuer_per_share_4q_avg": 44.89,
            "equity": 1515216,
            "current_ratio": 179.17,
            "debt_ratio": 43.79,
            "inventory_turnover_ratio": 0.63,
            "account_receivable_turnover_ratio": 1.92,
            "reinvestment_rate": 13.27,
            "research_to_sale_ratio": 5.24,
            "price_fair": 329.7,
            "eps_avg_yearly": 9.42,
            "eps_latest_yearly": 4.24,
            "eps_growth_yearly": 25.72
        },
        "20233": {
            "year_quarter": 20233,
            "year": 2023,
            "quarter": 3,
            "eps": 1.62,
            "eps_growth_year": -27.68,
            "eps_4q": 3.79,
            "eps_4q_growth_year": -77.47,
            "roe": 3.86,
            "roe_4q": 9.23,
            "gross_profit": 105861,
            "gross_margin": 15.19,
            "gross_margin_4q_avg": 17.55,
            "net_income": 60041,
            "net_income_4q": null,
            "revenue": 696824,
            "revenue_4q": null,
            "common_shares": 370763,
            "book_valuer_per_share": 43,
            "book_valuer_per_share_4q_avg": 44.48,
            "equity": 1594313,
            "current_ratio": 205.64,
            "debt_ratio": 39.57,
            "inventory_turnover_ratio": 0.73,
            "account_receivable_turnover_ratio": 1.63,
            "reinvestment_rate": 13.08,
            "research_to_sale_ratio": 5.4,
            "price_fair": 333.73,
            "eps_avg_yearly": 9.54,
            "eps_latest_yearly": 6.48,
            "eps_growth_yearly": 44.72
        },
        "20234": {
            "year_quarter": 20234,
            "year": 2023,
            "quarter": 4,
            "eps": 0.8,
            "eps_growth_year": 26.47,
            "eps_4q": 4,
            "eps_4q_growth_year": -70.69,
            "roe": 1.82,
            "roe_4q": 9.64,
            "gross_profit": 124557,
            "gross_margin": 18.11,
            "gross_margin_4q_avg": 16.73,
            "net_income": 29985,
            "net_income_4q": null,
            "revenue": 687828,
            "revenue_4q": null,
            "common_shares": 373263,
            "book_valuer_per_share": 45.36,
            "book_valuer_per_share_4q_avg": 44.47,
            "equity": 1693064,
            "current_ratio": 248.79,
            "debt_ratio": 35.61,
            "inventory_turnover_ratio": 0.75,
            "account_receivable_turnover_ratio": 1.44,
            "reinvestment_rate": 12.98,
            "research_to_sale_ratio": 4.84,
            "price_fair": 331.89,
            "eps_avg_yearly": 9.48,
            "eps_latest_yearly": 3.2,
            "eps_growth_yearly": 35.3
        }
    },
    "months": {
        "2013-12": {
            "month": "2013-12",
            "price": "45.38",
            "revenue": 95374
        },
        "2014-01": {
            "month": "2014-01",
            "price": "48.75",
            "revenue": 117739
        },
        "2014-02": {
            "month": "2014-02",
            "price": "49.92",
            "revenue": 74370
        },
        "2014-03": {
            "month": "2014-03",
            "price": "51.03",
            "revenue": 92489
        },
        "2014-04": {
            "month": "2014-04",
            "price": "49.22",
            "revenue": 115772
        },
        "2014-05": {
            "month": "2014-05",
            "price": "49.12",
            "revenue": 125089
        },
        "2014-06": {
            "month": "2014-06",
            "price": "53.75",
            "revenue": 129621
        },
        "2014-07": {
            "month": "2014-07",
            "price": "54.48",
            "revenue": 130731
        },
        "2014-08": {
            "month": "2014-08",
            "price": "50.14",
            "revenue": 117029
        },
        "2014-09": {
            "month": "2014-09",
            "price": "47.80",
            "revenue": 103694
        },
        "2014-10": {
            "month": "2014-10",
            "price": "41.75",
            "revenue": 100055
        },
        "2014-11": {
            "month": "2014-11",
            "price": "35.54",
            "revenue": 86323
        },
        "2014-12": {
            "month": "2014-12",
            "price": "36.03",
            "revenue": 77141
        },
        "2015-01": {
            "month": "2015-01",
            "price": "35.06",
            "revenue": 105965
        },
        "2015-02": {
            "month": "2015-02",
            "price": "35.10",
            "revenue": 75321
        },
        "2015-03": {
            "month": "2015-03",
            "price": "35.80",
            "revenue": 100482
        },
        "2015-04": {
            "month": "2015-04",
            "price": "37.72",
            "revenue": 76724
        },
        "2015-05": {
            "month": "2015-05",
            "price": "35.45",
            "revenue": 80751
        },
        "2015-06": {
            "month": "2015-06",
            "price": "35.18",
            "revenue": 84405
        },
        "2015-07": {
            "month": "2015-07",
            "price": "31.26",
            "revenue": 92225
        },
        "2015-08": {
            "month": "2015-08",
            "price": "24.26",
            "revenue": 102479
        },
        "2015-09": {
            "month": "2015-09",
            "price": "23.37",
            "revenue": 137079
        },
        "2015-10": {
            "month": "2015-10",
            "price": "27.60",
            "revenue": 136357
        },
        "2015-11": {
            "month": "2015-11",
            "price": "33.18",
            "revenue": 145962
        },
        "2015-12": {
            "month": "2015-12",
            "price": "39.73",
            "revenue": 139695
        },
        "2016-01": {
            "month": "2016-01",
            "price": "30.08",
            "revenue": 141687
        },
        "2016-02": {
            "month": "2016-02",
            "price": "31.55",
            "revenue": 87229
        },
        "2016-03": {
            "month": "2016-03",
            "price": "37.15",
            "revenue": 107960
        },
        "2016-04": {
            "month": "2016-04",
            "price": "37.87",
            "revenue": 96028
        },
        "2016-05": {
            "month": "2016-05",
            "price": "36.17",
            "revenue": 99141
        },
        "2016-06": {
            "month": "2016-06",
            "price": "38.22",
            "revenue": 125044
        },
        "2016-07": {
            "month": "2016-07",
            "price": "41.84",
            "revenue": 108624
        },
        "2016-08": {
            "month": "2016-08",
            "price": "42.13",
            "revenue": 157932
        },
        "2016-09": {
            "month": "2016-09",
            "price": "41.81",
            "revenue": 161327
        },
        "2016-10": {
            "month": "2016-10",
            "price": "40.28",
            "revenue": 147338
        },
        "2016-11": {
            "month": "2016-11",
            "price": "36.83",
            "revenue": 146904
        },
        "2016-12": {
            "month": "2016-12",
            "price": "37.52",
            "revenue": 151971
        },
        "2017-01": {
            "month": "2017-01",
            "price": "38.28",
            "revenue": 150485
        },
        "2017-02": {
            "month": "2017-02",
            "price": "40.65",
            "revenue": 130062
        },
        "2017-03": {
            "month": "2017-03",
            "price": "54.67",
            "revenue": 130368
        },
        "2017-04": {
            "month": "2017-04",
            "price": "84.58",
            "revenue": 124204
        },
        "2017-05": {
            "month": "2017-05",
            "price": "81.80",
            "revenue": 150207
        },
        "2017-06": {
            "month": "2017-06",
            "price": "82.33",
            "revenue": 144892
        },
        "2017-07": {
            "month": "2017-07",
            "price": "79.85",
            "revenue": 158976
        },
        "2017-08": {
            "month": "2017-08",
            "price": "94.83",
            "revenue": 201856
        },
        "2017-09": {
            "month": "2017-09",
            "price": "92.31",
            "revenue": 205610
        },
        "2017-10": {
            "month": "2017-10",
            "price": "99.80",
            "revenue": 182543
        },
        "2017-11": {
            "month": "2017-11",
            "price": "123.11",
            "revenue": 173774
        },
        "2017-12": {
            "month": "2017-12",
            "price": "101.72",
            "revenue": 165771
        },
        "2018-01": {
            "month": "2018-01",
            "price": "108.34",
            "revenue": 231011
        },
        "2018-02": {
            "month": "2018-02",
            "price": "105.07",
            "revenue": 170463
        },
        "2018-03": {
            "month": "2018-03",
            "price": "108.17",
            "revenue": 181777
        },
        "2018-04": {
            "month": "2018-04",
            "price": "100.53",
            "revenue": 167859
        },
        "2018-05": {
            "month": "2018-05",
            "price": "98.90",
            "revenue": 211746
        },
        "2018-06": {
            "month": "2018-06",
            "price": "152.65",
            "revenue": 209870
        },
        "2018-07": {
            "month": "2018-07",
            "price": "147.32",
            "revenue": 223964
        },
        "2018-08": {
            "month": "2018-08",
            "price": "126.70",
            "revenue": 239691
        },
        "2018-09": {
            "month": "2018-09",
            "price": "114.92",
            "revenue": 240469
        },
        "2018-10": {
            "month": "2018-10",
            "price": "93.10",
            "revenue": 210117
        },
        "2018-11": {
            "month": "2018-11",
            "price": "95.54",
            "revenue": 215457
        },
        "2018-12": {
            "month": "2018-12",
            "price": "119.83",
            "revenue": 210425
        },
        "2019-01": {
            "month": "2019-01",
            "price": "121.93",
            "revenue": 232233
        },
        "2019-02": {
            "month": "2019-02",
            "price": "135.85",
            "revenue": 190523
        },
        "2019-03": {
            "month": "2019-03",
            "price": "125.72",
            "revenue": 185078
        },
        "2019-04": {
            "month": "2019-04",
            "price": "119.50",
            "revenue": 176781
        },
        "2019-05": {
            "month": "2019-05",
            "price": "109.77",
            "revenue": 151186
        },
        "2019-06": {
            "month": "2019-06",
            "price": "108.63",
            "revenue": 155860
        },
        "2019-07": {
            "month": "2019-07",
            "price": "119.28",
            "revenue": 160132
        },
        "2019-08": {
            "month": "2019-08",
            "price": "106.36",
            "revenue": 168038
        },
        "2019-09": {
            "month": "2019-09",
            "price": "108.87",
            "revenue": 174124
        },
        "2019-10": {
            "month": "2019-10",
            "price": "112.33",
            "revenue": 185724
        },
        "2019-11": {
            "month": "2019-11",
            "price": "107.17",
            "revenue": 185825
        },
        "2019-12": {
            "month": "2019-12",
            "price": "113.36",
            "revenue": 186876
        },
        "2020-01": {
            "month": "2020-01",
            "price": "115.85",
            "revenue": 197235
        },
        "2020-02": {
            "month": "2020-02",
            "price": "98.23",
            "revenue": 182185
        },
        "2020-03": {
            "month": "2020-03",
            "price": "78.99",
            "revenue": 171264
        },
        "2020-04": {
            "month": "2020-04",
            "price": "79.34",
            "revenue": 203582
        },
        "2020-05": {
            "month": "2020-05",
            "price": "91.47",
            "revenue": 196227
        },
        "2020-06": {
            "month": "2020-06",
            "price": "91.52",
            "revenue": 195711
        },
        "2020-07": {
            "month": "2020-07",
            "price": "92.44",
            "revenue": 241306
        },
        "2020-08": {
            "month": "2020-08",
            "price": "90.96",
            "revenue": 242132
        },
        "2020-09": {
            "month": "2020-09",
            "price": "92.17",
            "revenue": 260807
        },
        "2020-10": {
            "month": "2020-10",
            "price": "102.79",
            "revenue": 252006
        },
        "2020-11": {
            "month": "2020-11",
            "price": "111.97",
            "revenue": 247445
        },
        "2020-12": {
            "month": "2020-12",
            "price": "122.46",
            "revenue": 210611
        },
        "2021-01": {
            "month": "2021-01",
            "price": "123.52",
            "revenue": 263415
        },
        "2021-02": {
            "month": "2021-02",
            "price": "115.15",
            "revenue": 211343
        },
        "2021-03": {
            "month": "2021-03",
            "price": "122.48",
            "revenue": 252181
        },
        "2021-04": {
            "month": "2021-04",
            "price": "136.47",
            "revenue": 246238
        },
        "2021-05": {
            "month": "2021-05",
            "price": "109.12",
            "revenue": 246577
        },
        "2021-06": {
            "month": "2021-06",
            "price": "116.52",
            "revenue": 241125
        },
        "2021-07": {
            "month": "2021-07",
            "price": "132.73",
            "revenue": 250694
        },
        "2021-08": {
            "month": "2021-08",
            "price": "126.80",
            "revenue": 276580
        },
        "2021-09": {
            "month": "2021-09",
            "price": "120.82",
            "revenue": 300253
        },
        "2021-10": {
            "month": "2021-10",
            "price": "124.28",
            "revenue": 282129
        },
        "2021-11": {
            "month": "2021-11",
            "price": "144.50",
            "revenue": 282618
        },
        "2021-12": {
            "month": "2021-12",
            "price": "145.57",
            "revenue": 262605
        },
        "2022-01": {
            "month": "2022-01",
            "price": "138.94",
            "revenue": 352431
        },
        "2022-02": {
            "month": "2022-02",
            "price": "147.67",
            "revenue": 281115
        },
        "2022-03": {
            "month": "2022-03",
            "price": "150.09",
            "revenue": 335724
        },
        "2022-04": {
            "month": "2022-04",
            "price": "140.76",
            "revenue": 320454
        },
        "2022-05": {
            "month": "2022-05",
            "price": "147.95",
            "revenue": 369509
        },
        "2022-06": {
            "month": "2022-06",
            "price": "151.81",
            "revenue": 280792
        },
        "2022-07": {
            "month": "2022-07",
            "price": "115.52",
            "revenue": 217651
        },
        "2022-08": {
            "month": "2022-08",
            "price": "118.22",
            "revenue": 196047
        },
        "2022-09": {
            "month": "2022-09",
            "price": "109.29",
            "revenue": 176059
        },
        "2022-10": {
            "month": "2022-10",
            "price": "96.11",
            "revenue": 183132
        },
        "2022-11": {
            "month": "2022-11",
            "price": "104.28",
            "revenue": 175612
        },
        "2022-12": {
            "month": "2022-12",
            "price": "102.67",
            "revenue": 116214
        },
        "2023-01": {
            "month": "2023-01",
            "price": "99.92",
            "revenue": 172841
        },
        "2023-02": {
            "month": "2023-02",
            "price": "107.17",
            "revenue": 178543
        },
        "2023-03": {
            "month": "2023-03",
            "price": "103.43",
            "revenue": 262239
        },
        "2023-04": {
            "month": "2023-04",
            "price": "107.21",
            "revenue": 227836
        },
        "2023-05": {
            "month": "2023-05",
            "price": "103.27",
            "revenue": 223919
        },
        "2023-06": {
            "month": "2023-06",
            "price": "102.58",
            "revenue": 206662
        },
        "2023-07": {
            "month": "2023-07",
            "price": "100.72",
            "revenue": 219500
        },
        "2023-08": {
            "month": "2023-08",
            "price": "98.40",
            "revenue": 236965
        },
        "2023-09": {
            "month": "2023-09",
            "price": "95.56",
            "revenue": 240359
        },
        "2023-10": {
            "month": "2023-10",
            "price": "95.68",
            "revenue": 241663
        },
        "2023-11": {
            "month": "2023-11",
            "price": "101.00",
            "revenue": 244998
        },
        "2023-12": {
            "month": "2023-12",
            "price": "111.55",
            "revenue": 201167
        },
        "2024-01": {
            "month": "2024-01",
            "price": "107.18",
            "revenue": 245359
        },
        "2024-02": {
            "month": "2024-02",
            "price": "113.81",
            "revenue": 222894
        }
    }
}
