{
    "summary": {
        "stock_name": "迅得",
        "stock_id": "6438",
        "category": "其他電子",
        "main_business": "自動化設備及其相關產品",
        "website_url": "http://www.saa-symtek.com",
        "ceo": "王年清",
        "pe_ratio": 11,
        "report_year_from": 2012,
        "report_year_to": 2023,
        "age": 11,
        "eps_negative_percentage": 0,
        "eps_growth_avg": {
            "last_all": 11.44,
            "last_2y": 50.76,
            "last_4y": 9.97,
            "last_8y": null,
            "last_12y": null,
            "last_16y": null,
            "last_20y": null,
            "at_2006_last_3y": null,
            "at_2007_last_3y": null,
            "at_2008_last_3y": null,
            "at_2009_last_3y": null,
            "at_2010_last_3y": null,
            "at_2011_last_3y": null,
            "at_2012_last_3y": null,
            "at_2013_last_3y": null,
            "at_2014_last_3y": null,
            "at_2015_last_3y": null,
            "at_2016_last_3y": null,
            "at_2017_last_3y": null,
            "at_2018_last_3y": null,
            "at_2019_last_3y": null,
            "at_2020_last_3y": 24.39,
            "at_2021_last_3y": 14.1,
            "at_2022_last_3y": 20.37,
            "at_2023_last_3y": 20.37,
            "at_2006_last_all": null,
            "at_2007_last_all": null,
            "at_2008_last_all": null,
            "at_2009_last_all": null,
            "at_2010_last_all": null,
            "at_2011_last_all": null,
            "at_2012_last_all": null,
            "at_2013_last_all": null,
            "at_2014_last_all": null,
            "at_2015_last_all": null,
            "at_2016_last_all": null,
            "at_2017_last_all": 15.11,
            "at_2018_last_all": -0.47,
            "at_2019_last_all": -18.05,
            "at_2020_last_all": 5.56,
            "at_2021_last_all": 14.44,
            "at_2022_last_all": 11.44,
            "at_2023_last_all": 11.44
        },
        "latest_eps": 9.83,
        "latest_price": 112.5,
        "latest_roe": 21.14,
        "latest_gross_margin": 27.54,
        "latest_equity": 3459927,
        "latest_revenue": 1568491,
        "latest_gross_profit": 432032,
        "latest_net_income": 188718,
        "latest_debt_ratio": 56.99,
        "latest_current_ratio": 161.23,
        "latest_account_receivable_turnover_ratio": 1.31,
        "latest_inventory_turnover_ratio": 0.49,
        "latest_reinvestment_rate": 50.01,
        "latest_research_to_sale_ratio": 5.21
    },
    "eps_dividends": {
        "2001": {
            "cash": 0,
            "stock": 0,
            "eps": 0
        },
        "2002": {
            "cash": 0,
            "stock": 0,
            "eps": 0
        },
        "2003": {
            "cash": 0,
            "stock": 0,
            "eps": 0
        },
        "2004": {
            "cash": 0,
            "stock": 0,
            "eps": 0
        },
        "2005": {
            "cash": 0,
            "stock": 0,
            "eps": 0
        },
        "2006": {
            "cash": 0,
            "stock": 0,
            "eps": 0
        },
        "2007": {
            "cash": 0,
            "stock": 0,
            "eps": 0
        },
        "2008": {
            "cash": 0,
            "stock": 0,
            "eps": 0
        },
        "2009": {
            "cash": 0,
            "stock": 0,
            "eps": 0
        },
        "2010": {
            "cash": 0,
            "stock": 0,
            "eps": 0
        },
        "2011": {
            "cash": 0,
            "stock": 0,
            "eps": 0
        },
        "2012": {
            "cash": 0,
            "stock": 0,
            "eps": 0
        },
        "2013": {
            "cash": 0,
            "stock": 0,
            "eps": 0
        },
        "2014": {
            "cash": 6,
            "stock": 0,
            "eps": 2.25
        },
        "2015": {
            "cash": 3,
            "stock": 0.5,
            "eps": 0
        },
        "2016": {
            "cash": 3.5,
            "stock": 0,
            "eps": 0.68
        },
        "2017": {
            "cash": 2,
            "stock": 0,
            "eps": 5.91
        },
        "2018": {
            "cash": 4,
            "stock": 0,
            "eps": 4.04
        },
        "2019": {
            "cash": 2.8,
            "stock": 0,
            "eps": 1.18
        },
        "2020": {
            "cash": 1.5,
            "stock": 0,
            "eps": 6.34
        },
        "2021": {
            "cash": 4.3,
            "stock": 0,
            "eps": 10.07
        },
        "2022": {
            "cash": 6.5,
            "stock": 0,
            "eps": 9.41
        },
        "2023": {
            "cash": 6,
            "stock": 0,
            "eps": 2.64
        }
    },
    "dividends": {
        "2014-03-24": {
            "cash": 6,
            "stock": 0
        },
        "2015-03-02": {
            "cash": 3,
            "stock": 0.5
        },
        "2016-08-29": {
            "cash": 3.5,
            "stock": 0
        },
        "2017-08-28": {
            "cash": 2,
            "stock": 0
        },
        "2018-07-31": {
            "cash": 4,
            "stock": 0
        },
        "2019-07-31": {
            "cash": 2.8,
            "stock": 0
        },
        "2020-07-31": {
            "cash": 1.5,
            "stock": 0
        },
        "2021-08-06": {
            "cash": 4.3,
            "stock": 0
        },
        "2022-07-01": {
            "cash": 6.5,
            "stock": 0
        },
        "2023-06-27": {
            "cash": 6,
            "stock": 0
        }
    },
    "prices": {
        "200101": "無",
        "200102": "無",
        "200103": "無",
        "200104": "無",
        "200105": "無",
        "200106": "無",
        "200107": "無",
        "200108": "無",
        "200109": "無",
        "200110": "無",
        "200111": "無",
        "200112": "無",
        "200201": "無",
        "200202": "無",
        "200203": "無",
        "200204": "無",
        "200205": "無",
        "200206": "無",
        "200207": "無",
        "200208": "無",
        "200209": "無",
        "200210": "無",
        "200211": "無",
        "200212": "無",
        "200301": "無",
        "200302": "無",
        "200303": "無",
        "200304": "無",
        "200305": "無",
        "200306": "無",
        "200307": "無",
        "200308": "無",
        "200309": "無",
        "200310": "無",
        "200311": "無",
        "200312": "無",
        "200401": "無",
        "200402": "無",
        "200403": "無",
        "200404": "無",
        "200405": "無",
        "200406": "無",
        "200407": "無",
        "200408": "無",
        "200409": "無",
        "200410": "無",
        "200411": "無",
        "200412": "無",
        "200501": "無",
        "200502": "無",
        "200503": "無",
        "200504": "無",
        "200505": "無",
        "200506": "無",
        "200507": "無",
        "200508": "無",
        "200509": "無",
        "200510": "無",
        "200511": "無",
        "200512": "無",
        "200601": "無",
        "200602": "無",
        "200603": "無",
        "200604": "無",
        "200605": "無",
        "200606": "無",
        "200607": "無",
        "200608": "無",
        "200609": "無",
        "200610": "無",
        "200611": "無",
        "200612": "無",
        "200701": "無",
        "200702": "無",
        "200703": "無",
        "200704": "無",
        "200705": "無",
        "200706": "無",
        "200707": "無",
        "200708": "無",
        "200709": "無",
        "200710": "無",
        "200711": "無",
        "200712": "無",
        "200801": "無",
        "200802": "無",
        "200803": "無",
        "200804": "無",
        "200805": "無",
        "200806": "無",
        "200807": "無",
        "200808": "無",
        "200809": "無",
        "200810": "無",
        "200811": "無",
        "200812": "無",
        "200901": "無",
        "200902": "無",
        "200903": "無",
        "200904": "無",
        "200905": "無",
        "200906": "無",
        "200907": "無",
        "200908": "無",
        "200909": "無",
        "200910": "無",
        "200911": "無",
        "200912": "無",
        "201001": "無",
        "201002": "無",
        "201003": "無",
        "201004": "無",
        "201005": "無",
        "201006": "無",
        "201007": "無",
        "201008": "無",
        "201009": "無",
        "201010": "無",
        "201011": "無",
        "201012": "無",
        "201101": "無",
        "201102": "無",
        "201103": "無",
        "201104": "無",
        "201105": "無",
        "201106": "無",
        "201107": "無",
        "201108": "無",
        "201109": "無",
        "201110": "無",
        "201111": "無",
        "201112": "無",
        "201201": "無",
        "201202": "無",
        "201203": "無",
        "201204": "無",
        "201205": "無",
        "201206": "無",
        "201207": "無",
        "201208": "無",
        "201209": "無",
        "201210": "無",
        "201211": "無",
        "201212": "無",
        "201301": "無",
        "201302": "無",
        "201303": "無",
        "201304": "無",
        "201305": "無",
        "201306": "無",
        "201307": "無",
        "201308": "無",
        "201309": "無",
        "201310": "無",
        "201311": "50.65",
        "201312": "58.31",
        "201401": "63.26",
        "201402": "71.41",
        "201403": "75.72",
        "201404": "70.62",
        "201405": "67.63",
        "201406": "75.11",
        "201407": "75.26",
        "201408": "69.89",
        "201409": "68.92",
        "201410": "62.20",
        "201411": "61.42",
        "201412": "61.56",
        "201501": "62.49",
        "201502": "62.28",
        "201503": "59.12",
        "201504": "55.40",
        "201505": "59.41",
        "201506": "59.67",
        "201507": "55.28",
        "201508": "48.07",
        "201509": "46.17",
        "201510": "45.96",
        "201511": "46.31",
        "201512": "45.35",
        "201601": "42.44",
        "201602": "41.49",
        "201603": "44.20",
        "201604": "46.06",
        "201605": "42.96",
        "201606": "41.58",
        "201607": "42.75",
        "201608": "39.34",
        "201609": "40.26",
        "201610": "40.52",
        "201611": "43.31",
        "201612": "49.17",
        "201701": "52.00",
        "201702": "52.09",
        "201703": "54.91",
        "201704": "56.31",
        "201705": "67.02",
        "201706": "67.42",
        "201707": "66.84",
        "201708": "78.03",
        "201709": "79.47",
        "201710": "79.28",
        "201711": "79.66",
        "201712": "76.04",
        "201801": "80.94",
        "201802": "81.85",
        "201803": "82.18",
        "201804": "77.97",
        "201805": "69.52",
        "201806": "69.08",
        "201807": "62.95",
        "201808": "57.94",
        "201809": "47.87",
        "201810": "45.51",
        "201811": "48.23",
        "201812": "58.83",
        "201901": "64.03",
        "201902": "63.02",
        "201903": "63.08",
        "201904": "61.53",
        "201905": "51.62",
        "201906": "49.30",
        "201907": "51.49",
        "201908": "58.88",
        "201909": "60.46",
        "201910": "66.30",
        "201911": "73.71",
        "201912": "80.74",
        "202001": "76.21",
        "202002": "68.24",
        "202003": "48.92",
        "202004": "52.85",
        "202005": "60.64",
        "202006": "60.41",
        "202007": "68.51",
        "202008": "70.47",
        "202009": "69.71",
        "202010": "74.84",
        "202011": "80.06",
        "202012": "81.13",
        "202101": "84.03",
        "202102": "87.44",
        "202103": "94.06",
        "202104": "114.50",
        "202105": "93.35",
        "202106": "99.00",
        "202107": "109.43",
        "202108": "113.66",
        "202109": "103.34",
        "202110": "98.76",
        "202111": "108.17",
        "202112": "108.75",
        "202201": "118.42",
        "202202": "117.53",
        "202203": "121.22",
        "202204": "113.58",
        "202205": "108.07",
        "202206": "96.82",
        "202207": "88.75",
        "202208": "90.71",
        "202209": "90.70",
        "202210": "82.06",
        "202211": "83.55",
        "202212": "87.89",
        "202301": "89.84",
        "202302": "97.27",
        "202303": "99.09",
        "202304": "109.09",
        "202305": "115.25",
        "202306": "113.79"
    },
    "quarters": {
        "20011": {
            "year_quarter": 20011,
            "year": 2001,
            "quarter": 1,
            "eps": null,
            "eps_growth_year": null,
            "eps_4q": null,
            "eps_4q_growth_year": null,
            "roe": null,
            "roe_4q": 0,
            "gross_profit": null,
            "gross_margin": null,
            "gross_margin_4q_avg": 0,
            "net_income": null,
            "revenue": null,
            "common_shares": null,
            "book_valuer_per_share": null,
            "book_valuer_per_share_4q_avg": 0,
            "equity": null,
            "current_ratio": null,
            "debt_ratio": null,
            "inventory_turnover_ratio": null,
            "account_receivable_turnover_ratio": null,
            "reinvestment_rate": null,
            "research_to_sale_ratio": null,
            "price_fair": 0,
            "eps_avg_yearly": 0,
            "eps_latest_yearly": 0,
            "eps_growth_yearly": 0
        },
        "20012": {
            "year_quarter": 20012,
            "year": 2001,
            "quarter": 2,
            "eps": null,
            "eps_growth_year": null,
            "eps_4q": null,
            "eps_4q_growth_year": null,
            "roe": null,
            "roe_4q": 0,
            "gross_profit": null,
            "gross_margin": null,
            "gross_margin_4q_avg": 0,
            "net_income": null,
            "revenue": null,
            "common_shares": null,
            "book_valuer_per_share": null,
            "book_valuer_per_share_4q_avg": 0,
            "equity": null,
            "current_ratio": null,
            "debt_ratio": null,
            "inventory_turnover_ratio": null,
            "account_receivable_turnover_ratio": null,
            "reinvestment_rate": null,
            "research_to_sale_ratio": null,
            "price_fair": 0,
            "eps_avg_yearly": 0,
            "eps_latest_yearly": 0,
            "eps_growth_yearly": 0
        },
        "20013": {
            "year_quarter": 20013,
            "year": 2001,
            "quarter": 3,
            "eps": null,
            "eps_growth_year": null,
            "eps_4q": null,
            "eps_4q_growth_year": null,
            "roe": null,
            "roe_4q": 0,
            "gross_profit": null,
            "gross_margin": null,
            "gross_margin_4q_avg": 0,
            "net_income": null,
            "revenue": null,
            "common_shares": null,
            "book_valuer_per_share": null,
            "book_valuer_per_share_4q_avg": 0,
            "equity": null,
            "current_ratio": null,
            "debt_ratio": null,
            "inventory_turnover_ratio": null,
            "account_receivable_turnover_ratio": null,
            "reinvestment_rate": null,
            "research_to_sale_ratio": null,
            "price_fair": 0,
            "eps_avg_yearly": 0,
            "eps_latest_yearly": 0,
            "eps_growth_yearly": 0
        },
        "20014": {
            "year_quarter": 20014,
            "year": 2001,
            "quarter": 4,
            "eps": null,
            "eps_growth_year": null,
            "eps_4q": null,
            "eps_4q_growth_year": null,
            "roe": null,
            "roe_4q": 0,
            "gross_profit": null,
            "gross_margin": null,
            "gross_margin_4q_avg": 0,
            "net_income": null,
            "revenue": null,
            "common_shares": null,
            "book_valuer_per_share": null,
            "book_valuer_per_share_4q_avg": 0,
            "equity": null,
            "current_ratio": null,
            "debt_ratio": null,
            "inventory_turnover_ratio": null,
            "account_receivable_turnover_ratio": null,
            "reinvestment_rate": null,
            "research_to_sale_ratio": null,
            "price_fair": 0,
            "eps_avg_yearly": 0,
            "eps_latest_yearly": 0,
            "eps_growth_yearly": 0
        },
        "20021": {
            "year_quarter": 20021,
            "year": 2002,
            "quarter": 1,
            "eps": null,
            "eps_growth_year": null,
            "eps_4q": null,
            "eps_4q_growth_year": null,
            "roe": null,
            "roe_4q": 0,
            "gross_profit": null,
            "gross_margin": null,
            "gross_margin_4q_avg": 0,
            "net_income": null,
            "revenue": null,
            "common_shares": null,
            "book_valuer_per_share": null,
            "book_valuer_per_share_4q_avg": 0,
            "equity": null,
            "current_ratio": null,
            "debt_ratio": null,
            "inventory_turnover_ratio": null,
            "account_receivable_turnover_ratio": null,
            "reinvestment_rate": null,
            "research_to_sale_ratio": null,
            "price_fair": 0,
            "eps_avg_yearly": 0,
            "eps_latest_yearly": 0,
            "eps_growth_yearly": 0
        },
        "20022": {
            "year_quarter": 20022,
            "year": 2002,
            "quarter": 2,
            "eps": null,
            "eps_growth_year": null,
            "eps_4q": null,
            "eps_4q_growth_year": null,
            "roe": null,
            "roe_4q": 0,
            "gross_profit": null,
            "gross_margin": null,
            "gross_margin_4q_avg": 0,
            "net_income": null,
            "revenue": null,
            "common_shares": null,
            "book_valuer_per_share": null,
            "book_valuer_per_share_4q_avg": 0,
            "equity": null,
            "current_ratio": null,
            "debt_ratio": null,
            "inventory_turnover_ratio": null,
            "account_receivable_turnover_ratio": null,
            "reinvestment_rate": null,
            "research_to_sale_ratio": null,
            "price_fair": 0,
            "eps_avg_yearly": 0,
            "eps_latest_yearly": 0,
            "eps_growth_yearly": 0
        },
        "20023": {
            "year_quarter": 20023,
            "year": 2002,
            "quarter": 3,
            "eps": null,
            "eps_growth_year": null,
            "eps_4q": null,
            "eps_4q_growth_year": null,
            "roe": null,
            "roe_4q": 0,
            "gross_profit": null,
            "gross_margin": null,
            "gross_margin_4q_avg": 0,
            "net_income": null,
            "revenue": null,
            "common_shares": null,
            "book_valuer_per_share": null,
            "book_valuer_per_share_4q_avg": 0,
            "equity": null,
            "current_ratio": null,
            "debt_ratio": null,
            "inventory_turnover_ratio": null,
            "account_receivable_turnover_ratio": null,
            "reinvestment_rate": null,
            "research_to_sale_ratio": null,
            "price_fair": 0,
            "eps_avg_yearly": 0,
            "eps_latest_yearly": 0,
            "eps_growth_yearly": 0
        },
        "20024": {
            "year_quarter": 20024,
            "year": 2002,
            "quarter": 4,
            "eps": null,
            "eps_growth_year": null,
            "eps_4q": null,
            "eps_4q_growth_year": null,
            "roe": null,
            "roe_4q": 0,
            "gross_profit": null,
            "gross_margin": null,
            "gross_margin_4q_avg": 0,
            "net_income": null,
            "revenue": null,
            "common_shares": null,
            "book_valuer_per_share": null,
            "book_valuer_per_share_4q_avg": 0,
            "equity": null,
            "current_ratio": null,
            "debt_ratio": null,
            "inventory_turnover_ratio": null,
            "account_receivable_turnover_ratio": null,
            "reinvestment_rate": null,
            "research_to_sale_ratio": null,
            "price_fair": 0,
            "eps_avg_yearly": 0,
            "eps_latest_yearly": 0,
            "eps_growth_yearly": 0
        },
        "20031": {
            "year_quarter": 20031,
            "year": 2003,
            "quarter": 1,
            "eps": null,
            "eps_growth_year": null,
            "eps_4q": null,
            "eps_4q_growth_year": null,
            "roe": null,
            "roe_4q": 0,
            "gross_profit": null,
            "gross_margin": null,
            "gross_margin_4q_avg": 0,
            "net_income": null,
            "revenue": null,
            "common_shares": null,
            "book_valuer_per_share": null,
            "book_valuer_per_share_4q_avg": 0,
            "equity": null,
            "current_ratio": null,
            "debt_ratio": null,
            "inventory_turnover_ratio": null,
            "account_receivable_turnover_ratio": null,
            "reinvestment_rate": null,
            "research_to_sale_ratio": null,
            "price_fair": 0,
            "eps_avg_yearly": 0,
            "eps_latest_yearly": 0,
            "eps_growth_yearly": 0
        },
        "20032": {
            "year_quarter": 20032,
            "year": 2003,
            "quarter": 2,
            "eps": null,
            "eps_growth_year": null,
            "eps_4q": null,
            "eps_4q_growth_year": null,
            "roe": null,
            "roe_4q": 0,
            "gross_profit": null,
            "gross_margin": null,
            "gross_margin_4q_avg": 0,
            "net_income": null,
            "revenue": null,
            "common_shares": null,
            "book_valuer_per_share": null,
            "book_valuer_per_share_4q_avg": 0,
            "equity": null,
            "current_ratio": null,
            "debt_ratio": null,
            "inventory_turnover_ratio": null,
            "account_receivable_turnover_ratio": null,
            "reinvestment_rate": null,
            "research_to_sale_ratio": null,
            "price_fair": 0,
            "eps_avg_yearly": 0,
            "eps_latest_yearly": 0,
            "eps_growth_yearly": 0
        },
        "20033": {
            "year_quarter": 20033,
            "year": 2003,
            "quarter": 3,
            "eps": null,
            "eps_growth_year": null,
            "eps_4q": null,
            "eps_4q_growth_year": null,
            "roe": null,
            "roe_4q": 0,
            "gross_profit": null,
            "gross_margin": null,
            "gross_margin_4q_avg": 0,
            "net_income": null,
            "revenue": null,
            "common_shares": null,
            "book_valuer_per_share": null,
            "book_valuer_per_share_4q_avg": 0,
            "equity": null,
            "current_ratio": null,
            "debt_ratio": null,
            "inventory_turnover_ratio": null,
            "account_receivable_turnover_ratio": null,
            "reinvestment_rate": null,
            "research_to_sale_ratio": null,
            "price_fair": 0,
            "eps_avg_yearly": 0,
            "eps_latest_yearly": 0,
            "eps_growth_yearly": 0
        },
        "20034": {
            "year_quarter": 20034,
            "year": 2003,
            "quarter": 4,
            "eps": null,
            "eps_growth_year": null,
            "eps_4q": null,
            "eps_4q_growth_year": null,
            "roe": null,
            "roe_4q": 0,
            "gross_profit": null,
            "gross_margin": null,
            "gross_margin_4q_avg": 0,
            "net_income": null,
            "revenue": null,
            "common_shares": null,
            "book_valuer_per_share": null,
            "book_valuer_per_share_4q_avg": 0,
            "equity": null,
            "current_ratio": null,
            "debt_ratio": null,
            "inventory_turnover_ratio": null,
            "account_receivable_turnover_ratio": null,
            "reinvestment_rate": null,
            "research_to_sale_ratio": null,
            "price_fair": 0,
            "eps_avg_yearly": 0,
            "eps_latest_yearly": 0,
            "eps_growth_yearly": 0
        },
        "20041": {
            "year_quarter": 20041,
            "year": 2004,
            "quarter": 1,
            "eps": null,
            "eps_growth_year": null,
            "eps_4q": null,
            "eps_4q_growth_year": null,
            "roe": null,
            "roe_4q": 0,
            "gross_profit": null,
            "gross_margin": null,
            "gross_margin_4q_avg": 0,
            "net_income": null,
            "revenue": null,
            "common_shares": null,
            "book_valuer_per_share": null,
            "book_valuer_per_share_4q_avg": 0,
            "equity": null,
            "current_ratio": null,
            "debt_ratio": null,
            "inventory_turnover_ratio": null,
            "account_receivable_turnover_ratio": null,
            "reinvestment_rate": null,
            "research_to_sale_ratio": null,
            "price_fair": 0,
            "eps_avg_yearly": 0,
            "eps_latest_yearly": 0,
            "eps_growth_yearly": 0
        },
        "20042": {
            "year_quarter": 20042,
            "year": 2004,
            "quarter": 2,
            "eps": null,
            "eps_growth_year": null,
            "eps_4q": null,
            "eps_4q_growth_year": null,
            "roe": null,
            "roe_4q": 0,
            "gross_profit": null,
            "gross_margin": null,
            "gross_margin_4q_avg": 0,
            "net_income": null,
            "revenue": null,
            "common_shares": null,
            "book_valuer_per_share": null,
            "book_valuer_per_share_4q_avg": 0,
            "equity": null,
            "current_ratio": null,
            "debt_ratio": null,
            "inventory_turnover_ratio": null,
            "account_receivable_turnover_ratio": null,
            "reinvestment_rate": null,
            "research_to_sale_ratio": null,
            "price_fair": 0,
            "eps_avg_yearly": 0,
            "eps_latest_yearly": 0,
            "eps_growth_yearly": 0
        },
        "20043": {
            "year_quarter": 20043,
            "year": 2004,
            "quarter": 3,
            "eps": null,
            "eps_growth_year": null,
            "eps_4q": null,
            "eps_4q_growth_year": null,
            "roe": null,
            "roe_4q": 0,
            "gross_profit": null,
            "gross_margin": null,
            "gross_margin_4q_avg": 0,
            "net_income": null,
            "revenue": null,
            "common_shares": null,
            "book_valuer_per_share": null,
            "book_valuer_per_share_4q_avg": 0,
            "equity": null,
            "current_ratio": null,
            "debt_ratio": null,
            "inventory_turnover_ratio": null,
            "account_receivable_turnover_ratio": null,
            "reinvestment_rate": null,
            "research_to_sale_ratio": null,
            "price_fair": 0,
            "eps_avg_yearly": 0,
            "eps_latest_yearly": 0,
            "eps_growth_yearly": 0
        },
        "20044": {
            "year_quarter": 20044,
            "year": 2004,
            "quarter": 4,
            "eps": null,
            "eps_growth_year": null,
            "eps_4q": null,
            "eps_4q_growth_year": null,
            "roe": null,
            "roe_4q": 0,
            "gross_profit": null,
            "gross_margin": null,
            "gross_margin_4q_avg": 0,
            "net_income": null,
            "revenue": null,
            "common_shares": null,
            "book_valuer_per_share": null,
            "book_valuer_per_share_4q_avg": 0,
            "equity": null,
            "current_ratio": null,
            "debt_ratio": null,
            "inventory_turnover_ratio": null,
            "account_receivable_turnover_ratio": null,
            "reinvestment_rate": null,
            "research_to_sale_ratio": null,
            "price_fair": 0,
            "eps_avg_yearly": 0,
            "eps_latest_yearly": 0,
            "eps_growth_yearly": 0
        },
        "20051": {
            "year_quarter": 20051,
            "year": 2005,
            "quarter": 1,
            "eps": null,
            "eps_growth_year": null,
            "eps_4q": null,
            "eps_4q_growth_year": null,
            "roe": null,
            "roe_4q": 0,
            "gross_profit": null,
            "gross_margin": null,
            "gross_margin_4q_avg": 0,
            "net_income": null,
            "revenue": null,
            "common_shares": null,
            "book_valuer_per_share": null,
            "book_valuer_per_share_4q_avg": 0,
            "equity": null,
            "current_ratio": null,
            "debt_ratio": null,
            "inventory_turnover_ratio": null,
            "account_receivable_turnover_ratio": null,
            "reinvestment_rate": null,
            "research_to_sale_ratio": null,
            "price_fair": 0,
            "eps_avg_yearly": 0,
            "eps_latest_yearly": 0,
            "eps_growth_yearly": 0
        },
        "20052": {
            "year_quarter": 20052,
            "year": 2005,
            "quarter": 2,
            "eps": null,
            "eps_growth_year": null,
            "eps_4q": null,
            "eps_4q_growth_year": null,
            "roe": null,
            "roe_4q": 0,
            "gross_profit": null,
            "gross_margin": null,
            "gross_margin_4q_avg": 0,
            "net_income": null,
            "revenue": null,
            "common_shares": null,
            "book_valuer_per_share": null,
            "book_valuer_per_share_4q_avg": 0,
            "equity": null,
            "current_ratio": null,
            "debt_ratio": null,
            "inventory_turnover_ratio": null,
            "account_receivable_turnover_ratio": null,
            "reinvestment_rate": null,
            "research_to_sale_ratio": null,
            "price_fair": 0,
            "eps_avg_yearly": 0,
            "eps_latest_yearly": 0,
            "eps_growth_yearly": 0
        },
        "20053": {
            "year_quarter": 20053,
            "year": 2005,
            "quarter": 3,
            "eps": null,
            "eps_growth_year": null,
            "eps_4q": null,
            "eps_4q_growth_year": null,
            "roe": null,
            "roe_4q": 0,
            "gross_profit": null,
            "gross_margin": null,
            "gross_margin_4q_avg": 0,
            "net_income": null,
            "revenue": null,
            "common_shares": null,
            "book_valuer_per_share": null,
            "book_valuer_per_share_4q_avg": 0,
            "equity": null,
            "current_ratio": null,
            "debt_ratio": null,
            "inventory_turnover_ratio": null,
            "account_receivable_turnover_ratio": null,
            "reinvestment_rate": null,
            "research_to_sale_ratio": null,
            "price_fair": 0,
            "eps_avg_yearly": 0,
            "eps_latest_yearly": 0,
            "eps_growth_yearly": 0
        },
        "20054": {
            "year_quarter": 20054,
            "year": 2005,
            "quarter": 4,
            "eps": null,
            "eps_growth_year": null,
            "eps_4q": null,
            "eps_4q_growth_year": null,
            "roe": null,
            "roe_4q": 0,
            "gross_profit": null,
            "gross_margin": null,
            "gross_margin_4q_avg": 0,
            "net_income": null,
            "revenue": null,
            "common_shares": null,
            "book_valuer_per_share": null,
            "book_valuer_per_share_4q_avg": 0,
            "equity": null,
            "current_ratio": null,
            "debt_ratio": null,
            "inventory_turnover_ratio": null,
            "account_receivable_turnover_ratio": null,
            "reinvestment_rate": null,
            "research_to_sale_ratio": null,
            "price_fair": 0,
            "eps_avg_yearly": 0,
            "eps_latest_yearly": 0,
            "eps_growth_yearly": 0
        },
        "20061": {
            "year_quarter": 20061,
            "year": 2006,
            "quarter": 1,
            "eps": null,
            "eps_growth_year": null,
            "eps_4q": null,
            "eps_4q_growth_year": null,
            "roe": null,
            "roe_4q": 0,
            "gross_profit": null,
            "gross_margin": null,
            "gross_margin_4q_avg": 0,
            "net_income": null,
            "revenue": null,
            "common_shares": null,
            "book_valuer_per_share": null,
            "book_valuer_per_share_4q_avg": 0,
            "equity": null,
            "current_ratio": null,
            "debt_ratio": null,
            "inventory_turnover_ratio": null,
            "account_receivable_turnover_ratio": null,
            "reinvestment_rate": null,
            "research_to_sale_ratio": null,
            "price_fair": 0,
            "eps_avg_yearly": 0,
            "eps_latest_yearly": 0,
            "eps_growth_yearly": 0
        },
        "20062": {
            "year_quarter": 20062,
            "year": 2006,
            "quarter": 2,
            "eps": null,
            "eps_growth_year": null,
            "eps_4q": null,
            "eps_4q_growth_year": null,
            "roe": null,
            "roe_4q": 0,
            "gross_profit": null,
            "gross_margin": null,
            "gross_margin_4q_avg": 0,
            "net_income": null,
            "revenue": null,
            "common_shares": null,
            "book_valuer_per_share": null,
            "book_valuer_per_share_4q_avg": 0,
            "equity": null,
            "current_ratio": null,
            "debt_ratio": null,
            "inventory_turnover_ratio": null,
            "account_receivable_turnover_ratio": null,
            "reinvestment_rate": null,
            "research_to_sale_ratio": null,
            "price_fair": 0,
            "eps_avg_yearly": 0,
            "eps_latest_yearly": 0,
            "eps_growth_yearly": 0
        },
        "20063": {
            "year_quarter": 20063,
            "year": 2006,
            "quarter": 3,
            "eps": null,
            "eps_growth_year": null,
            "eps_4q": null,
            "eps_4q_growth_year": null,
            "roe": null,
            "roe_4q": 0,
            "gross_profit": null,
            "gross_margin": null,
            "gross_margin_4q_avg": 0,
            "net_income": null,
            "revenue": null,
            "common_shares": null,
            "book_valuer_per_share": null,
            "book_valuer_per_share_4q_avg": 0,
            "equity": null,
            "current_ratio": null,
            "debt_ratio": null,
            "inventory_turnover_ratio": null,
            "account_receivable_turnover_ratio": null,
            "reinvestment_rate": null,
            "research_to_sale_ratio": null,
            "price_fair": 0,
            "eps_avg_yearly": 0,
            "eps_latest_yearly": 0,
            "eps_growth_yearly": 0
        },
        "20064": {
            "year_quarter": 20064,
            "year": 2006,
            "quarter": 4,
            "eps": null,
            "eps_growth_year": null,
            "eps_4q": null,
            "eps_4q_growth_year": null,
            "roe": null,
            "roe_4q": 0,
            "gross_profit": null,
            "gross_margin": null,
            "gross_margin_4q_avg": 0,
            "net_income": null,
            "revenue": null,
            "common_shares": null,
            "book_valuer_per_share": null,
            "book_valuer_per_share_4q_avg": 0,
            "equity": null,
            "current_ratio": null,
            "debt_ratio": null,
            "inventory_turnover_ratio": null,
            "account_receivable_turnover_ratio": null,
            "reinvestment_rate": null,
            "research_to_sale_ratio": null,
            "price_fair": 0,
            "eps_avg_yearly": 0,
            "eps_latest_yearly": 0,
            "eps_growth_yearly": 0
        },
        "20071": {
            "year_quarter": 20071,
            "year": 2007,
            "quarter": 1,
            "eps": null,
            "eps_growth_year": null,
            "eps_4q": null,
            "eps_4q_growth_year": null,
            "roe": null,
            "roe_4q": 0,
            "gross_profit": null,
            "gross_margin": null,
            "gross_margin_4q_avg": 0,
            "net_income": null,
            "revenue": null,
            "common_shares": null,
            "book_valuer_per_share": null,
            "book_valuer_per_share_4q_avg": 0,
            "equity": null,
            "current_ratio": null,
            "debt_ratio": null,
            "inventory_turnover_ratio": null,
            "account_receivable_turnover_ratio": null,
            "reinvestment_rate": null,
            "research_to_sale_ratio": null,
            "price_fair": 0,
            "eps_avg_yearly": 0,
            "eps_latest_yearly": 0,
            "eps_growth_yearly": 0
        },
        "20072": {
            "year_quarter": 20072,
            "year": 2007,
            "quarter": 2,
            "eps": null,
            "eps_growth_year": null,
            "eps_4q": null,
            "eps_4q_growth_year": null,
            "roe": null,
            "roe_4q": 0,
            "gross_profit": null,
            "gross_margin": null,
            "gross_margin_4q_avg": 0,
            "net_income": null,
            "revenue": null,
            "common_shares": null,
            "book_valuer_per_share": null,
            "book_valuer_per_share_4q_avg": 0,
            "equity": null,
            "current_ratio": null,
            "debt_ratio": null,
            "inventory_turnover_ratio": null,
            "account_receivable_turnover_ratio": null,
            "reinvestment_rate": null,
            "research_to_sale_ratio": null,
            "price_fair": 0,
            "eps_avg_yearly": 0,
            "eps_latest_yearly": 0,
            "eps_growth_yearly": 0
        },
        "20073": {
            "year_quarter": 20073,
            "year": 2007,
            "quarter": 3,
            "eps": null,
            "eps_growth_year": null,
            "eps_4q": null,
            "eps_4q_growth_year": null,
            "roe": null,
            "roe_4q": 0,
            "gross_profit": null,
            "gross_margin": null,
            "gross_margin_4q_avg": 0,
            "net_income": null,
            "revenue": null,
            "common_shares": null,
            "book_valuer_per_share": null,
            "book_valuer_per_share_4q_avg": 0,
            "equity": null,
            "current_ratio": null,
            "debt_ratio": null,
            "inventory_turnover_ratio": null,
            "account_receivable_turnover_ratio": null,
            "reinvestment_rate": null,
            "research_to_sale_ratio": null,
            "price_fair": 0,
            "eps_avg_yearly": 0,
            "eps_latest_yearly": 0,
            "eps_growth_yearly": 0
        },
        "20074": {
            "year_quarter": 20074,
            "year": 2007,
            "quarter": 4,
            "eps": null,
            "eps_growth_year": null,
            "eps_4q": null,
            "eps_4q_growth_year": null,
            "roe": null,
            "roe_4q": 0,
            "gross_profit": null,
            "gross_margin": null,
            "gross_margin_4q_avg": 0,
            "net_income": null,
            "revenue": null,
            "common_shares": null,
            "book_valuer_per_share": null,
            "book_valuer_per_share_4q_avg": 0,
            "equity": null,
            "current_ratio": null,
            "debt_ratio": null,
            "inventory_turnover_ratio": null,
            "account_receivable_turnover_ratio": null,
            "reinvestment_rate": null,
            "research_to_sale_ratio": null,
            "price_fair": 0,
            "eps_avg_yearly": 0,
            "eps_latest_yearly": 0,
            "eps_growth_yearly": 0
        },
        "20081": {
            "year_quarter": 20081,
            "year": 2008,
            "quarter": 1,
            "eps": null,
            "eps_growth_year": null,
            "eps_4q": null,
            "eps_4q_growth_year": null,
            "roe": null,
            "roe_4q": 0,
            "gross_profit": null,
            "gross_margin": null,
            "gross_margin_4q_avg": 0,
            "net_income": null,
            "revenue": null,
            "common_shares": null,
            "book_valuer_per_share": null,
            "book_valuer_per_share_4q_avg": 0,
            "equity": null,
            "current_ratio": null,
            "debt_ratio": null,
            "inventory_turnover_ratio": null,
            "account_receivable_turnover_ratio": null,
            "reinvestment_rate": null,
            "research_to_sale_ratio": null,
            "price_fair": 0,
            "eps_avg_yearly": 0,
            "eps_latest_yearly": 0,
            "eps_growth_yearly": 0
        },
        "20082": {
            "year_quarter": 20082,
            "year": 2008,
            "quarter": 2,
            "eps": null,
            "eps_growth_year": null,
            "eps_4q": null,
            "eps_4q_growth_year": null,
            "roe": null,
            "roe_4q": 0,
            "gross_profit": null,
            "gross_margin": null,
            "gross_margin_4q_avg": 0,
            "net_income": null,
            "revenue": null,
            "common_shares": null,
            "book_valuer_per_share": null,
            "book_valuer_per_share_4q_avg": 0,
            "equity": null,
            "current_ratio": null,
            "debt_ratio": null,
            "inventory_turnover_ratio": null,
            "account_receivable_turnover_ratio": null,
            "reinvestment_rate": null,
            "research_to_sale_ratio": null,
            "price_fair": 0,
            "eps_avg_yearly": 0,
            "eps_latest_yearly": 0,
            "eps_growth_yearly": 0
        },
        "20083": {
            "year_quarter": 20083,
            "year": 2008,
            "quarter": 3,
            "eps": null,
            "eps_growth_year": null,
            "eps_4q": null,
            "eps_4q_growth_year": null,
            "roe": null,
            "roe_4q": 0,
            "gross_profit": null,
            "gross_margin": null,
            "gross_margin_4q_avg": 0,
            "net_income": null,
            "revenue": null,
            "common_shares": null,
            "book_valuer_per_share": null,
            "book_valuer_per_share_4q_avg": 0,
            "equity": null,
            "current_ratio": null,
            "debt_ratio": null,
            "inventory_turnover_ratio": null,
            "account_receivable_turnover_ratio": null,
            "reinvestment_rate": null,
            "research_to_sale_ratio": null,
            "price_fair": 0,
            "eps_avg_yearly": 0,
            "eps_latest_yearly": 0,
            "eps_growth_yearly": 0
        },
        "20084": {
            "year_quarter": 20084,
            "year": 2008,
            "quarter": 4,
            "eps": null,
            "eps_growth_year": null,
            "eps_4q": null,
            "eps_4q_growth_year": null,
            "roe": null,
            "roe_4q": 0,
            "gross_profit": null,
            "gross_margin": null,
            "gross_margin_4q_avg": 0,
            "net_income": null,
            "revenue": null,
            "common_shares": null,
            "book_valuer_per_share": null,
            "book_valuer_per_share_4q_avg": 0,
            "equity": null,
            "current_ratio": null,
            "debt_ratio": null,
            "inventory_turnover_ratio": null,
            "account_receivable_turnover_ratio": null,
            "reinvestment_rate": null,
            "research_to_sale_ratio": null,
            "price_fair": 0,
            "eps_avg_yearly": 0,
            "eps_latest_yearly": 0,
            "eps_growth_yearly": 0
        },
        "20091": {
            "year_quarter": 20091,
            "year": 2009,
            "quarter": 1,
            "eps": null,
            "eps_growth_year": null,
            "eps_4q": null,
            "eps_4q_growth_year": null,
            "roe": null,
            "roe_4q": 0,
            "gross_profit": null,
            "gross_margin": null,
            "gross_margin_4q_avg": 0,
            "net_income": null,
            "revenue": null,
            "common_shares": null,
            "book_valuer_per_share": null,
            "book_valuer_per_share_4q_avg": 0,
            "equity": null,
            "current_ratio": null,
            "debt_ratio": null,
            "inventory_turnover_ratio": null,
            "account_receivable_turnover_ratio": null,
            "reinvestment_rate": null,
            "research_to_sale_ratio": null,
            "price_fair": 0,
            "eps_avg_yearly": 0,
            "eps_latest_yearly": 0,
            "eps_growth_yearly": 0
        },
        "20092": {
            "year_quarter": 20092,
            "year": 2009,
            "quarter": 2,
            "eps": null,
            "eps_growth_year": null,
            "eps_4q": null,
            "eps_4q_growth_year": null,
            "roe": null,
            "roe_4q": 0,
            "gross_profit": null,
            "gross_margin": null,
            "gross_margin_4q_avg": 0,
            "net_income": null,
            "revenue": null,
            "common_shares": null,
            "book_valuer_per_share": null,
            "book_valuer_per_share_4q_avg": 0,
            "equity": null,
            "current_ratio": null,
            "debt_ratio": null,
            "inventory_turnover_ratio": null,
            "account_receivable_turnover_ratio": null,
            "reinvestment_rate": null,
            "research_to_sale_ratio": null,
            "price_fair": 0,
            "eps_avg_yearly": 0,
            "eps_latest_yearly": 0,
            "eps_growth_yearly": 0
        },
        "20093": {
            "year_quarter": 20093,
            "year": 2009,
            "quarter": 3,
            "eps": null,
            "eps_growth_year": null,
            "eps_4q": null,
            "eps_4q_growth_year": null,
            "roe": null,
            "roe_4q": 0,
            "gross_profit": null,
            "gross_margin": null,
            "gross_margin_4q_avg": 0,
            "net_income": null,
            "revenue": null,
            "common_shares": null,
            "book_valuer_per_share": null,
            "book_valuer_per_share_4q_avg": 0,
            "equity": null,
            "current_ratio": null,
            "debt_ratio": null,
            "inventory_turnover_ratio": null,
            "account_receivable_turnover_ratio": null,
            "reinvestment_rate": null,
            "research_to_sale_ratio": null,
            "price_fair": 0,
            "eps_avg_yearly": 0,
            "eps_latest_yearly": 0,
            "eps_growth_yearly": 0
        },
        "20094": {
            "year_quarter": 20094,
            "year": 2009,
            "quarter": 4,
            "eps": null,
            "eps_growth_year": null,
            "eps_4q": null,
            "eps_4q_growth_year": null,
            "roe": null,
            "roe_4q": 0,
            "gross_profit": null,
            "gross_margin": null,
            "gross_margin_4q_avg": 0,
            "net_income": null,
            "revenue": null,
            "common_shares": null,
            "book_valuer_per_share": null,
            "book_valuer_per_share_4q_avg": 0,
            "equity": null,
            "current_ratio": null,
            "debt_ratio": null,
            "inventory_turnover_ratio": null,
            "account_receivable_turnover_ratio": null,
            "reinvestment_rate": null,
            "research_to_sale_ratio": null,
            "price_fair": 0,
            "eps_avg_yearly": 0,
            "eps_latest_yearly": 0,
            "eps_growth_yearly": 0
        },
        "20101": {
            "year_quarter": 20101,
            "year": 2010,
            "quarter": 1,
            "eps": null,
            "eps_growth_year": null,
            "eps_4q": null,
            "eps_4q_growth_year": null,
            "roe": null,
            "roe_4q": 0,
            "gross_profit": null,
            "gross_margin": null,
            "gross_margin_4q_avg": 0,
            "net_income": null,
            "revenue": null,
            "common_shares": null,
            "book_valuer_per_share": null,
            "book_valuer_per_share_4q_avg": 0,
            "equity": null,
            "current_ratio": null,
            "debt_ratio": null,
            "inventory_turnover_ratio": null,
            "account_receivable_turnover_ratio": null,
            "reinvestment_rate": null,
            "research_to_sale_ratio": null,
            "price_fair": 0,
            "eps_avg_yearly": 0,
            "eps_latest_yearly": 0,
            "eps_growth_yearly": 0
        },
        "20102": {
            "year_quarter": 20102,
            "year": 2010,
            "quarter": 2,
            "eps": null,
            "eps_growth_year": null,
            "eps_4q": null,
            "eps_4q_growth_year": null,
            "roe": null,
            "roe_4q": 0,
            "gross_profit": null,
            "gross_margin": null,
            "gross_margin_4q_avg": 0,
            "net_income": null,
            "revenue": null,
            "common_shares": null,
            "book_valuer_per_share": null,
            "book_valuer_per_share_4q_avg": 0,
            "equity": null,
            "current_ratio": null,
            "debt_ratio": null,
            "inventory_turnover_ratio": null,
            "account_receivable_turnover_ratio": null,
            "reinvestment_rate": null,
            "research_to_sale_ratio": null,
            "price_fair": 0,
            "eps_avg_yearly": 0,
            "eps_latest_yearly": 0,
            "eps_growth_yearly": 0
        },
        "20103": {
            "year_quarter": 20103,
            "year": 2010,
            "quarter": 3,
            "eps": null,
            "eps_growth_year": null,
            "eps_4q": null,
            "eps_4q_growth_year": null,
            "roe": null,
            "roe_4q": 0,
            "gross_profit": null,
            "gross_margin": null,
            "gross_margin_4q_avg": 0,
            "net_income": null,
            "revenue": null,
            "common_shares": null,
            "book_valuer_per_share": null,
            "book_valuer_per_share_4q_avg": 0,
            "equity": null,
            "current_ratio": null,
            "debt_ratio": null,
            "inventory_turnover_ratio": null,
            "account_receivable_turnover_ratio": null,
            "reinvestment_rate": null,
            "research_to_sale_ratio": null,
            "price_fair": 0,
            "eps_avg_yearly": 0,
            "eps_latest_yearly": 0,
            "eps_growth_yearly": 0
        },
        "20104": {
            "year_quarter": 20104,
            "year": 2010,
            "quarter": 4,
            "eps": null,
            "eps_growth_year": null,
            "eps_4q": null,
            "eps_4q_growth_year": null,
            "roe": null,
            "roe_4q": 0,
            "gross_profit": null,
            "gross_margin": null,
            "gross_margin_4q_avg": 0,
            "net_income": null,
            "revenue": null,
            "common_shares": null,
            "book_valuer_per_share": null,
            "book_valuer_per_share_4q_avg": 0,
            "equity": null,
            "current_ratio": null,
            "debt_ratio": null,
            "inventory_turnover_ratio": null,
            "account_receivable_turnover_ratio": null,
            "reinvestment_rate": null,
            "research_to_sale_ratio": null,
            "price_fair": 0,
            "eps_avg_yearly": 0,
            "eps_latest_yearly": 0,
            "eps_growth_yearly": 0
        },
        "20111": {
            "year_quarter": 20111,
            "year": 2011,
            "quarter": 1,
            "eps": null,
            "eps_growth_year": null,
            "eps_4q": null,
            "eps_4q_growth_year": null,
            "roe": null,
            "roe_4q": 0,
            "gross_profit": null,
            "gross_margin": null,
            "gross_margin_4q_avg": 0,
            "net_income": null,
            "revenue": null,
            "common_shares": null,
            "book_valuer_per_share": null,
            "book_valuer_per_share_4q_avg": 0,
            "equity": null,
            "current_ratio": null,
            "debt_ratio": null,
            "inventory_turnover_ratio": null,
            "account_receivable_turnover_ratio": null,
            "reinvestment_rate": null,
            "research_to_sale_ratio": null,
            "price_fair": 0,
            "eps_avg_yearly": 0,
            "eps_latest_yearly": 0,
            "eps_growth_yearly": 0
        },
        "20112": {
            "year_quarter": 20112,
            "year": 2011,
            "quarter": 2,
            "eps": null,
            "eps_growth_year": null,
            "eps_4q": null,
            "eps_4q_growth_year": null,
            "roe": null,
            "roe_4q": 0,
            "gross_profit": null,
            "gross_margin": null,
            "gross_margin_4q_avg": 0,
            "net_income": null,
            "revenue": null,
            "common_shares": null,
            "book_valuer_per_share": null,
            "book_valuer_per_share_4q_avg": 0,
            "equity": null,
            "current_ratio": null,
            "debt_ratio": null,
            "inventory_turnover_ratio": null,
            "account_receivable_turnover_ratio": null,
            "reinvestment_rate": null,
            "research_to_sale_ratio": null,
            "price_fair": 0,
            "eps_avg_yearly": 0,
            "eps_latest_yearly": 0,
            "eps_growth_yearly": 0
        },
        "20113": {
            "year_quarter": 20113,
            "year": 2011,
            "quarter": 3,
            "eps": null,
            "eps_growth_year": null,
            "eps_4q": null,
            "eps_4q_growth_year": null,
            "roe": null,
            "roe_4q": 0,
            "gross_profit": null,
            "gross_margin": null,
            "gross_margin_4q_avg": 0,
            "net_income": null,
            "revenue": null,
            "common_shares": null,
            "book_valuer_per_share": null,
            "book_valuer_per_share_4q_avg": 0,
            "equity": null,
            "current_ratio": null,
            "debt_ratio": null,
            "inventory_turnover_ratio": null,
            "account_receivable_turnover_ratio": null,
            "reinvestment_rate": null,
            "research_to_sale_ratio": null,
            "price_fair": 0,
            "eps_avg_yearly": 0,
            "eps_latest_yearly": 0,
            "eps_growth_yearly": 0
        },
        "20114": {
            "year_quarter": 20114,
            "year": 2011,
            "quarter": 4,
            "eps": null,
            "eps_growth_year": null,
            "eps_4q": null,
            "eps_4q_growth_year": null,
            "roe": null,
            "roe_4q": 0,
            "gross_profit": null,
            "gross_margin": null,
            "gross_margin_4q_avg": 0,
            "net_income": null,
            "revenue": null,
            "common_shares": null,
            "book_valuer_per_share": null,
            "book_valuer_per_share_4q_avg": 0,
            "equity": null,
            "current_ratio": null,
            "debt_ratio": null,
            "inventory_turnover_ratio": null,
            "account_receivable_turnover_ratio": null,
            "reinvestment_rate": null,
            "research_to_sale_ratio": null,
            "price_fair": 0,
            "eps_avg_yearly": 0,
            "eps_latest_yearly": 0,
            "eps_growth_yearly": 0
        },
        "20121": {
            "year_quarter": 20121,
            "year": 2012,
            "quarter": 1,
            "eps": null,
            "eps_growth_year": null,
            "eps_4q": null,
            "eps_4q_growth_year": null,
            "roe": null,
            "roe_4q": 0,
            "gross_profit": null,
            "gross_margin": null,
            "gross_margin_4q_avg": 0,
            "net_income": null,
            "revenue": null,
            "common_shares": null,
            "book_valuer_per_share": null,
            "book_valuer_per_share_4q_avg": 0,
            "equity": null,
            "current_ratio": null,
            "debt_ratio": null,
            "inventory_turnover_ratio": null,
            "account_receivable_turnover_ratio": null,
            "reinvestment_rate": null,
            "research_to_sale_ratio": null,
            "price_fair": 0,
            "eps_avg_yearly": 0,
            "eps_latest_yearly": 0,
            "eps_growth_yearly": 0
        },
        "20122": {
            "year_quarter": 20122,
            "year": 2012,
            "quarter": 2,
            "eps": null,
            "eps_growth_year": null,
            "eps_4q": null,
            "eps_4q_growth_year": null,
            "roe": null,
            "roe_4q": 0,
            "gross_profit": null,
            "gross_margin": null,
            "gross_margin_4q_avg": 0,
            "net_income": null,
            "revenue": null,
            "common_shares": null,
            "book_valuer_per_share": null,
            "book_valuer_per_share_4q_avg": 0,
            "equity": null,
            "current_ratio": null,
            "debt_ratio": null,
            "inventory_turnover_ratio": null,
            "account_receivable_turnover_ratio": null,
            "reinvestment_rate": null,
            "research_to_sale_ratio": null,
            "price_fair": 0,
            "eps_avg_yearly": 0,
            "eps_latest_yearly": 0,
            "eps_growth_yearly": 0
        },
        "20123": {
            "year_quarter": 20123,
            "year": 2012,
            "quarter": 3,
            "eps": null,
            "eps_growth_year": null,
            "eps_4q": null,
            "eps_4q_growth_year": null,
            "roe": null,
            "roe_4q": 0,
            "gross_profit": null,
            "gross_margin": null,
            "gross_margin_4q_avg": 0,
            "net_income": null,
            "revenue": null,
            "common_shares": null,
            "book_valuer_per_share": null,
            "book_valuer_per_share_4q_avg": 0,
            "equity": null,
            "current_ratio": null,
            "debt_ratio": null,
            "inventory_turnover_ratio": null,
            "account_receivable_turnover_ratio": null,
            "reinvestment_rate": null,
            "research_to_sale_ratio": null,
            "price_fair": 0,
            "eps_avg_yearly": 0,
            "eps_latest_yearly": 0,
            "eps_growth_yearly": 0
        },
        "20124": {
            "year_quarter": 20124,
            "year": 2012,
            "quarter": 4,
            "eps": null,
            "eps_growth_year": null,
            "eps_4q": null,
            "eps_4q_growth_year": null,
            "roe": null,
            "roe_4q": 0,
            "gross_profit": null,
            "gross_margin": null,
            "gross_margin_4q_avg": 0,
            "net_income": null,
            "revenue": null,
            "common_shares": 440000,
            "book_valuer_per_share": null,
            "book_valuer_per_share_4q_avg": 0,
            "equity": 785520,
            "current_ratio": null,
            "debt_ratio": null,
            "inventory_turnover_ratio": null,
            "account_receivable_turnover_ratio": null,
            "reinvestment_rate": null,
            "research_to_sale_ratio": null,
            "price_fair": 0,
            "eps_avg_yearly": 0,
            "eps_latest_yearly": 0,
            "eps_growth_yearly": 0
        },
        "20131": {
            "year_quarter": 20131,
            "year": 2013,
            "quarter": 1,
            "eps": null,
            "eps_growth_year": null,
            "eps_4q": null,
            "eps_4q_growth_year": null,
            "roe": null,
            "roe_4q": 0,
            "gross_profit": null,
            "gross_margin": null,
            "gross_margin_4q_avg": 0,
            "net_income": null,
            "revenue": null,
            "common_shares": null,
            "book_valuer_per_share": null,
            "book_valuer_per_share_4q_avg": 0,
            "equity": null,
            "current_ratio": null,
            "debt_ratio": null,
            "inventory_turnover_ratio": null,
            "account_receivable_turnover_ratio": null,
            "reinvestment_rate": null,
            "research_to_sale_ratio": null,
            "price_fair": 0,
            "eps_avg_yearly": 0,
            "eps_latest_yearly": 0,
            "eps_growth_yearly": 0
        },
        "20132": {
            "year_quarter": 20132,
            "year": 2013,
            "quarter": 2,
            "eps": null,
            "eps_growth_year": null,
            "eps_4q": null,
            "eps_4q_growth_year": null,
            "roe": null,
            "roe_4q": 0,
            "gross_profit": null,
            "gross_margin": null,
            "gross_margin_4q_avg": 0,
            "net_income": null,
            "revenue": null,
            "common_shares": 440000,
            "book_valuer_per_share": null,
            "book_valuer_per_share_4q_avg": 0,
            "equity": 808463,
            "current_ratio": null,
            "debt_ratio": null,
            "inventory_turnover_ratio": null,
            "account_receivable_turnover_ratio": null,
            "reinvestment_rate": null,
            "research_to_sale_ratio": null,
            "price_fair": 0,
            "eps_avg_yearly": 0,
            "eps_latest_yearly": 0,
            "eps_growth_yearly": 0
        },
        "20133": {
            "year_quarter": 20133,
            "year": 2013,
            "quarter": 3,
            "eps": null,
            "eps_growth_year": null,
            "eps_4q": null,
            "eps_4q_growth_year": null,
            "roe": null,
            "roe_4q": 0,
            "gross_profit": 162344,
            "gross_margin": null,
            "gross_margin_4q_avg": 0,
            "net_income": 63928,
            "revenue": 606173,
            "common_shares": 440000,
            "book_valuer_per_share": null,
            "book_valuer_per_share_4q_avg": 0,
            "equity": 866407,
            "current_ratio": null,
            "debt_ratio": null,
            "inventory_turnover_ratio": null,
            "account_receivable_turnover_ratio": null,
            "reinvestment_rate": null,
            "research_to_sale_ratio": null,
            "price_fair": 0,
            "eps_avg_yearly": 0,
            "eps_latest_yearly": 0,
            "eps_growth_yearly": 0
        },
        "20134": {
            "year_quarter": 20134,
            "year": 2013,
            "quarter": 4,
            "eps": null,
            "eps_growth_year": null,
            "eps_4q": null,
            "eps_4q_growth_year": null,
            "roe": null,
            "roe_4q": 0,
            "gross_profit": 155776,
            "gross_margin": null,
            "gross_margin_4q_avg": 0,
            "net_income": 28764,
            "revenue": 448367,
            "common_shares": 440000,
            "book_valuer_per_share": 20.43,
            "book_valuer_per_share_4q_avg": 5.11,
            "equity": 899099,
            "current_ratio": 164.25,
            "debt_ratio": 55.35,
            "inventory_turnover_ratio": null,
            "account_receivable_turnover_ratio": null,
            "reinvestment_rate": null,
            "research_to_sale_ratio": null,
            "price_fair": 0,
            "eps_avg_yearly": 0,
            "eps_latest_yearly": 0,
            "eps_growth_yearly": 0
        },
        "20141": {
            "year_quarter": 20141,
            "year": 2014,
            "quarter": 1,
            "eps": null,
            "eps_growth_year": null,
            "eps_4q": null,
            "eps_4q_growth_year": null,
            "roe": null,
            "roe_4q": 0,
            "gross_profit": null,
            "gross_margin": null,
            "gross_margin_4q_avg": 0,
            "net_income": null,
            "revenue": null,
            "common_shares": null,
            "book_valuer_per_share": null,
            "book_valuer_per_share_4q_avg": 5.11,
            "equity": null,
            "current_ratio": null,
            "debt_ratio": null,
            "inventory_turnover_ratio": null,
            "account_receivable_turnover_ratio": null,
            "reinvestment_rate": null,
            "research_to_sale_ratio": null,
            "price_fair": 0,
            "eps_avg_yearly": 0,
            "eps_latest_yearly": 0,
            "eps_growth_yearly": 0
        },
        "20142": {
            "year_quarter": 20142,
            "year": 2014,
            "quarter": 2,
            "eps": null,
            "eps_growth_year": null,
            "eps_4q": null,
            "eps_4q_growth_year": null,
            "roe": null,
            "roe_4q": 0,
            "gross_profit": null,
            "gross_margin": null,
            "gross_margin_4q_avg": 0,
            "net_income": null,
            "revenue": null,
            "common_shares": 440000,
            "book_valuer_per_share": 17.31,
            "book_valuer_per_share_4q_avg": 9.44,
            "equity": 761557,
            "current_ratio": 133.86,
            "debt_ratio": 69.1,
            "inventory_turnover_ratio": null,
            "account_receivable_turnover_ratio": null,
            "reinvestment_rate": null,
            "research_to_sale_ratio": null,
            "price_fair": 0,
            "eps_avg_yearly": 0,
            "eps_latest_yearly": 0,
            "eps_growth_yearly": 0
        },
        "20143": {
            "year_quarter": 20143,
            "year": 2014,
            "quarter": 3,
            "eps": 1.29,
            "eps_growth_year": null,
            "eps_4q": null,
            "eps_4q_growth_year": null,
            "roe": 7.15,
            "roe_4q": 7.15,
            "gross_profit": 185604,
            "gross_margin": 33.54,
            "gross_margin_4q_avg": 8.39,
            "net_income": 56688,
            "revenue": 553407,
            "common_shares": 440000,
            "book_valuer_per_share": 18.72,
            "book_valuer_per_share_4q_avg": 14.12,
            "equity": 823734,
            "current_ratio": 143.07,
            "debt_ratio": 64.85,
            "inventory_turnover_ratio": 0.7,
            "account_receivable_turnover_ratio": 0.59,
            "reinvestment_rate": null,
            "research_to_sale_ratio": 5.27,
            "price_fair": 0,
            "eps_avg_yearly": 0,
            "eps_latest_yearly": 0,
            "eps_growth_yearly": 0
        },
        "20144": {
            "year_quarter": 20144,
            "year": 2014,
            "quarter": 4,
            "eps": 0.96,
            "eps_growth_year": null,
            "eps_4q": null,
            "eps_4q_growth_year": null,
            "roe": 4.94,
            "roe_4q": 12.09,
            "gross_profit": 164519,
            "gross_margin": 30.65,
            "gross_margin_4q_avg": 16.05,
            "net_income": 42056,
            "revenue": 536737,
            "common_shares": 440000,
            "book_valuer_per_share": 19.97,
            "book_valuer_per_share_4q_avg": 14,
            "equity": 878865,
            "current_ratio": 152.89,
            "debt_ratio": 59.5,
            "inventory_turnover_ratio": 0.67,
            "account_receivable_turnover_ratio": 0.6,
            "reinvestment_rate": null,
            "research_to_sale_ratio": 5.24,
            "price_fair": 11.52,
            "eps_avg_yearly": 3.84,
            "eps_latest_yearly": 3.84,
            "eps_growth_yearly": -102.33
        },
        "20151": {
            "year_quarter": 20151,
            "year": 2015,
            "quarter": 1,
            "eps": null,
            "eps_growth_year": null,
            "eps_4q": null,
            "eps_4q_growth_year": null,
            "roe": null,
            "roe_4q": 12.09,
            "gross_profit": null,
            "gross_margin": null,
            "gross_margin_4q_avg": 16.05,
            "net_income": null,
            "revenue": null,
            "common_shares": null,
            "book_valuer_per_share": null,
            "book_valuer_per_share_4q_avg": 14,
            "equity": null,
            "current_ratio": null,
            "debt_ratio": null,
            "inventory_turnover_ratio": null,
            "account_receivable_turnover_ratio": null,
            "reinvestment_rate": null,
            "research_to_sale_ratio": null,
            "price_fair": 11.52,
            "eps_avg_yearly": 3.84,
            "eps_latest_yearly": 3.84,
            "eps_growth_yearly": -102.33
        },
        "20152": {
            "year_quarter": 20152,
            "year": 2015,
            "quarter": 2,
            "eps": null,
            "eps_growth_year": null,
            "eps_4q": null,
            "eps_4q_growth_year": null,
            "roe": null,
            "roe_4q": 12.09,
            "gross_profit": null,
            "gross_margin": null,
            "gross_margin_4q_avg": 16.05,
            "net_income": null,
            "revenue": null,
            "common_shares": 440000,
            "book_valuer_per_share": 19.95,
            "book_valuer_per_share_4q_avg": 14.66,
            "equity": 877610,
            "current_ratio": 145.77,
            "debt_ratio": 62.96,
            "inventory_turnover_ratio": null,
            "account_receivable_turnover_ratio": null,
            "reinvestment_rate": null,
            "research_to_sale_ratio": null,
            "price_fair": 11.52,
            "eps_avg_yearly": 3.84,
            "eps_latest_yearly": 3.84,
            "eps_growth_yearly": -102.33
        },
        "20153": {
            "year_quarter": 20153,
            "year": 2015,
            "quarter": 3,
            "eps": null,
            "eps_growth_year": null,
            "eps_4q": null,
            "eps_4q_growth_year": null,
            "roe": null,
            "roe_4q": 4.94,
            "gross_profit": 246741,
            "gross_margin": null,
            "gross_margin_4q_avg": 7.66,
            "net_income": 91311,
            "revenue": 639546,
            "common_shares": 462000,
            "book_valuer_per_share": null,
            "book_valuer_per_share_4q_avg": 9.98,
            "equity": 977354,
            "current_ratio": null,
            "debt_ratio": null,
            "inventory_turnover_ratio": null,
            "account_receivable_turnover_ratio": null,
            "reinvestment_rate": null,
            "research_to_sale_ratio": null,
            "price_fair": 11.52,
            "eps_avg_yearly": 3.84,
            "eps_latest_yearly": 3.84,
            "eps_growth_yearly": -102.33
        },
        "20154": {
            "year_quarter": 20154,
            "year": 2015,
            "quarter": 4,
            "eps": null,
            "eps_growth_year": null,
            "eps_4q": null,
            "eps_4q_growth_year": null,
            "roe": null,
            "roe_4q": 0,
            "gross_profit": 105698,
            "gross_margin": null,
            "gross_margin_4q_avg": 0,
            "net_income": 22483,
            "revenue": 436637,
            "common_shares": 462000,
            "book_valuer_per_share": 21.37,
            "book_valuer_per_share_4q_avg": 10.33,
            "equity": 987485,
            "current_ratio": 172.1,
            "debt_ratio": 53.61,
            "inventory_turnover_ratio": null,
            "account_receivable_turnover_ratio": null,
            "reinvestment_rate": null,
            "research_to_sale_ratio": null,
            "price_fair": 11.52,
            "eps_avg_yearly": 3.84,
            "eps_latest_yearly": 3.84,
            "eps_growth_yearly": -102.33
        },
        "20161": {
            "year_quarter": 20161,
            "year": 2016,
            "quarter": 1,
            "eps": null,
            "eps_growth_year": null,
            "eps_4q": null,
            "eps_4q_growth_year": null,
            "roe": null,
            "roe_4q": 0,
            "gross_profit": null,
            "gross_margin": null,
            "gross_margin_4q_avg": 0,
            "net_income": null,
            "revenue": null,
            "common_shares": null,
            "book_valuer_per_share": null,
            "book_valuer_per_share_4q_avg": 10.33,
            "equity": null,
            "current_ratio": null,
            "debt_ratio": null,
            "inventory_turnover_ratio": null,
            "account_receivable_turnover_ratio": null,
            "reinvestment_rate": null,
            "research_to_sale_ratio": null,
            "price_fair": 11.52,
            "eps_avg_yearly": 3.84,
            "eps_latest_yearly": 3.84,
            "eps_growth_yearly": -102.33
        },
        "20162": {
            "year_quarter": 20162,
            "year": 2016,
            "quarter": 2,
            "eps": null,
            "eps_growth_year": null,
            "eps_4q": null,
            "eps_4q_growth_year": null,
            "roe": null,
            "roe_4q": 0,
            "gross_profit": null,
            "gross_margin": null,
            "gross_margin_4q_avg": 0,
            "net_income": null,
            "revenue": null,
            "common_shares": 462000,
            "book_valuer_per_share": 19.37,
            "book_valuer_per_share_4q_avg": 10.19,
            "equity": 894806,
            "current_ratio": 152.79,
            "debt_ratio": 61.1,
            "inventory_turnover_ratio": null,
            "account_receivable_turnover_ratio": null,
            "reinvestment_rate": null,
            "research_to_sale_ratio": null,
            "price_fair": 11.52,
            "eps_avg_yearly": 3.84,
            "eps_latest_yearly": 3.84,
            "eps_growth_yearly": -102.33
        },
        "20163": {
            "year_quarter": 20163,
            "year": 2016,
            "quarter": 3,
            "eps": 0.64,
            "eps_growth_year": null,
            "eps_4q": null,
            "eps_4q_growth_year": null,
            "roe": 3.26,
            "roe_4q": 3.26,
            "gross_profit": 159920,
            "gross_margin": 29.45,
            "gross_margin_4q_avg": 7.36,
            "net_income": 29407,
            "revenue": 543065,
            "common_shares": 462000,
            "book_valuer_per_share": 19.73,
            "book_valuer_per_share_4q_avg": 15.12,
            "equity": 911444,
            "current_ratio": 163.38,
            "debt_ratio": 57.35,
            "inventory_turnover_ratio": 0.7,
            "account_receivable_turnover_ratio": 0.58,
            "reinvestment_rate": null,
            "research_to_sale_ratio": 6.67,
            "price_fair": 11.52,
            "eps_avg_yearly": 3.84,
            "eps_latest_yearly": 3.84,
            "eps_growth_yearly": -102.33
        },
        "20164": {
            "year_quarter": 20164,
            "year": 2016,
            "quarter": 4,
            "eps": 0.04,
            "eps_growth_year": null,
            "eps_4q": null,
            "eps_4q_growth_year": null,
            "roe": 0.21,
            "roe_4q": 3.4699999999999998,
            "gross_profit": 116345,
            "gross_margin": 22.19,
            "gross_margin_4q_avg": 12.91,
            "net_income": 1911,
            "revenue": 524376,
            "common_shares": 462000,
            "book_valuer_per_share": 19.65,
            "book_valuer_per_share_4q_avg": 14.69,
            "equity": 908045,
            "current_ratio": 151.46,
            "debt_ratio": 62.06,
            "inventory_turnover_ratio": 0.68,
            "account_receivable_turnover_ratio": 0.58,
            "reinvestment_rate": null,
            "research_to_sale_ratio": 8.7,
            "price_fair": 6,
            "eps_avg_yearly": 2,
            "eps_latest_yearly": 0.16,
            "eps_growth_yearly": -238.66
        },
        "20171": {
            "year_quarter": 20171,
            "year": 2017,
            "quarter": 1,
            "eps": 1.1,
            "eps_growth_year": null,
            "eps_4q": null,
            "eps_4q_growth_year": null,
            "roe": 5.49,
            "roe_4q": 8.96,
            "gross_profit": 189482,
            "gross_margin": 32.53,
            "gross_margin_4q_avg": 21.04,
            "net_income": 50694,
            "revenue": 582488,
            "common_shares": 462000,
            "book_valuer_per_share": 20.33,
            "book_valuer_per_share_4q_avg": 19.77,
            "equity": 939212,
            "current_ratio": 146.27,
            "debt_ratio": 65.05,
            "inventory_turnover_ratio": 0.5,
            "account_receivable_turnover_ratio": 0.65,
            "reinvestment_rate": null,
            "research_to_sale_ratio": 6.89,
            "price_fair": 98,
            "eps_avg_yearly": 2.8,
            "eps_latest_yearly": 4.4,
            "eps_growth_yearly": 3374.22
        },
        "20172": {
            "year_quarter": 20172,
            "year": 2017,
            "quarter": 2,
            "eps": 1.9,
            "eps_growth_year": null,
            "eps_4q": 3.4,
            "eps_4q_growth_year": null,
            "roe": 8.88,
            "roe_4q": 17.840000000000003,
            "gross_profit": 250826,
            "gross_margin": 30.58,
            "gross_margin_4q_avg": 28.69,
            "net_income": 97612,
            "revenue": 820126,
            "common_shares": 528000,
            "book_valuer_per_share": 23.84,
            "book_valuer_per_share_4q_avg": 20.89,
            "equity": 1258559,
            "current_ratio": 149.88,
            "debt_ratio": 64.25,
            "inventory_turnover_ratio": 0.58,
            "account_receivable_turnover_ratio": 0.78,
            "reinvestment_rate": null,
            "research_to_sale_ratio": 5.73,
            "price_fair": 140,
            "eps_avg_yearly": 4,
            "eps_latest_yearly": 7.6,
            "eps_growth_yearly": 2603.4
        },
        "20173": {
            "year_quarter": 20173,
            "year": 2017,
            "quarter": 3,
            "eps": 1.98,
            "eps_growth_year": 209.38,
            "eps_4q": 4.82,
            "eps_4q_growth_year": null,
            "roe": 7.94,
            "roe_4q": 22.520000000000003,
            "gross_profit": 253714,
            "gross_margin": 26.01,
            "gross_margin_4q_avg": 27.83,
            "net_income": 104344,
            "revenue": 975611,
            "common_shares": 528000,
            "book_valuer_per_share": 25.94,
            "book_valuer_per_share_4q_avg": 22.44,
            "equity": 1369421,
            "current_ratio": 156.9,
            "debt_ratio": 60.93,
            "inventory_turnover_ratio": 0.68,
            "account_receivable_turnover_ratio": 0.71,
            "reinvestment_rate": null,
            "research_to_sale_ratio": 4.11,
            "price_fair": 167.44,
            "eps_avg_yearly": 4.78,
            "eps_latest_yearly": 7.92,
            "eps_growth_yearly": 2086.09
        },
        "20174": {
            "year_quarter": 20174,
            "year": 2017,
            "quarter": 4,
            "eps": 0.93,
            "eps_growth_year": 2150.34,
            "eps_4q": 5.41,
            "eps_4q_growth_year": null,
            "roe": 3.71,
            "roe_4q": 26.020000000000003,
            "gross_profit": 225906,
            "gross_margin": 25.01,
            "gross_margin_4q_avg": 28.53,
            "net_income": 52488,
            "revenue": 903214,
            "common_shares": 528000,
            "book_valuer_per_share": 27.61,
            "book_valuer_per_share_4q_avg": 24.43,
            "equity": 1458752,
            "current_ratio": 161.01,
            "debt_ratio": 58.76,
            "inventory_turnover_ratio": 0.66,
            "account_receivable_turnover_ratio": 0.59,
            "reinvestment_rate": null,
            "research_to_sale_ratio": 7.27,
            "price_fair": 161.23,
            "eps_avg_yearly": 4.61,
            "eps_latest_yearly": 3.72,
            "eps_growth_yearly": 1703.05
        },
        "20181": {
            "year_quarter": 20181,
            "year": 2018,
            "quarter": 1,
            "eps": 0.61,
            "eps_growth_year": -44.55,
            "eps_4q": 5,
            "eps_4q_growth_year": null,
            "roe": 2.1,
            "roe_4q": 22.630000000000003,
            "gross_profit": 225908,
            "gross_margin": 27.57,
            "gross_margin_4q_avg": 27.29,
            "net_income": 34446,
            "revenue": 819458,
            "common_shares": 578000,
            "book_valuer_per_share": 31.53,
            "book_valuer_per_share_4q_avg": 27.23,
            "equity": 1822335,
            "current_ratio": 170.34,
            "debt_ratio": 56.33,
            "inventory_turnover_ratio": 0.52,
            "account_receivable_turnover_ratio": 0.51,
            "reinvestment_rate": null,
            "research_to_sale_ratio": 6.27,
            "price_fair": 150.4,
            "eps_avg_yearly": 4.3,
            "eps_latest_yearly": 2.44,
            "eps_growth_yearly": 1440.1
        },
        "20182": {
            "year_quarter": 20182,
            "year": 2018,
            "quarter": 2,
            "eps": 1.25,
            "eps_growth_year": -34.21,
            "eps_4q": 4.56,
            "eps_4q_growth_year": 34.02,
            "roe": 4.15,
            "roe_4q": 17.900000000000002,
            "gross_profit": 219551,
            "gross_margin": 22.04,
            "gross_margin_4q_avg": 25.16,
            "net_income": 72252,
            "revenue": 996041,
            "common_shares": 578000,
            "book_valuer_per_share": 28.68,
            "book_valuer_per_share_4q_avg": 28.44,
            "equity": 1657595,
            "current_ratio": 150.67,
            "debt_ratio": 62.83,
            "inventory_turnover_ratio": 0.6,
            "account_receivable_turnover_ratio": 0.56,
            "reinvestment_rate": null,
            "research_to_sale_ratio": 6.04,
            "price_fair": 153.48,
            "eps_avg_yearly": 4.39,
            "eps_latest_yearly": 5,
            "eps_growth_yearly": 1312.54
        },
        "20183": {
            "year_quarter": 20183,
            "year": 2018,
            "quarter": 3,
            "eps": 1.52,
            "eps_growth_year": -23.23,
            "eps_4q": 4.27,
            "eps_4q_growth_year": -11.36,
            "roe": 5.19,
            "roe_4q": 15.149999999999999,
            "gross_profit": 228172,
            "gross_margin": 22.03,
            "gross_margin_4q_avg": 24.16,
            "net_income": 87822,
            "revenue": 1035949,
            "common_shares": 578000,
            "book_valuer_per_share": 29.91,
            "book_valuer_per_share_4q_avg": 29.43,
            "equity": 1728617,
            "current_ratio": 161.6,
            "debt_ratio": 59.34,
            "inventory_turnover_ratio": 0.68,
            "account_receivable_turnover_ratio": 0.56,
            "reinvestment_rate": null,
            "research_to_sale_ratio": 5.88,
            "price_fair": 160.07,
            "eps_avg_yearly": 4.57,
            "eps_latest_yearly": 6.08,
            "eps_growth_yearly": 1176.3
        },
        "20184": {
            "year_quarter": 20184,
            "year": 2018,
            "quarter": 4,
            "eps": 0.66,
            "eps_growth_year": -29.58,
            "eps_4q": 4.02,
            "eps_4q_growth_year": -25.7,
            "roe": 2.17,
            "roe_4q": 13.610000000000001,
            "gross_profit": 243407,
            "gross_margin": 26.99,
            "gross_margin_4q_avg": 24.66,
            "net_income": 37888,
            "revenue": 901939,
            "common_shares": 578000,
            "book_valuer_per_share": 30.64,
            "book_valuer_per_share_4q_avg": 30.19,
            "equity": 1771253,
            "current_ratio": 172.27,
            "debt_ratio": 53.83,
            "inventory_turnover_ratio": 0.66,
            "account_receivable_turnover_ratio": 0.51,
            "reinvestment_rate": null,
            "research_to_sale_ratio": 7,
            "price_fair": 155.4,
            "eps_avg_yearly": 4.44,
            "eps_latest_yearly": 2.64,
            "eps_growth_yearly": 1162.53
        },
        "20191": {
            "year_quarter": 20191,
            "year": 2019,
            "quarter": 1,
            "eps": 0.62,
            "eps_growth_year": 1.64,
            "eps_4q": 4.04,
            "eps_4q_growth_year": -19.16,
            "roe": 1.98,
            "roe_4q": 13.49,
            "gross_profit": 221176,
            "gross_margin": 27.78,
            "gross_margin_4q_avg": 24.71,
            "net_income": 35583,
            "revenue": 796228,
            "common_shares": 578000,
            "book_valuer_per_share": 31.45,
            "book_valuer_per_share_4q_avg": 30.17,
            "equity": 1818045,
            "current_ratio": 175.22,
            "debt_ratio": 55.76,
            "inventory_turnover_ratio": 0.64,
            "account_receivable_turnover_ratio": 0.5,
            "reinvestment_rate": null,
            "research_to_sale_ratio": 8.19,
            "price_fair": 148.54,
            "eps_avg_yearly": 4.24,
            "eps_latest_yearly": 2.48,
            "eps_growth_yearly": 1043.85
        },
        "20192": {
            "year_quarter": 20192,
            "year": 2019,
            "quarter": 2,
            "eps": 0.66,
            "eps_growth_year": -47.2,
            "eps_4q": 3.45,
            "eps_4q_growth_year": -24.3,
            "roe": 2.17,
            "roe_4q": 11.510000000000002,
            "gross_profit": 255896,
            "gross_margin": 28.96,
            "gross_margin_4q_avg": 26.44,
            "net_income": 38195,
            "revenue": 883684,
            "common_shares": 578000,
            "book_valuer_per_share": 29.33,
            "book_valuer_per_share_4q_avg": 30.33,
            "equity": 1695167,
            "current_ratio": 171.43,
            "debt_ratio": 60.09,
            "inventory_turnover_ratio": 0.76,
            "account_receivable_turnover_ratio": 0.56,
            "reinvestment_rate": null,
            "research_to_sale_ratio": 6.53,
            "price_fair": 143.44,
            "eps_avg_yearly": 4.1,
            "eps_latest_yearly": 2.64,
            "eps_growth_yearly": 951.3
        },
        "20193": {
            "year_quarter": 20193,
            "year": 2019,
            "quarter": 3,
            "eps": -0.09,
            "eps_growth_year": -105.92,
            "eps_4q": 1.84,
            "eps_4q_growth_year": -56.97,
            "roe": -0.32,
            "roe_4q": 6,
            "gross_profit": 150719,
            "gross_margin": 19.87,
            "gross_margin_4q_avg": 25.9,
            "net_income": -5379,
            "revenue": 758597,
            "common_shares": 578000,
            "book_valuer_per_share": 28.75,
            "book_valuer_per_share_4q_avg": 30.04,
            "equity": 1661543,
            "current_ratio": 194.02,
            "debt_ratio": 54.33,
            "inventory_turnover_ratio": 0.94,
            "account_receivable_turnover_ratio": 0.49,
            "reinvestment_rate": null,
            "research_to_sale_ratio": 8.37,
            "price_fair": 143.44,
            "eps_avg_yearly": 4.1,
            "eps_latest_yearly": 2.64,
            "eps_growth_yearly": 951.3
        },
        "20194": {
            "year_quarter": 20194,
            "year": 2019,
            "quarter": 4,
            "eps": -0.01,
            "eps_growth_year": -101.55,
            "eps_4q": 1.17,
            "eps_4q_growth_year": -70.82,
            "roe": -0.04,
            "roe_4q": 3.79,
            "gross_profit": 128176,
            "gross_margin": 24.22,
            "gross_margin_4q_avg": 25.21,
            "net_income": -586,
            "revenue": 529219,
            "common_shares": 578000,
            "book_valuer_per_share": 28.73,
            "book_valuer_per_share_4q_avg": 29.57,
            "equity": 1660835,
            "current_ratio": 207.98,
            "debt_ratio": 53.72,
            "inventory_turnover_ratio": 0.75,
            "account_receivable_turnover_ratio": 0.39,
            "reinvestment_rate": null,
            "research_to_sale_ratio": 12.85,
            "price_fair": 143.44,
            "eps_avg_yearly": 4.1,
            "eps_latest_yearly": 2.64,
            "eps_growth_yearly": 951.3
        },
        "20201": {
            "year_quarter": 20201,
            "year": 2020,
            "quarter": 1,
            "eps": 0.57,
            "eps_growth_year": -8.06,
            "eps_4q": 1.09,
            "eps_4q_growth_year": -72.95,
            "roe": 1.96,
            "roe_4q": 3.7699999999999996,
            "gross_profit": 178874,
            "gross_margin": 27.65,
            "gross_margin_4q_avg": 25.18,
            "net_income": 33570,
            "revenue": 646883,
            "common_shares": 603000,
            "book_valuer_per_share": 29.28,
            "book_valuer_per_share_4q_avg": 29.02,
            "equity": 1762876,
            "current_ratio": 193.68,
            "debt_ratio": 53.55,
            "inventory_turnover_ratio": 0.77,
            "account_receivable_turnover_ratio": 0.53,
            "reinvestment_rate": null,
            "research_to_sale_ratio": 9.18,
            "price_fair": 143.44,
            "eps_avg_yearly": 4.1,
            "eps_latest_yearly": 2.64,
            "eps_growth_yearly": 951.3
        },
        "20202": {
            "year_quarter": 20202,
            "year": 2020,
            "quarter": 2,
            "eps": 2.03,
            "eps_growth_year": 207.58,
            "eps_4q": 2.5,
            "eps_4q_growth_year": -27.44,
            "roe": 6.73,
            "roe_4q": 8.330000000000002,
            "gross_profit": 306234,
            "gross_margin": 35.59,
            "gross_margin_4q_avg": 26.83,
            "net_income": 120909,
            "revenue": 860533,
            "common_shares": 603000,
            "book_valuer_per_share": 30.83,
            "book_valuer_per_share_4q_avg": 29.4,
            "equity": 1828302,
            "current_ratio": 188.88,
            "debt_ratio": 54.67,
            "inventory_turnover_ratio": 0.78,
            "account_receivable_turnover_ratio": 0.66,
            "reinvestment_rate": 65.69,
            "research_to_sale_ratio": 7.5,
            "price_fair": 155.17,
            "eps_avg_yearly": 4.43,
            "eps_latest_yearly": 8.12,
            "eps_growth_yearly": 957.41
        },
        "20203": {
            "year_quarter": 20203,
            "year": 2020,
            "quarter": 3,
            "eps": 1.4,
            "eps_growth_year": null,
            "eps_4q": 3.94,
            "eps_4q_growth_year": 114.18,
            "roe": 4.39,
            "roe_4q": 13.040000000000003,
            "gross_profit": 259056,
            "gross_margin": 28.89,
            "gross_margin_4q_avg": 29.09,
            "net_income": 83597,
            "revenue": 896825,
            "common_shares": 603000,
            "book_valuer_per_share": 32.89,
            "book_valuer_per_share_4q_avg": 30.43,
            "equity": 1983233,
            "current_ratio": 195.65,
            "debt_ratio": 53.48,
            "inventory_turnover_ratio": 0.78,
            "account_receivable_turnover_ratio": 0.69,
            "reinvestment_rate": 61.59,
            "research_to_sale_ratio": 6.6,
            "price_fair": 158.31,
            "eps_avg_yearly": 4.52,
            "eps_latest_yearly": 5.6,
            "eps_growth_yearly": 874.21
        },
        "20204": {
            "year_quarter": 20204,
            "year": 2020,
            "quarter": 4,
            "eps": 2.34,
            "eps_growth_year": null,
            "eps_4q": 6.29,
            "eps_4q_growth_year": 435.95,
            "roe": 6.84,
            "roe_4q": 19.92,
            "gross_profit": 311643,
            "gross_margin": 31.45,
            "gross_margin_4q_avg": 30.9,
            "net_income": 141186,
            "revenue": 990764,
            "common_shares": 603156,
            "book_valuer_per_share": 35.54,
            "book_valuer_per_share_4q_avg": 32.14,
            "equity": 2143910,
            "current_ratio": 159.57,
            "debt_ratio": 54.86,
            "inventory_turnover_ratio": 0.7,
            "account_receivable_turnover_ratio": 0.8,
            "reinvestment_rate": 52.88,
            "research_to_sale_ratio": 6.98,
            "price_fair": 183.08,
            "eps_avg_yearly": 5.23,
            "eps_latest_yearly": 9.36,
            "eps_growth_yearly": 923.72
        },
        "20211": {
            "year_quarter": 20211,
            "year": 2021,
            "quarter": 1,
            "eps": 2,
            "eps_growth_year": 250.88,
            "eps_4q": 7.64,
            "eps_4q_growth_year": 598.74,
            "roe": 5.78,
            "roe_4q": 23.740000000000002,
            "gross_profit": 330583,
            "gross_margin": 32.19,
            "gross_margin_4q_avg": 32.03,
            "net_income": 121055,
            "revenue": 1026910,
            "common_shares": 611187,
            "book_valuer_per_share": 33.5,
            "book_valuer_per_share_4q_avg": 33.19,
            "equity": 2047691,
            "current_ratio": 149.2,
            "debt_ratio": 58.59,
            "inventory_turnover_ratio": 0.6,
            "account_receivable_turnover_ratio": 0.83,
            "reinvestment_rate": 49.41,
            "research_to_sale_ratio": 7.21,
            "price_fair": 192.77,
            "eps_avg_yearly": 5.51,
            "eps_latest_yearly": 8,
            "eps_growth_yearly": 103.86
        },
        "20212": {
            "year_quarter": 20212,
            "year": 2021,
            "quarter": 2,
            "eps": 2.56,
            "eps_growth_year": 26.11,
            "eps_4q": 8.05,
            "eps_4q_growth_year": 221.45,
            "roe": 7.23,
            "roe_4q": 24.240000000000002,
            "gross_profit": 383444,
            "gross_margin": 31.44,
            "gross_margin_4q_avg": 30.99,
            "net_income": 157818,
            "revenue": 1219601,
            "common_shares": 625608,
            "book_valuer_per_share": 37.08,
            "book_valuer_per_share_4q_avg": 34.75,
            "equity": 2319579,
            "current_ratio": 156.04,
            "debt_ratio": 55.41,
            "inventory_turnover_ratio": 0.64,
            "account_receivable_turnover_ratio": 0.89,
            "reinvestment_rate": 44.86,
            "research_to_sale_ratio": 5.45,
            "price_fair": 199.88,
            "eps_avg_yearly": 5.71,
            "eps_latest_yearly": 10.24,
            "eps_growth_yearly": 90.1
        },
        "20213": {
            "year_quarter": 20213,
            "year": 2021,
            "quarter": 3,
            "eps": 2.85,
            "eps_growth_year": 103.57,
            "eps_4q": 8.78,
            "eps_4q_growth_year": 123.03,
            "roe": 6.95,
            "roe_4q": 26.8,
            "gross_profit": 454472,
            "gross_margin": 32.8,
            "gross_margin_4q_avg": 31.97,
            "net_income": 186220,
            "revenue": 1385526,
            "common_shares": 690198,
            "book_valuer_per_share": 44.05,
            "book_valuer_per_share_4q_avg": 37.54,
            "equity": 3040008,
            "current_ratio": 188.03,
            "debt_ratio": 47.58,
            "inventory_turnover_ratio": 0.7,
            "account_receivable_turnover_ratio": 1.09,
            "reinvestment_rate": 39.6,
            "research_to_sale_ratio": 5.39,
            "price_fair": 209.25,
            "eps_avg_yearly": 5.98,
            "eps_latest_yearly": 11.4,
            "eps_growth_yearly": 92.29
        },
        "20214": {
            "year_quarter": 20214,
            "year": 2021,
            "quarter": 4,
            "eps": 2.66,
            "eps_growth_year": 13.69,
            "eps_4q": 9.3,
            "eps_4q_growth_year": 47.83,
            "roe": 5.86,
            "roe_4q": 25.82,
            "gross_profit": 431311,
            "gross_margin": 33.87,
            "gross_margin_4q_avg": 32.58,
            "net_income": 186553,
            "revenue": 1273583,
            "common_shares": 692572,
            "book_valuer_per_share": 48.03,
            "book_valuer_per_share_4q_avg": 40.67,
            "equity": 3326281,
            "current_ratio": 187.25,
            "debt_ratio": 46.18,
            "inventory_turnover_ratio": 0.61,
            "account_receivable_turnover_ratio": 1.19,
            "reinvestment_rate": 34.45,
            "research_to_sale_ratio": 7.81,
            "price_fair": 227.88,
            "eps_avg_yearly": 6.51,
            "eps_latest_yearly": 10.64,
            "eps_growth_yearly": 106.55
        },
        "20221": {
            "year_quarter": 20221,
            "year": 2022,
            "quarter": 1,
            "eps": 2.21,
            "eps_growth_year": 10.5,
            "eps_4q": 9.58,
            "eps_4q_growth_year": 25.41,
            "roe": 4.72,
            "roe_4q": 24.76,
            "gross_profit": 397334,
            "gross_margin": 32.06,
            "gross_margin_4q_avg": 32.54,
            "net_income": 153502,
            "revenue": 1239526,
            "common_shares": 710750,
            "book_valuer_per_share": 44.72,
            "book_valuer_per_share_4q_avg": 43.47,
            "equity": 3178218,
            "current_ratio": 168.27,
            "debt_ratio": 51.37,
            "inventory_turnover_ratio": 0.53,
            "account_receivable_turnover_ratio": 1.13,
            "reinvestment_rate": 30.68,
            "research_to_sale_ratio": 6.45,
            "price_fair": 245.11,
            "eps_avg_yearly": 7,
            "eps_latest_yearly": 8.84,
            "eps_growth_yearly": 111.94
        },
        "20222": {
            "year_quarter": 20222,
            "year": 2022,
            "quarter": 2,
            "eps": 2.36,
            "eps_growth_year": -7.81,
            "eps_4q": 9.72,
            "eps_4q_growth_year": 20.69,
            "roe": 5.17,
            "roe_4q": 22.7,
            "gross_profit": 391635,
            "gross_margin": 27.06,
            "gross_margin_4q_avg": 31.45,
            "net_income": 167792,
            "revenue": 1447091,
            "common_shares": 714317,
            "book_valuer_per_share": 46.32,
            "book_valuer_per_share_4q_avg": 45.78,
            "equity": 3308566,
            "current_ratio": 133.87,
            "debt_ratio": 58.45,
            "inventory_turnover_ratio": 0.53,
            "account_receivable_turnover_ratio": 1.32,
            "reinvestment_rate": 89.93,
            "research_to_sale_ratio": 6.05,
            "price_fair": 257.06,
            "eps_avg_yearly": 7.34,
            "eps_latest_yearly": 9.44,
            "eps_growth_yearly": 81.74
        },
        "20223": {
            "year_quarter": 20223,
            "year": 2022,
            "quarter": 3,
            "eps": 3.2,
            "eps_growth_year": 12.28,
            "eps_4q": 10.31,
            "eps_4q_growth_year": 17.33,
            "roe": 6.62,
            "roe_4q": 22.369999999999997,
            "gross_profit": 478236,
            "gross_margin": 29.82,
            "gross_margin_4q_avg": 30.7,
            "net_income": 228362,
            "revenue": 1603742,
            "common_shares": 714317,
            "book_valuer_per_share": 49.64,
            "book_valuer_per_share_4q_avg": 47.18,
            "equity": 3594406,
            "current_ratio": 168.94,
            "debt_ratio": 55.58,
            "inventory_turnover_ratio": 0.5,
            "account_receivable_turnover_ratio": 1.32,
            "reinvestment_rate": 80.84,
            "research_to_sale_ratio": 5.75,
            "price_fair": 275.15,
            "eps_avg_yearly": 7.86,
            "eps_latest_yearly": 12.8,
            "eps_growth_yearly": 86.05
        },
        "20224": {
            "year_quarter": 20224,
            "year": 2022,
            "quarter": 4,
            "eps": 1.64,
            "eps_growth_year": -38.27,
            "eps_4q": 9.34,
            "eps_4q_growth_year": 0.45,
            "roe": 3.2,
            "roe_4q": 19.71,
            "gross_profit": 373861,
            "gross_margin": 25.41,
            "gross_margin_4q_avg": 28.59,
            "net_income": 116677,
            "revenue": 1471440,
            "common_shares": 714317,
            "book_valuer_per_share": 51.05,
            "book_valuer_per_share_4q_avg": 47.93,
            "equity": 3691688,
            "current_ratio": 177.13,
            "debt_ratio": 53.32,
            "inventory_turnover_ratio": 0.47,
            "account_receivable_turnover_ratio": 1.14,
            "reinvestment_rate": 74.5,
            "research_to_sale_ratio": 5.78,
            "price_fair": 285.71,
            "eps_avg_yearly": 8.16,
            "eps_latest_yearly": 6.56,
            "eps_growth_yearly": 88.46
        },
        "20231": {
            "year_quarter": 20231,
            "year": 2023,
            "quarter": 1,
            "eps": 2.64,
            "eps_growth_year": 19.46,
            "eps_4q": 9.83,
            "eps_4q_growth_year": 2.66,
            "roe": 5.28,
            "roe_4q": 20.270000000000003,
            "gross_profit": 432032,
            "gross_margin": 27.54,
            "gross_margin_4q_avg": 27.46,
            "net_income": 188718,
            "revenue": 1568491,
            "common_shares": 714317,
            "book_valuer_per_share": 47.82,
            "book_valuer_per_share_4q_avg": 48.71,
            "equity": 3459927,
            "current_ratio": 161.23,
            "debt_ratio": 56.99,
            "inventory_turnover_ratio": 0.49,
            "account_receivable_turnover_ratio": 1.31,
            "reinvestment_rate": 50.01,
            "research_to_sale_ratio": 5.21,
            "price_fair": 307.46,
            "eps_avg_yearly": 8.78,
            "eps_latest_yearly": 10.56,
            "eps_growth_yearly": 109.08
        }
    },
    "months": {
        "2013-11": {
            "month": "2013-11",
            "price": "50.65",
            "revenue": 119151
        },
        "2013-12": {
            "month": "2013-12",
            "price": "58.31",
            "revenue": 161521
        },
        "2014-01": {
            "month": "2014-01",
            "price": "63.26",
            "revenue": 253558
        },
        "2014-02": {
            "month": "2014-02",
            "price": "71.41",
            "revenue": 103957
        },
        "2014-03": {
            "month": "2014-03",
            "price": "75.72",
            "revenue": 120834
        },
        "2014-04": {
            "month": "2014-04",
            "price": "70.62",
            "revenue": 153010
        },
        "2014-05": {
            "month": "2014-05",
            "price": "67.63",
            "revenue": 189057
        },
        "2014-06": {
            "month": "2014-06",
            "price": "75.11",
            "revenue": 194627
        },
        "2014-07": {
            "month": "2014-07",
            "price": "75.26",
            "revenue": 211106
        },
        "2014-08": {
            "month": "2014-08",
            "price": "69.89",
            "revenue": 194079
        },
        "2014-09": {
            "month": "2014-09",
            "price": "68.92",
            "revenue": 169153
        },
        "2014-10": {
            "month": "2014-10",
            "price": "62.20",
            "revenue": 166661
        },
        "2014-11": {
            "month": "2014-11",
            "price": "61.42",
            "revenue": 146696
        },
        "2014-12": {
            "month": "2014-12",
            "price": "61.56",
            "revenue": 191908
        },
        "2015-01": {
            "month": "2015-01",
            "price": "62.49",
            "revenue": 266871
        },
        "2015-02": {
            "month": "2015-02",
            "price": "62.28",
            "revenue": 134964
        },
        "2015-03": {
            "month": "2015-03",
            "price": "59.12",
            "revenue": 200155
        },
        "2015-04": {
            "month": "2015-04",
            "price": "55.40",
            "revenue": 258016
        },
        "2015-05": {
            "month": "2015-05",
            "price": "59.41",
            "revenue": 252485
        },
        "2015-06": {
            "month": "2015-06",
            "price": "59.67",
            "revenue": 200482
        },
        "2015-07": {
            "month": "2015-07",
            "price": "55.28",
            "revenue": 205879
        },
        "2015-08": {
            "month": "2015-08",
            "price": "48.07",
            "revenue": 214810
        },
        "2015-09": {
            "month": "2015-09",
            "price": "46.17",
            "revenue": 200191
        },
        "2015-10": {
            "month": "2015-10",
            "price": "45.96",
            "revenue": 172452
        },
        "2015-11": {
            "month": "2015-11",
            "price": "46.31",
            "revenue": 154053
        },
        "2015-12": {
            "month": "2015-12",
            "price": "45.35",
            "revenue": 110173
        },
        "2016-01": {
            "month": "2016-01",
            "price": "42.44",
            "revenue": 174179
        },
        "2016-02": {
            "month": "2016-02",
            "price": "41.49",
            "revenue": 170252
        },
        "2016-03": {
            "month": "2016-03",
            "price": "44.20",
            "revenue": 212349
        },
        "2016-04": {
            "month": "2016-04",
            "price": "46.06",
            "revenue": 132759
        },
        "2016-05": {
            "month": "2016-05",
            "price": "42.96",
            "revenue": 170721
        },
        "2016-06": {
            "month": "2016-06",
            "price": "41.58",
            "revenue": 201010
        },
        "2016-07": {
            "month": "2016-07",
            "price": "42.75",
            "revenue": 206119
        },
        "2016-08": {
            "month": "2016-08",
            "price": "39.34",
            "revenue": 172656
        },
        "2016-09": {
            "month": "2016-09",
            "price": "40.26",
            "revenue": 174340
        },
        "2016-10": {
            "month": "2016-10",
            "price": "40.52",
            "revenue": 175048
        },
        "2016-11": {
            "month": "2016-11",
            "price": "43.31",
            "revenue": 119290
        },
        "2016-12": {
            "month": "2016-12",
            "price": "49.17",
            "revenue": 222238
        },
        "2017-01": {
            "month": "2017-01",
            "price": "52.00",
            "revenue": 158081
        },
        "2017-02": {
            "month": "2017-02",
            "price": "52.09",
            "revenue": 183268
        },
        "2017-03": {
            "month": "2017-03",
            "price": "54.91",
            "revenue": 244755
        },
        "2017-04": {
            "month": "2017-04",
            "price": "56.31",
            "revenue": 288783
        },
        "2017-05": {
            "month": "2017-05",
            "price": "67.02",
            "revenue": 261262
        },
        "2017-06": {
            "month": "2017-06",
            "price": "67.42",
            "revenue": 266668
        },
        "2017-07": {
            "month": "2017-07",
            "price": "66.84",
            "revenue": 303759
        },
        "2017-08": {
            "month": "2017-08",
            "price": "78.03",
            "revenue": 312704
        },
        "2017-09": {
            "month": "2017-09",
            "price": "79.47",
            "revenue": 349173
        },
        "2017-10": {
            "month": "2017-10",
            "price": "79.28",
            "revenue": 296678
        },
        "2017-11": {
            "month": "2017-11",
            "price": "79.66",
            "revenue": 266425
        },
        "2017-12": {
            "month": "2017-12",
            "price": "76.04",
            "revenue": 348596
        },
        "2018-01": {
            "month": "2018-01",
            "price": "80.94",
            "revenue": 282951
        },
        "2018-02": {
            "month": "2018-02",
            "price": "81.85",
            "revenue": 260451
        },
        "2018-03": {
            "month": "2018-03",
            "price": "82.18",
            "revenue": 280812
        },
        "2018-04": {
            "month": "2018-04",
            "price": "77.97",
            "revenue": 300039
        },
        "2018-05": {
            "month": "2018-05",
            "price": "69.52",
            "revenue": 318123
        },
        "2018-06": {
            "month": "2018-06",
            "price": "69.08",
            "revenue": 372766
        },
        "2018-07": {
            "month": "2018-07",
            "price": "62.95",
            "revenue": 364311
        },
        "2018-08": {
            "month": "2018-08",
            "price": "57.94",
            "revenue": 303079
        },
        "2018-09": {
            "month": "2018-09",
            "price": "47.87",
            "revenue": 368406
        },
        "2018-10": {
            "month": "2018-10",
            "price": "45.51",
            "revenue": 327961
        },
        "2018-11": {
            "month": "2018-11",
            "price": "48.23",
            "revenue": 300683
        },
        "2018-12": {
            "month": "2018-12",
            "price": "58.83",
            "revenue": 273290
        },
        "2019-01": {
            "month": "2019-01",
            "price": "64.03",
            "revenue": 268105
        },
        "2019-02": {
            "month": "2019-02",
            "price": "63.02",
            "revenue": 252798
        },
        "2019-03": {
            "month": "2019-03",
            "price": "63.08",
            "revenue": 274984
        },
        "2019-04": {
            "month": "2019-04",
            "price": "61.53",
            "revenue": 236401
        },
        "2019-05": {
            "month": "2019-05",
            "price": "51.62",
            "revenue": 262709
        },
        "2019-06": {
            "month": "2019-06",
            "price": "49.30",
            "revenue": 384966
        },
        "2019-07": {
            "month": "2019-07",
            "price": "51.49",
            "revenue": 381090
        },
        "2019-08": {
            "month": "2019-08",
            "price": "58.88",
            "revenue": 182306
        },
        "2019-09": {
            "month": "2019-09",
            "price": "60.46",
            "revenue": 193695
        },
        "2019-10": {
            "month": "2019-10",
            "price": "66.30",
            "revenue": 110622
        },
        "2019-11": {
            "month": "2019-11",
            "price": "73.71",
            "revenue": 187309
        },
        "2019-12": {
            "month": "2019-12",
            "price": "80.74",
            "revenue": 233800
        },
        "2020-01": {
            "month": "2020-01",
            "price": "76.21",
            "revenue": 177861
        },
        "2020-02": {
            "month": "2020-02",
            "price": "68.24",
            "revenue": 150176
        },
        "2020-03": {
            "month": "2020-03",
            "price": "48.92",
            "revenue": 318847
        },
        "2020-04": {
            "month": "2020-04",
            "price": "52.85",
            "revenue": 300501
        },
        "2020-05": {
            "month": "2020-05",
            "price": "60.64",
            "revenue": 297878
        },
        "2020-06": {
            "month": "2020-06",
            "price": "60.41",
            "revenue": 262153
        },
        "2020-07": {
            "month": "2020-07",
            "price": "68.51",
            "revenue": 232962
        },
        "2020-08": {
            "month": "2020-08",
            "price": "70.47",
            "revenue": 297430
        },
        "2020-09": {
            "month": "2020-09",
            "price": "69.71",
            "revenue": 366433
        },
        "2020-10": {
            "month": "2020-10",
            "price": "74.84",
            "revenue": 307027
        },
        "2020-11": {
            "month": "2020-11",
            "price": "80.06",
            "revenue": 359977
        },
        "2020-12": {
            "month": "2020-12",
            "price": "81.13",
            "revenue": 323760
        },
        "2021-01": {
            "month": "2021-01",
            "price": "84.03",
            "revenue": 344169
        },
        "2021-02": {
            "month": "2021-02",
            "price": "87.44",
            "revenue": 264469
        },
        "2021-03": {
            "month": "2021-03",
            "price": "94.06",
            "revenue": 418273
        },
        "2021-04": {
            "month": "2021-04",
            "price": "114.50",
            "revenue": 349823
        },
        "2021-05": {
            "month": "2021-05",
            "price": "93.35",
            "revenue": 380486
        },
        "2021-06": {
            "month": "2021-06",
            "price": "99.00",
            "revenue": 489291
        },
        "2021-07": {
            "month": "2021-07",
            "price": "109.43",
            "revenue": 501989
        },
        "2021-08": {
            "month": "2021-08",
            "price": "113.66",
            "revenue": 420838
        },
        "2021-09": {
            "month": "2021-09",
            "price": "103.34",
            "revenue": 462699
        },
        "2021-10": {
            "month": "2021-10",
            "price": "98.76",
            "revenue": 428760
        },
        "2021-11": {
            "month": "2021-11",
            "price": "108.17",
            "revenue": 414858
        },
        "2021-12": {
            "month": "2021-12",
            "price": "108.75",
            "revenue": 429966
        },
        "2022-01": {
            "month": "2022-01",
            "price": "118.42",
            "revenue": 435310
        },
        "2022-02": {
            "month": "2022-02",
            "price": "117.53",
            "revenue": 344105
        },
        "2022-03": {
            "month": "2022-03",
            "price": "121.22",
            "revenue": 460111
        },
        "2022-04": {
            "month": "2022-04",
            "price": "113.58",
            "revenue": 416473
        },
        "2022-05": {
            "month": "2022-05",
            "price": "108.07",
            "revenue": 463869
        },
        "2022-06": {
            "month": "2022-06",
            "price": "96.82",
            "revenue": 566749
        },
        "2022-07": {
            "month": "2022-07",
            "price": "88.75",
            "revenue": 480168
        },
        "2022-08": {
            "month": "2022-08",
            "price": "90.71",
            "revenue": 547588
        },
        "2022-09": {
            "month": "2022-09",
            "price": "90.70",
            "revenue": 575986
        },
        "2022-10": {
            "month": "2022-10",
            "price": "82.06",
            "revenue": 466239
        },
        "2022-11": {
            "month": "2022-11",
            "price": "83.55",
            "revenue": 468597
        },
        "2022-12": {
            "month": "2022-12",
            "price": "87.89",
            "revenue": 536605
        },
        "2023-01": {
            "month": "2023-01",
            "price": "89.84",
            "revenue": 532206
        },
        "2023-02": {
            "month": "2023-02",
            "price": "97.27",
            "revenue": 523147
        },
        "2023-03": {
            "month": "2023-03",
            "price": "99.09",
            "revenue": 513138
        },
        "2023-04": {
            "month": "2023-04",
            "price": "109.09",
            "revenue": 573467
        },
        "2023-05": {
            "month": "2023-05",
            "price": "115.25",
            "revenue": 512432
        }
    }
}
