{
    "summary": {
        "stock_name": "廣錠",
        "stock_id": "6441",
        "category": "電腦及週邊設備",
        "main_business": "能源產品<br>工業電腦",
        "website_url": "http://www.ibasegaming.com",
        "ceo": "林建驊",
        "pe_ratio": -57,
        "report_year_from": 2013,
        "report_year_to": 2023,
        "age": 10,
        "eps_negative_percentage": 38,
        "eps_growth_avg": {
            "last_all": -40.34,
            "last_2y": -100,
            "last_4y": -87.12,
            "last_8y": null,
            "last_12y": null,
            "last_16y": null,
            "last_20y": null,
            "at_2006_last_3y": null,
            "at_2007_last_3y": null,
            "at_2008_last_3y": null,
            "at_2009_last_3y": null,
            "at_2010_last_3y": null,
            "at_2011_last_3y": null,
            "at_2012_last_3y": null,
            "at_2013_last_3y": null,
            "at_2014_last_3y": null,
            "at_2015_last_3y": null,
            "at_2016_last_3y": null,
            "at_2017_last_3y": null,
            "at_2018_last_3y": null,
            "at_2019_last_3y": null,
            "at_2020_last_3y": null,
            "at_2021_last_3y": -87.12,
            "at_2022_last_3y": -98.03,
            "at_2023_last_3y": -98.03,
            "at_2006_last_all": null,
            "at_2007_last_all": null,
            "at_2008_last_all": null,
            "at_2009_last_all": null,
            "at_2010_last_all": null,
            "at_2011_last_all": null,
            "at_2012_last_all": null,
            "at_2013_last_all": null,
            "at_2014_last_all": null,
            "at_2015_last_all": null,
            "at_2016_last_all": null,
            "at_2017_last_all": null,
            "at_2018_last_all": 17.35,
            "at_2019_last_all": -20.45,
            "at_2020_last_all": -40.34,
            "at_2021_last_all": -40.34,
            "at_2022_last_all": -40.34,
            "at_2023_last_all": -40.34
        },
        "latest_eps": -0.83,
        "latest_price": 47.4,
        "latest_roe": -3.48,
        "latest_gross_margin": 15.99,
        "latest_equity": 1445445,
        "latest_revenue": 202039,
        "latest_gross_profit": 32301,
        "latest_net_income": -36664,
        "latest_debt_ratio": 25.73,
        "latest_current_ratio": 419.59,
        "latest_account_receivable_turnover_ratio": 1.01,
        "latest_inventory_turnover_ratio": 0.54,
        "latest_reinvestment_rate": null,
        "latest_research_to_sale_ratio": 9.31
    },
    "eps_dividends": {
        "2001": {
            "cash": 0,
            "stock": 0,
            "eps": 0
        },
        "2002": {
            "cash": 0,
            "stock": 0,
            "eps": 0
        },
        "2003": {
            "cash": 0,
            "stock": 0,
            "eps": 0
        },
        "2004": {
            "cash": 0,
            "stock": 0,
            "eps": 0
        },
        "2005": {
            "cash": 0,
            "stock": 0,
            "eps": 0
        },
        "2006": {
            "cash": 0,
            "stock": 0,
            "eps": 0
        },
        "2007": {
            "cash": 0,
            "stock": 0,
            "eps": 0
        },
        "2008": {
            "cash": 0,
            "stock": 0,
            "eps": 0
        },
        "2009": {
            "cash": 0,
            "stock": 0,
            "eps": 0
        },
        "2010": {
            "cash": 0,
            "stock": 0,
            "eps": 0
        },
        "2011": {
            "cash": 0,
            "stock": 0,
            "eps": 0
        },
        "2012": {
            "cash": 0,
            "stock": 0,
            "eps": 0
        },
        "2013": {
            "cash": 0,
            "stock": 0,
            "eps": 0
        },
        "2014": {
            "cash": 3,
            "stock": 1,
            "eps": 0.79
        },
        "2015": {
            "cash": 2.5,
            "stock": 1,
            "eps": 0
        },
        "2016": {
            "cash": 2,
            "stock": 0,
            "eps": 0
        },
        "2017": {
            "cash": 3,
            "stock": 1,
            "eps": 5.85
        },
        "2018": {
            "cash": 4,
            "stock": 0.5,
            "eps": 2.03
        },
        "2019": {
            "cash": 2,
            "stock": 0,
            "eps": 0.08
        },
        "2020": {
            "cash": 0.1,
            "stock": 0.4,
            "eps": -1.11
        },
        "2021": {
            "cash": 0,
            "stock": 1,
            "eps": -3.1
        },
        "2022": {
            "cash": 0,
            "stock": 0,
            "eps": 0.02
        },
        "2023": {
            "cash": 0,
            "stock": 0,
            "eps": -1.26
        }
    },
    "dividends": {
        "2014-03-11": {
            "cash": 3,
            "stock": 1
        },
        "2015-08-06": {
            "cash": 2.5,
            "stock": 1
        },
        "2016-08-09": {
            "cash": 2,
            "stock": 0
        },
        "2017-08-07": {
            "cash": 3,
            "stock": 1
        },
        "2018-09-28": {
            "cash": 4,
            "stock": 0.5
        },
        "2019-09-25": {
            "cash": 2,
            "stock": 0
        },
        "2020-09-29": {
            "cash": 0.1,
            "stock": 0.4
        },
        "2021-02-23": {
            "cash": 0,
            "stock": 1
        }
    },
    "prices": {
        "200101": "無",
        "200102": "無",
        "200103": "無",
        "200104": "無",
        "200105": "無",
        "200106": "無",
        "200107": "無",
        "200108": "無",
        "200109": "無",
        "200110": "無",
        "200111": "無",
        "200112": "無",
        "200201": "無",
        "200202": "無",
        "200203": "無",
        "200204": "無",
        "200205": "無",
        "200206": "無",
        "200207": "無",
        "200208": "無",
        "200209": "無",
        "200210": "無",
        "200211": "無",
        "200212": "無",
        "200301": "無",
        "200302": "無",
        "200303": "無",
        "200304": "無",
        "200305": "無",
        "200306": "無",
        "200307": "無",
        "200308": "無",
        "200309": "無",
        "200310": "無",
        "200311": "無",
        "200312": "無",
        "200401": "無",
        "200402": "無",
        "200403": "無",
        "200404": "無",
        "200405": "無",
        "200406": "無",
        "200407": "無",
        "200408": "無",
        "200409": "無",
        "200410": "無",
        "200411": "無",
        "200412": "無",
        "200501": "無",
        "200502": "無",
        "200503": "無",
        "200504": "無",
        "200505": "無",
        "200506": "無",
        "200507": "無",
        "200508": "無",
        "200509": "無",
        "200510": "無",
        "200511": "無",
        "200512": "無",
        "200601": "無",
        "200602": "無",
        "200603": "無",
        "200604": "無",
        "200605": "無",
        "200606": "無",
        "200607": "無",
        "200608": "無",
        "200609": "無",
        "200610": "無",
        "200611": "無",
        "200612": "無",
        "200701": "無",
        "200702": "無",
        "200703": "無",
        "200704": "無",
        "200705": "無",
        "200706": "無",
        "200707": "無",
        "200708": "無",
        "200709": "無",
        "200710": "無",
        "200711": "無",
        "200712": "無",
        "200801": "無",
        "200802": "無",
        "200803": "無",
        "200804": "無",
        "200805": "無",
        "200806": "無",
        "200807": "無",
        "200808": "無",
        "200809": "無",
        "200810": "無",
        "200811": "無",
        "200812": "無",
        "200901": "無",
        "200902": "無",
        "200903": "無",
        "200904": "無",
        "200905": "無",
        "200906": "無",
        "200907": "無",
        "200908": "無",
        "200909": "無",
        "200910": "無",
        "200911": "無",
        "200912": "無",
        "201001": "無",
        "201002": "無",
        "201003": "無",
        "201004": "無",
        "201005": "無",
        "201006": "無",
        "201007": "無",
        "201008": "無",
        "201009": "無",
        "201010": "無",
        "201011": "無",
        "201012": "無",
        "201101": "無",
        "201102": "無",
        "201103": "無",
        "201104": "無",
        "201105": "無",
        "201106": "無",
        "201107": "無",
        "201108": "無",
        "201109": "無",
        "201110": "無",
        "201111": "無",
        "201112": "無",
        "201201": "無",
        "201202": "無",
        "201203": "無",
        "201204": "無",
        "201205": "無",
        "201206": "無",
        "201207": "無",
        "201208": "無",
        "201209": "無",
        "201210": "無",
        "201211": "無",
        "201212": "無",
        "201301": "無",
        "201302": "無",
        "201303": "無",
        "201304": "無",
        "201305": "無",
        "201306": "無",
        "201307": "無",
        "201308": "無",
        "201309": "無",
        "201310": "無",
        "201311": "無",
        "201312": "82.14",
        "201401": "96.46",
        "201402": "109.30",
        "201403": "136.48",
        "201404": "110.39",
        "201405": "112.29",
        "201406": "136.44",
        "201407": "139.32",
        "201408": "127.31",
        "201409": "120.24",
        "201410": "61.14",
        "201411": "52.05",
        "201412": "64.94",
        "201501": "60.17",
        "201502": "56.22",
        "201503": "60.59",
        "201504": "61.58",
        "201505": "59.81",
        "201506": "60.16",
        "201507": "56.83",
        "201508": "47.39",
        "201509": "41.67",
        "201510": "39.18",
        "201511": "36.70",
        "201512": "39.71",
        "201601": "38.68",
        "201602": "37.76",
        "201603": "36.90",
        "201604": "39.13",
        "201605": "41.29",
        "201606": "48.26",
        "201607": "49.99",
        "201608": "51.68",
        "201609": "58.64",
        "201610": "61.28",
        "201611": "55.62",
        "201612": "57.89",
        "201701": "61.86",
        "201702": "63.07",
        "201703": "67.84",
        "201704": "68.70",
        "201705": "69.80",
        "201706": "70.37",
        "201707": "72.26",
        "201708": "72.93",
        "201709": "71.26",
        "201710": "75.48",
        "201711": "75.77",
        "201712": "66.60",
        "201801": "66.90",
        "201802": "64.49",
        "201803": "63.98",
        "201804": "61.78",
        "201805": "58.98",
        "201806": "62.73",
        "201807": "63.36",
        "201808": "62.22",
        "201809": "53.52",
        "201810": "50.55",
        "201811": "49.43",
        "201812": "46.44",
        "201901": "43.31",
        "201902": "44.05",
        "201903": "43.32",
        "201904": "42.55",
        "201905": "40.72",
        "201906": "40.30",
        "201907": "39.27",
        "201908": "38.13",
        "201909": "37.33",
        "201910": "35.13",
        "201911": "38.65",
        "201912": "44.98",
        "202001": "50.45",
        "202002": "57.57",
        "202003": "61.15",
        "202004": "68.16",
        "202005": "84.28",
        "202006": "80.52",
        "202007": "85.81",
        "202008": "120.90",
        "202009": "120.11",
        "202010": "143.24",
        "202011": "152.64",
        "202012": "132.43",
        "202101": "136.12",
        "202102": "137.62",
        "202103": "132.86",
        "202104": "118.03",
        "202105": "87.34",
        "202106": "90.71",
        "202107": "77.63",
        "202108": "55.87",
        "202109": "42.68",
        "202110": "41.35",
        "202111": "58.20",
        "202112": "55.44",
        "202201": "51.49",
        "202202": "47.05",
        "202203": "45.30",
        "202204": "49.93",
        "202205": "46.67",
        "202206": "42.55",
        "202207": "40.67",
        "202208": "41.00",
        "202209": "43.64",
        "202210": "38.98",
        "202211": "40.43",
        "202212": "50.78",
        "202301": "52.83",
        "202302": "63.94",
        "202303": "60.80",
        "202304": "59.16",
        "202305": "59.37",
        "202306": "65.88",
        "202307": "59.80",
        "202308": "53.81",
        "202309": "53.30",
        "202310": "48.38"
    },
    "quarters": {
        "20011": {
            "year_quarter": 20011,
            "year": 2001,
            "quarter": 1,
            "eps": null,
            "eps_growth_year": null,
            "eps_4q": null,
            "eps_4q_growth_year": null,
            "roe": null,
            "roe_4q": 0,
            "gross_profit": null,
            "gross_margin": null,
            "gross_margin_4q_avg": 0,
            "net_income": null,
            "net_income_4q": null,
            "revenue": null,
            "revenue_4q": null,
            "common_shares": null,
            "book_valuer_per_share": null,
            "book_valuer_per_share_4q_avg": 0,
            "equity": null,
            "current_ratio": null,
            "debt_ratio": null,
            "inventory_turnover_ratio": null,
            "account_receivable_turnover_ratio": null,
            "reinvestment_rate": null,
            "research_to_sale_ratio": null,
            "price_fair": 0,
            "eps_avg_yearly": 0,
            "eps_latest_yearly": 0,
            "eps_growth_yearly": 0
        },
        "20012": {
            "year_quarter": 20012,
            "year": 2001,
            "quarter": 2,
            "eps": null,
            "eps_growth_year": null,
            "eps_4q": null,
            "eps_4q_growth_year": null,
            "roe": null,
            "roe_4q": 0,
            "gross_profit": null,
            "gross_margin": null,
            "gross_margin_4q_avg": 0,
            "net_income": null,
            "net_income_4q": null,
            "revenue": null,
            "revenue_4q": null,
            "common_shares": null,
            "book_valuer_per_share": null,
            "book_valuer_per_share_4q_avg": 0,
            "equity": null,
            "current_ratio": null,
            "debt_ratio": null,
            "inventory_turnover_ratio": null,
            "account_receivable_turnover_ratio": null,
            "reinvestment_rate": null,
            "research_to_sale_ratio": null,
            "price_fair": 0,
            "eps_avg_yearly": 0,
            "eps_latest_yearly": 0,
            "eps_growth_yearly": 0
        },
        "20013": {
            "year_quarter": 20013,
            "year": 2001,
            "quarter": 3,
            "eps": null,
            "eps_growth_year": null,
            "eps_4q": null,
            "eps_4q_growth_year": null,
            "roe": null,
            "roe_4q": 0,
            "gross_profit": null,
            "gross_margin": null,
            "gross_margin_4q_avg": 0,
            "net_income": null,
            "net_income_4q": null,
            "revenue": null,
            "revenue_4q": null,
            "common_shares": null,
            "book_valuer_per_share": null,
            "book_valuer_per_share_4q_avg": 0,
            "equity": null,
            "current_ratio": null,
            "debt_ratio": null,
            "inventory_turnover_ratio": null,
            "account_receivable_turnover_ratio": null,
            "reinvestment_rate": null,
            "research_to_sale_ratio": null,
            "price_fair": 0,
            "eps_avg_yearly": 0,
            "eps_latest_yearly": 0,
            "eps_growth_yearly": 0
        },
        "20014": {
            "year_quarter": 20014,
            "year": 2001,
            "quarter": 4,
            "eps": null,
            "eps_growth_year": null,
            "eps_4q": null,
            "eps_4q_growth_year": null,
            "roe": null,
            "roe_4q": 0,
            "gross_profit": null,
            "gross_margin": null,
            "gross_margin_4q_avg": 0,
            "net_income": null,
            "net_income_4q": null,
            "revenue": null,
            "revenue_4q": null,
            "common_shares": null,
            "book_valuer_per_share": null,
            "book_valuer_per_share_4q_avg": 0,
            "equity": null,
            "current_ratio": null,
            "debt_ratio": null,
            "inventory_turnover_ratio": null,
            "account_receivable_turnover_ratio": null,
            "reinvestment_rate": null,
            "research_to_sale_ratio": null,
            "price_fair": 0,
            "eps_avg_yearly": 0,
            "eps_latest_yearly": 0,
            "eps_growth_yearly": 0
        },
        "20021": {
            "year_quarter": 20021,
            "year": 2002,
            "quarter": 1,
            "eps": null,
            "eps_growth_year": null,
            "eps_4q": null,
            "eps_4q_growth_year": null,
            "roe": null,
            "roe_4q": 0,
            "gross_profit": null,
            "gross_margin": null,
            "gross_margin_4q_avg": 0,
            "net_income": null,
            "net_income_4q": null,
            "revenue": null,
            "revenue_4q": null,
            "common_shares": null,
            "book_valuer_per_share": null,
            "book_valuer_per_share_4q_avg": 0,
            "equity": null,
            "current_ratio": null,
            "debt_ratio": null,
            "inventory_turnover_ratio": null,
            "account_receivable_turnover_ratio": null,
            "reinvestment_rate": null,
            "research_to_sale_ratio": null,
            "price_fair": 0,
            "eps_avg_yearly": 0,
            "eps_latest_yearly": 0,
            "eps_growth_yearly": 0
        },
        "20022": {
            "year_quarter": 20022,
            "year": 2002,
            "quarter": 2,
            "eps": null,
            "eps_growth_year": null,
            "eps_4q": null,
            "eps_4q_growth_year": null,
            "roe": null,
            "roe_4q": 0,
            "gross_profit": null,
            "gross_margin": null,
            "gross_margin_4q_avg": 0,
            "net_income": null,
            "net_income_4q": null,
            "revenue": null,
            "revenue_4q": null,
            "common_shares": null,
            "book_valuer_per_share": null,
            "book_valuer_per_share_4q_avg": 0,
            "equity": null,
            "current_ratio": null,
            "debt_ratio": null,
            "inventory_turnover_ratio": null,
            "account_receivable_turnover_ratio": null,
            "reinvestment_rate": null,
            "research_to_sale_ratio": null,
            "price_fair": 0,
            "eps_avg_yearly": 0,
            "eps_latest_yearly": 0,
            "eps_growth_yearly": 0
        },
        "20023": {
            "year_quarter": 20023,
            "year": 2002,
            "quarter": 3,
            "eps": null,
            "eps_growth_year": null,
            "eps_4q": null,
            "eps_4q_growth_year": null,
            "roe": null,
            "roe_4q": 0,
            "gross_profit": null,
            "gross_margin": null,
            "gross_margin_4q_avg": 0,
            "net_income": null,
            "net_income_4q": null,
            "revenue": null,
            "revenue_4q": null,
            "common_shares": null,
            "book_valuer_per_share": null,
            "book_valuer_per_share_4q_avg": 0,
            "equity": null,
            "current_ratio": null,
            "debt_ratio": null,
            "inventory_turnover_ratio": null,
            "account_receivable_turnover_ratio": null,
            "reinvestment_rate": null,
            "research_to_sale_ratio": null,
            "price_fair": 0,
            "eps_avg_yearly": 0,
            "eps_latest_yearly": 0,
            "eps_growth_yearly": 0
        },
        "20024": {
            "year_quarter": 20024,
            "year": 2002,
            "quarter": 4,
            "eps": null,
            "eps_growth_year": null,
            "eps_4q": null,
            "eps_4q_growth_year": null,
            "roe": null,
            "roe_4q": 0,
            "gross_profit": null,
            "gross_margin": null,
            "gross_margin_4q_avg": 0,
            "net_income": null,
            "net_income_4q": null,
            "revenue": null,
            "revenue_4q": null,
            "common_shares": null,
            "book_valuer_per_share": null,
            "book_valuer_per_share_4q_avg": 0,
            "equity": null,
            "current_ratio": null,
            "debt_ratio": null,
            "inventory_turnover_ratio": null,
            "account_receivable_turnover_ratio": null,
            "reinvestment_rate": null,
            "research_to_sale_ratio": null,
            "price_fair": 0,
            "eps_avg_yearly": 0,
            "eps_latest_yearly": 0,
            "eps_growth_yearly": 0
        },
        "20031": {
            "year_quarter": 20031,
            "year": 2003,
            "quarter": 1,
            "eps": null,
            "eps_growth_year": null,
            "eps_4q": null,
            "eps_4q_growth_year": null,
            "roe": null,
            "roe_4q": 0,
            "gross_profit": null,
            "gross_margin": null,
            "gross_margin_4q_avg": 0,
            "net_income": null,
            "net_income_4q": null,
            "revenue": null,
            "revenue_4q": null,
            "common_shares": null,
            "book_valuer_per_share": null,
            "book_valuer_per_share_4q_avg": 0,
            "equity": null,
            "current_ratio": null,
            "debt_ratio": null,
            "inventory_turnover_ratio": null,
            "account_receivable_turnover_ratio": null,
            "reinvestment_rate": null,
            "research_to_sale_ratio": null,
            "price_fair": 0,
            "eps_avg_yearly": 0,
            "eps_latest_yearly": 0,
            "eps_growth_yearly": 0
        },
        "20032": {
            "year_quarter": 20032,
            "year": 2003,
            "quarter": 2,
            "eps": null,
            "eps_growth_year": null,
            "eps_4q": null,
            "eps_4q_growth_year": null,
            "roe": null,
            "roe_4q": 0,
            "gross_profit": null,
            "gross_margin": null,
            "gross_margin_4q_avg": 0,
            "net_income": null,
            "net_income_4q": null,
            "revenue": null,
            "revenue_4q": null,
            "common_shares": null,
            "book_valuer_per_share": null,
            "book_valuer_per_share_4q_avg": 0,
            "equity": null,
            "current_ratio": null,
            "debt_ratio": null,
            "inventory_turnover_ratio": null,
            "account_receivable_turnover_ratio": null,
            "reinvestment_rate": null,
            "research_to_sale_ratio": null,
            "price_fair": 0,
            "eps_avg_yearly": 0,
            "eps_latest_yearly": 0,
            "eps_growth_yearly": 0
        },
        "20033": {
            "year_quarter": 20033,
            "year": 2003,
            "quarter": 3,
            "eps": null,
            "eps_growth_year": null,
            "eps_4q": null,
            "eps_4q_growth_year": null,
            "roe": null,
            "roe_4q": 0,
            "gross_profit": null,
            "gross_margin": null,
            "gross_margin_4q_avg": 0,
            "net_income": null,
            "net_income_4q": null,
            "revenue": null,
            "revenue_4q": null,
            "common_shares": null,
            "book_valuer_per_share": null,
            "book_valuer_per_share_4q_avg": 0,
            "equity": null,
            "current_ratio": null,
            "debt_ratio": null,
            "inventory_turnover_ratio": null,
            "account_receivable_turnover_ratio": null,
            "reinvestment_rate": null,
            "research_to_sale_ratio": null,
            "price_fair": 0,
            "eps_avg_yearly": 0,
            "eps_latest_yearly": 0,
            "eps_growth_yearly": 0
        },
        "20034": {
            "year_quarter": 20034,
            "year": 2003,
            "quarter": 4,
            "eps": null,
            "eps_growth_year": null,
            "eps_4q": null,
            "eps_4q_growth_year": null,
            "roe": null,
            "roe_4q": 0,
            "gross_profit": null,
            "gross_margin": null,
            "gross_margin_4q_avg": 0,
            "net_income": null,
            "net_income_4q": null,
            "revenue": null,
            "revenue_4q": null,
            "common_shares": null,
            "book_valuer_per_share": null,
            "book_valuer_per_share_4q_avg": 0,
            "equity": null,
            "current_ratio": null,
            "debt_ratio": null,
            "inventory_turnover_ratio": null,
            "account_receivable_turnover_ratio": null,
            "reinvestment_rate": null,
            "research_to_sale_ratio": null,
            "price_fair": 0,
            "eps_avg_yearly": 0,
            "eps_latest_yearly": 0,
            "eps_growth_yearly": 0
        },
        "20041": {
            "year_quarter": 20041,
            "year": 2004,
            "quarter": 1,
            "eps": null,
            "eps_growth_year": null,
            "eps_4q": null,
            "eps_4q_growth_year": null,
            "roe": null,
            "roe_4q": 0,
            "gross_profit": null,
            "gross_margin": null,
            "gross_margin_4q_avg": 0,
            "net_income": null,
            "net_income_4q": null,
            "revenue": null,
            "revenue_4q": null,
            "common_shares": null,
            "book_valuer_per_share": null,
            "book_valuer_per_share_4q_avg": 0,
            "equity": null,
            "current_ratio": null,
            "debt_ratio": null,
            "inventory_turnover_ratio": null,
            "account_receivable_turnover_ratio": null,
            "reinvestment_rate": null,
            "research_to_sale_ratio": null,
            "price_fair": 0,
            "eps_avg_yearly": 0,
            "eps_latest_yearly": 0,
            "eps_growth_yearly": 0
        },
        "20042": {
            "year_quarter": 20042,
            "year": 2004,
            "quarter": 2,
            "eps": null,
            "eps_growth_year": null,
            "eps_4q": null,
            "eps_4q_growth_year": null,
            "roe": null,
            "roe_4q": 0,
            "gross_profit": null,
            "gross_margin": null,
            "gross_margin_4q_avg": 0,
            "net_income": null,
            "net_income_4q": null,
            "revenue": null,
            "revenue_4q": null,
            "common_shares": null,
            "book_valuer_per_share": null,
            "book_valuer_per_share_4q_avg": 0,
            "equity": null,
            "current_ratio": null,
            "debt_ratio": null,
            "inventory_turnover_ratio": null,
            "account_receivable_turnover_ratio": null,
            "reinvestment_rate": null,
            "research_to_sale_ratio": null,
            "price_fair": 0,
            "eps_avg_yearly": 0,
            "eps_latest_yearly": 0,
            "eps_growth_yearly": 0
        },
        "20043": {
            "year_quarter": 20043,
            "year": 2004,
            "quarter": 3,
            "eps": null,
            "eps_growth_year": null,
            "eps_4q": null,
            "eps_4q_growth_year": null,
            "roe": null,
            "roe_4q": 0,
            "gross_profit": null,
            "gross_margin": null,
            "gross_margin_4q_avg": 0,
            "net_income": null,
            "net_income_4q": null,
            "revenue": null,
            "revenue_4q": null,
            "common_shares": null,
            "book_valuer_per_share": null,
            "book_valuer_per_share_4q_avg": 0,
            "equity": null,
            "current_ratio": null,
            "debt_ratio": null,
            "inventory_turnover_ratio": null,
            "account_receivable_turnover_ratio": null,
            "reinvestment_rate": null,
            "research_to_sale_ratio": null,
            "price_fair": 0,
            "eps_avg_yearly": 0,
            "eps_latest_yearly": 0,
            "eps_growth_yearly": 0
        },
        "20044": {
            "year_quarter": 20044,
            "year": 2004,
            "quarter": 4,
            "eps": null,
            "eps_growth_year": null,
            "eps_4q": null,
            "eps_4q_growth_year": null,
            "roe": null,
            "roe_4q": 0,
            "gross_profit": null,
            "gross_margin": null,
            "gross_margin_4q_avg": 0,
            "net_income": null,
            "net_income_4q": null,
            "revenue": null,
            "revenue_4q": null,
            "common_shares": null,
            "book_valuer_per_share": null,
            "book_valuer_per_share_4q_avg": 0,
            "equity": null,
            "current_ratio": null,
            "debt_ratio": null,
            "inventory_turnover_ratio": null,
            "account_receivable_turnover_ratio": null,
            "reinvestment_rate": null,
            "research_to_sale_ratio": null,
            "price_fair": 0,
            "eps_avg_yearly": 0,
            "eps_latest_yearly": 0,
            "eps_growth_yearly": 0
        },
        "20051": {
            "year_quarter": 20051,
            "year": 2005,
            "quarter": 1,
            "eps": null,
            "eps_growth_year": null,
            "eps_4q": null,
            "eps_4q_growth_year": null,
            "roe": null,
            "roe_4q": 0,
            "gross_profit": null,
            "gross_margin": null,
            "gross_margin_4q_avg": 0,
            "net_income": null,
            "net_income_4q": null,
            "revenue": null,
            "revenue_4q": null,
            "common_shares": null,
            "book_valuer_per_share": null,
            "book_valuer_per_share_4q_avg": 0,
            "equity": null,
            "current_ratio": null,
            "debt_ratio": null,
            "inventory_turnover_ratio": null,
            "account_receivable_turnover_ratio": null,
            "reinvestment_rate": null,
            "research_to_sale_ratio": null,
            "price_fair": 0,
            "eps_avg_yearly": 0,
            "eps_latest_yearly": 0,
            "eps_growth_yearly": 0
        },
        "20052": {
            "year_quarter": 20052,
            "year": 2005,
            "quarter": 2,
            "eps": null,
            "eps_growth_year": null,
            "eps_4q": null,
            "eps_4q_growth_year": null,
            "roe": null,
            "roe_4q": 0,
            "gross_profit": null,
            "gross_margin": null,
            "gross_margin_4q_avg": 0,
            "net_income": null,
            "net_income_4q": null,
            "revenue": null,
            "revenue_4q": null,
            "common_shares": null,
            "book_valuer_per_share": null,
            "book_valuer_per_share_4q_avg": 0,
            "equity": null,
            "current_ratio": null,
            "debt_ratio": null,
            "inventory_turnover_ratio": null,
            "account_receivable_turnover_ratio": null,
            "reinvestment_rate": null,
            "research_to_sale_ratio": null,
            "price_fair": 0,
            "eps_avg_yearly": 0,
            "eps_latest_yearly": 0,
            "eps_growth_yearly": 0
        },
        "20053": {
            "year_quarter": 20053,
            "year": 2005,
            "quarter": 3,
            "eps": null,
            "eps_growth_year": null,
            "eps_4q": null,
            "eps_4q_growth_year": null,
            "roe": null,
            "roe_4q": 0,
            "gross_profit": null,
            "gross_margin": null,
            "gross_margin_4q_avg": 0,
            "net_income": null,
            "net_income_4q": null,
            "revenue": null,
            "revenue_4q": null,
            "common_shares": null,
            "book_valuer_per_share": null,
            "book_valuer_per_share_4q_avg": 0,
            "equity": null,
            "current_ratio": null,
            "debt_ratio": null,
            "inventory_turnover_ratio": null,
            "account_receivable_turnover_ratio": null,
            "reinvestment_rate": null,
            "research_to_sale_ratio": null,
            "price_fair": 0,
            "eps_avg_yearly": 0,
            "eps_latest_yearly": 0,
            "eps_growth_yearly": 0
        },
        "20054": {
            "year_quarter": 20054,
            "year": 2005,
            "quarter": 4,
            "eps": null,
            "eps_growth_year": null,
            "eps_4q": null,
            "eps_4q_growth_year": null,
            "roe": null,
            "roe_4q": 0,
            "gross_profit": null,
            "gross_margin": null,
            "gross_margin_4q_avg": 0,
            "net_income": null,
            "net_income_4q": null,
            "revenue": null,
            "revenue_4q": null,
            "common_shares": null,
            "book_valuer_per_share": null,
            "book_valuer_per_share_4q_avg": 0,
            "equity": null,
            "current_ratio": null,
            "debt_ratio": null,
            "inventory_turnover_ratio": null,
            "account_receivable_turnover_ratio": null,
            "reinvestment_rate": null,
            "research_to_sale_ratio": null,
            "price_fair": 0,
            "eps_avg_yearly": 0,
            "eps_latest_yearly": 0,
            "eps_growth_yearly": 0
        },
        "20061": {
            "year_quarter": 20061,
            "year": 2006,
            "quarter": 1,
            "eps": null,
            "eps_growth_year": null,
            "eps_4q": null,
            "eps_4q_growth_year": null,
            "roe": null,
            "roe_4q": 0,
            "gross_profit": null,
            "gross_margin": null,
            "gross_margin_4q_avg": 0,
            "net_income": null,
            "net_income_4q": null,
            "revenue": null,
            "revenue_4q": null,
            "common_shares": null,
            "book_valuer_per_share": null,
            "book_valuer_per_share_4q_avg": 0,
            "equity": null,
            "current_ratio": null,
            "debt_ratio": null,
            "inventory_turnover_ratio": null,
            "account_receivable_turnover_ratio": null,
            "reinvestment_rate": null,
            "research_to_sale_ratio": null,
            "price_fair": 0,
            "eps_avg_yearly": 0,
            "eps_latest_yearly": 0,
            "eps_growth_yearly": 0
        },
        "20062": {
            "year_quarter": 20062,
            "year": 2006,
            "quarter": 2,
            "eps": null,
            "eps_growth_year": null,
            "eps_4q": null,
            "eps_4q_growth_year": null,
            "roe": null,
            "roe_4q": 0,
            "gross_profit": null,
            "gross_margin": null,
            "gross_margin_4q_avg": 0,
            "net_income": null,
            "net_income_4q": null,
            "revenue": null,
            "revenue_4q": null,
            "common_shares": null,
            "book_valuer_per_share": null,
            "book_valuer_per_share_4q_avg": 0,
            "equity": null,
            "current_ratio": null,
            "debt_ratio": null,
            "inventory_turnover_ratio": null,
            "account_receivable_turnover_ratio": null,
            "reinvestment_rate": null,
            "research_to_sale_ratio": null,
            "price_fair": 0,
            "eps_avg_yearly": 0,
            "eps_latest_yearly": 0,
            "eps_growth_yearly": 0
        },
        "20063": {
            "year_quarter": 20063,
            "year": 2006,
            "quarter": 3,
            "eps": null,
            "eps_growth_year": null,
            "eps_4q": null,
            "eps_4q_growth_year": null,
            "roe": null,
            "roe_4q": 0,
            "gross_profit": null,
            "gross_margin": null,
            "gross_margin_4q_avg": 0,
            "net_income": null,
            "net_income_4q": null,
            "revenue": null,
            "revenue_4q": null,
            "common_shares": null,
            "book_valuer_per_share": null,
            "book_valuer_per_share_4q_avg": 0,
            "equity": null,
            "current_ratio": null,
            "debt_ratio": null,
            "inventory_turnover_ratio": null,
            "account_receivable_turnover_ratio": null,
            "reinvestment_rate": null,
            "research_to_sale_ratio": null,
            "price_fair": 0,
            "eps_avg_yearly": 0,
            "eps_latest_yearly": 0,
            "eps_growth_yearly": 0
        },
        "20064": {
            "year_quarter": 20064,
            "year": 2006,
            "quarter": 4,
            "eps": null,
            "eps_growth_year": null,
            "eps_4q": null,
            "eps_4q_growth_year": null,
            "roe": null,
            "roe_4q": 0,
            "gross_profit": null,
            "gross_margin": null,
            "gross_margin_4q_avg": 0,
            "net_income": null,
            "net_income_4q": null,
            "revenue": null,
            "revenue_4q": null,
            "common_shares": null,
            "book_valuer_per_share": null,
            "book_valuer_per_share_4q_avg": 0,
            "equity": null,
            "current_ratio": null,
            "debt_ratio": null,
            "inventory_turnover_ratio": null,
            "account_receivable_turnover_ratio": null,
            "reinvestment_rate": null,
            "research_to_sale_ratio": null,
            "price_fair": 0,
            "eps_avg_yearly": 0,
            "eps_latest_yearly": 0,
            "eps_growth_yearly": 0
        },
        "20071": {
            "year_quarter": 20071,
            "year": 2007,
            "quarter": 1,
            "eps": null,
            "eps_growth_year": null,
            "eps_4q": null,
            "eps_4q_growth_year": null,
            "roe": null,
            "roe_4q": 0,
            "gross_profit": null,
            "gross_margin": null,
            "gross_margin_4q_avg": 0,
            "net_income": null,
            "net_income_4q": null,
            "revenue": null,
            "revenue_4q": null,
            "common_shares": null,
            "book_valuer_per_share": null,
            "book_valuer_per_share_4q_avg": 0,
            "equity": null,
            "current_ratio": null,
            "debt_ratio": null,
            "inventory_turnover_ratio": null,
            "account_receivable_turnover_ratio": null,
            "reinvestment_rate": null,
            "research_to_sale_ratio": null,
            "price_fair": 0,
            "eps_avg_yearly": 0,
            "eps_latest_yearly": 0,
            "eps_growth_yearly": 0
        },
        "20072": {
            "year_quarter": 20072,
            "year": 2007,
            "quarter": 2,
            "eps": null,
            "eps_growth_year": null,
            "eps_4q": null,
            "eps_4q_growth_year": null,
            "roe": null,
            "roe_4q": 0,
            "gross_profit": null,
            "gross_margin": null,
            "gross_margin_4q_avg": 0,
            "net_income": null,
            "net_income_4q": null,
            "revenue": null,
            "revenue_4q": null,
            "common_shares": null,
            "book_valuer_per_share": null,
            "book_valuer_per_share_4q_avg": 0,
            "equity": null,
            "current_ratio": null,
            "debt_ratio": null,
            "inventory_turnover_ratio": null,
            "account_receivable_turnover_ratio": null,
            "reinvestment_rate": null,
            "research_to_sale_ratio": null,
            "price_fair": 0,
            "eps_avg_yearly": 0,
            "eps_latest_yearly": 0,
            "eps_growth_yearly": 0
        },
        "20073": {
            "year_quarter": 20073,
            "year": 2007,
            "quarter": 3,
            "eps": null,
            "eps_growth_year": null,
            "eps_4q": null,
            "eps_4q_growth_year": null,
            "roe": null,
            "roe_4q": 0,
            "gross_profit": null,
            "gross_margin": null,
            "gross_margin_4q_avg": 0,
            "net_income": null,
            "net_income_4q": null,
            "revenue": null,
            "revenue_4q": null,
            "common_shares": null,
            "book_valuer_per_share": null,
            "book_valuer_per_share_4q_avg": 0,
            "equity": null,
            "current_ratio": null,
            "debt_ratio": null,
            "inventory_turnover_ratio": null,
            "account_receivable_turnover_ratio": null,
            "reinvestment_rate": null,
            "research_to_sale_ratio": null,
            "price_fair": 0,
            "eps_avg_yearly": 0,
            "eps_latest_yearly": 0,
            "eps_growth_yearly": 0
        },
        "20074": {
            "year_quarter": 20074,
            "year": 2007,
            "quarter": 4,
            "eps": null,
            "eps_growth_year": null,
            "eps_4q": null,
            "eps_4q_growth_year": null,
            "roe": null,
            "roe_4q": 0,
            "gross_profit": null,
            "gross_margin": null,
            "gross_margin_4q_avg": 0,
            "net_income": null,
            "net_income_4q": null,
            "revenue": null,
            "revenue_4q": null,
            "common_shares": null,
            "book_valuer_per_share": null,
            "book_valuer_per_share_4q_avg": 0,
            "equity": null,
            "current_ratio": null,
            "debt_ratio": null,
            "inventory_turnover_ratio": null,
            "account_receivable_turnover_ratio": null,
            "reinvestment_rate": null,
            "research_to_sale_ratio": null,
            "price_fair": 0,
            "eps_avg_yearly": 0,
            "eps_latest_yearly": 0,
            "eps_growth_yearly": 0
        },
        "20081": {
            "year_quarter": 20081,
            "year": 2008,
            "quarter": 1,
            "eps": null,
            "eps_growth_year": null,
            "eps_4q": null,
            "eps_4q_growth_year": null,
            "roe": null,
            "roe_4q": 0,
            "gross_profit": null,
            "gross_margin": null,
            "gross_margin_4q_avg": 0,
            "net_income": null,
            "net_income_4q": null,
            "revenue": null,
            "revenue_4q": null,
            "common_shares": null,
            "book_valuer_per_share": null,
            "book_valuer_per_share_4q_avg": 0,
            "equity": null,
            "current_ratio": null,
            "debt_ratio": null,
            "inventory_turnover_ratio": null,
            "account_receivable_turnover_ratio": null,
            "reinvestment_rate": null,
            "research_to_sale_ratio": null,
            "price_fair": 0,
            "eps_avg_yearly": 0,
            "eps_latest_yearly": 0,
            "eps_growth_yearly": 0
        },
        "20082": {
            "year_quarter": 20082,
            "year": 2008,
            "quarter": 2,
            "eps": null,
            "eps_growth_year": null,
            "eps_4q": null,
            "eps_4q_growth_year": null,
            "roe": null,
            "roe_4q": 0,
            "gross_profit": null,
            "gross_margin": null,
            "gross_margin_4q_avg": 0,
            "net_income": null,
            "net_income_4q": null,
            "revenue": null,
            "revenue_4q": null,
            "common_shares": null,
            "book_valuer_per_share": null,
            "book_valuer_per_share_4q_avg": 0,
            "equity": null,
            "current_ratio": null,
            "debt_ratio": null,
            "inventory_turnover_ratio": null,
            "account_receivable_turnover_ratio": null,
            "reinvestment_rate": null,
            "research_to_sale_ratio": null,
            "price_fair": 0,
            "eps_avg_yearly": 0,
            "eps_latest_yearly": 0,
            "eps_growth_yearly": 0
        },
        "20083": {
            "year_quarter": 20083,
            "year": 2008,
            "quarter": 3,
            "eps": null,
            "eps_growth_year": null,
            "eps_4q": null,
            "eps_4q_growth_year": null,
            "roe": null,
            "roe_4q": 0,
            "gross_profit": null,
            "gross_margin": null,
            "gross_margin_4q_avg": 0,
            "net_income": null,
            "net_income_4q": null,
            "revenue": null,
            "revenue_4q": null,
            "common_shares": null,
            "book_valuer_per_share": null,
            "book_valuer_per_share_4q_avg": 0,
            "equity": null,
            "current_ratio": null,
            "debt_ratio": null,
            "inventory_turnover_ratio": null,
            "account_receivable_turnover_ratio": null,
            "reinvestment_rate": null,
            "research_to_sale_ratio": null,
            "price_fair": 0,
            "eps_avg_yearly": 0,
            "eps_latest_yearly": 0,
            "eps_growth_yearly": 0
        },
        "20084": {
            "year_quarter": 20084,
            "year": 2008,
            "quarter": 4,
            "eps": null,
            "eps_growth_year": null,
            "eps_4q": null,
            "eps_4q_growth_year": null,
            "roe": null,
            "roe_4q": 0,
            "gross_profit": null,
            "gross_margin": null,
            "gross_margin_4q_avg": 0,
            "net_income": null,
            "net_income_4q": null,
            "revenue": null,
            "revenue_4q": null,
            "common_shares": null,
            "book_valuer_per_share": null,
            "book_valuer_per_share_4q_avg": 0,
            "equity": null,
            "current_ratio": null,
            "debt_ratio": null,
            "inventory_turnover_ratio": null,
            "account_receivable_turnover_ratio": null,
            "reinvestment_rate": null,
            "research_to_sale_ratio": null,
            "price_fair": 0,
            "eps_avg_yearly": 0,
            "eps_latest_yearly": 0,
            "eps_growth_yearly": 0
        },
        "20091": {
            "year_quarter": 20091,
            "year": 2009,
            "quarter": 1,
            "eps": null,
            "eps_growth_year": null,
            "eps_4q": null,
            "eps_4q_growth_year": null,
            "roe": null,
            "roe_4q": 0,
            "gross_profit": null,
            "gross_margin": null,
            "gross_margin_4q_avg": 0,
            "net_income": null,
            "net_income_4q": null,
            "revenue": null,
            "revenue_4q": null,
            "common_shares": null,
            "book_valuer_per_share": null,
            "book_valuer_per_share_4q_avg": 0,
            "equity": null,
            "current_ratio": null,
            "debt_ratio": null,
            "inventory_turnover_ratio": null,
            "account_receivable_turnover_ratio": null,
            "reinvestment_rate": null,
            "research_to_sale_ratio": null,
            "price_fair": 0,
            "eps_avg_yearly": 0,
            "eps_latest_yearly": 0,
            "eps_growth_yearly": 0
        },
        "20092": {
            "year_quarter": 20092,
            "year": 2009,
            "quarter": 2,
            "eps": null,
            "eps_growth_year": null,
            "eps_4q": null,
            "eps_4q_growth_year": null,
            "roe": null,
            "roe_4q": 0,
            "gross_profit": null,
            "gross_margin": null,
            "gross_margin_4q_avg": 0,
            "net_income": null,
            "net_income_4q": null,
            "revenue": null,
            "revenue_4q": null,
            "common_shares": null,
            "book_valuer_per_share": null,
            "book_valuer_per_share_4q_avg": 0,
            "equity": null,
            "current_ratio": null,
            "debt_ratio": null,
            "inventory_turnover_ratio": null,
            "account_receivable_turnover_ratio": null,
            "reinvestment_rate": null,
            "research_to_sale_ratio": null,
            "price_fair": 0,
            "eps_avg_yearly": 0,
            "eps_latest_yearly": 0,
            "eps_growth_yearly": 0
        },
        "20093": {
            "year_quarter": 20093,
            "year": 2009,
            "quarter": 3,
            "eps": null,
            "eps_growth_year": null,
            "eps_4q": null,
            "eps_4q_growth_year": null,
            "roe": null,
            "roe_4q": 0,
            "gross_profit": null,
            "gross_margin": null,
            "gross_margin_4q_avg": 0,
            "net_income": null,
            "net_income_4q": null,
            "revenue": null,
            "revenue_4q": null,
            "common_shares": null,
            "book_valuer_per_share": null,
            "book_valuer_per_share_4q_avg": 0,
            "equity": null,
            "current_ratio": null,
            "debt_ratio": null,
            "inventory_turnover_ratio": null,
            "account_receivable_turnover_ratio": null,
            "reinvestment_rate": null,
            "research_to_sale_ratio": null,
            "price_fair": 0,
            "eps_avg_yearly": 0,
            "eps_latest_yearly": 0,
            "eps_growth_yearly": 0
        },
        "20094": {
            "year_quarter": 20094,
            "year": 2009,
            "quarter": 4,
            "eps": null,
            "eps_growth_year": null,
            "eps_4q": null,
            "eps_4q_growth_year": null,
            "roe": null,
            "roe_4q": 0,
            "gross_profit": null,
            "gross_margin": null,
            "gross_margin_4q_avg": 0,
            "net_income": null,
            "net_income_4q": null,
            "revenue": null,
            "revenue_4q": null,
            "common_shares": null,
            "book_valuer_per_share": null,
            "book_valuer_per_share_4q_avg": 0,
            "equity": null,
            "current_ratio": null,
            "debt_ratio": null,
            "inventory_turnover_ratio": null,
            "account_receivable_turnover_ratio": null,
            "reinvestment_rate": null,
            "research_to_sale_ratio": null,
            "price_fair": 0,
            "eps_avg_yearly": 0,
            "eps_latest_yearly": 0,
            "eps_growth_yearly": 0
        },
        "20101": {
            "year_quarter": 20101,
            "year": 2010,
            "quarter": 1,
            "eps": null,
            "eps_growth_year": null,
            "eps_4q": null,
            "eps_4q_growth_year": null,
            "roe": null,
            "roe_4q": 0,
            "gross_profit": null,
            "gross_margin": null,
            "gross_margin_4q_avg": 0,
            "net_income": null,
            "net_income_4q": null,
            "revenue": null,
            "revenue_4q": null,
            "common_shares": null,
            "book_valuer_per_share": null,
            "book_valuer_per_share_4q_avg": 0,
            "equity": null,
            "current_ratio": null,
            "debt_ratio": null,
            "inventory_turnover_ratio": null,
            "account_receivable_turnover_ratio": null,
            "reinvestment_rate": null,
            "research_to_sale_ratio": null,
            "price_fair": 0,
            "eps_avg_yearly": 0,
            "eps_latest_yearly": 0,
            "eps_growth_yearly": 0
        },
        "20102": {
            "year_quarter": 20102,
            "year": 2010,
            "quarter": 2,
            "eps": null,
            "eps_growth_year": null,
            "eps_4q": null,
            "eps_4q_growth_year": null,
            "roe": null,
            "roe_4q": 0,
            "gross_profit": null,
            "gross_margin": null,
            "gross_margin_4q_avg": 0,
            "net_income": null,
            "net_income_4q": null,
            "revenue": null,
            "revenue_4q": null,
            "common_shares": null,
            "book_valuer_per_share": null,
            "book_valuer_per_share_4q_avg": 0,
            "equity": null,
            "current_ratio": null,
            "debt_ratio": null,
            "inventory_turnover_ratio": null,
            "account_receivable_turnover_ratio": null,
            "reinvestment_rate": null,
            "research_to_sale_ratio": null,
            "price_fair": 0,
            "eps_avg_yearly": 0,
            "eps_latest_yearly": 0,
            "eps_growth_yearly": 0
        },
        "20103": {
            "year_quarter": 20103,
            "year": 2010,
            "quarter": 3,
            "eps": null,
            "eps_growth_year": null,
            "eps_4q": null,
            "eps_4q_growth_year": null,
            "roe": null,
            "roe_4q": 0,
            "gross_profit": null,
            "gross_margin": null,
            "gross_margin_4q_avg": 0,
            "net_income": null,
            "net_income_4q": null,
            "revenue": null,
            "revenue_4q": null,
            "common_shares": null,
            "book_valuer_per_share": null,
            "book_valuer_per_share_4q_avg": 0,
            "equity": null,
            "current_ratio": null,
            "debt_ratio": null,
            "inventory_turnover_ratio": null,
            "account_receivable_turnover_ratio": null,
            "reinvestment_rate": null,
            "research_to_sale_ratio": null,
            "price_fair": 0,
            "eps_avg_yearly": 0,
            "eps_latest_yearly": 0,
            "eps_growth_yearly": 0
        },
        "20104": {
            "year_quarter": 20104,
            "year": 2010,
            "quarter": 4,
            "eps": null,
            "eps_growth_year": null,
            "eps_4q": null,
            "eps_4q_growth_year": null,
            "roe": null,
            "roe_4q": 0,
            "gross_profit": null,
            "gross_margin": null,
            "gross_margin_4q_avg": 0,
            "net_income": null,
            "net_income_4q": null,
            "revenue": null,
            "revenue_4q": null,
            "common_shares": null,
            "book_valuer_per_share": null,
            "book_valuer_per_share_4q_avg": 0,
            "equity": null,
            "current_ratio": null,
            "debt_ratio": null,
            "inventory_turnover_ratio": null,
            "account_receivable_turnover_ratio": null,
            "reinvestment_rate": null,
            "research_to_sale_ratio": null,
            "price_fair": 0,
            "eps_avg_yearly": 0,
            "eps_latest_yearly": 0,
            "eps_growth_yearly": 0
        },
        "20111": {
            "year_quarter": 20111,
            "year": 2011,
            "quarter": 1,
            "eps": null,
            "eps_growth_year": null,
            "eps_4q": null,
            "eps_4q_growth_year": null,
            "roe": null,
            "roe_4q": 0,
            "gross_profit": null,
            "gross_margin": null,
            "gross_margin_4q_avg": 0,
            "net_income": null,
            "net_income_4q": null,
            "revenue": null,
            "revenue_4q": null,
            "common_shares": null,
            "book_valuer_per_share": null,
            "book_valuer_per_share_4q_avg": 0,
            "equity": null,
            "current_ratio": null,
            "debt_ratio": null,
            "inventory_turnover_ratio": null,
            "account_receivable_turnover_ratio": null,
            "reinvestment_rate": null,
            "research_to_sale_ratio": null,
            "price_fair": 0,
            "eps_avg_yearly": 0,
            "eps_latest_yearly": 0,
            "eps_growth_yearly": 0
        },
        "20112": {
            "year_quarter": 20112,
            "year": 2011,
            "quarter": 2,
            "eps": null,
            "eps_growth_year": null,
            "eps_4q": null,
            "eps_4q_growth_year": null,
            "roe": null,
            "roe_4q": 0,
            "gross_profit": null,
            "gross_margin": null,
            "gross_margin_4q_avg": 0,
            "net_income": null,
            "net_income_4q": null,
            "revenue": null,
            "revenue_4q": null,
            "common_shares": null,
            "book_valuer_per_share": null,
            "book_valuer_per_share_4q_avg": 0,
            "equity": null,
            "current_ratio": null,
            "debt_ratio": null,
            "inventory_turnover_ratio": null,
            "account_receivable_turnover_ratio": null,
            "reinvestment_rate": null,
            "research_to_sale_ratio": null,
            "price_fair": 0,
            "eps_avg_yearly": 0,
            "eps_latest_yearly": 0,
            "eps_growth_yearly": 0
        },
        "20113": {
            "year_quarter": 20113,
            "year": 2011,
            "quarter": 3,
            "eps": null,
            "eps_growth_year": null,
            "eps_4q": null,
            "eps_4q_growth_year": null,
            "roe": null,
            "roe_4q": 0,
            "gross_profit": null,
            "gross_margin": null,
            "gross_margin_4q_avg": 0,
            "net_income": null,
            "net_income_4q": null,
            "revenue": null,
            "revenue_4q": null,
            "common_shares": null,
            "book_valuer_per_share": null,
            "book_valuer_per_share_4q_avg": 0,
            "equity": null,
            "current_ratio": null,
            "debt_ratio": null,
            "inventory_turnover_ratio": null,
            "account_receivable_turnover_ratio": null,
            "reinvestment_rate": null,
            "research_to_sale_ratio": null,
            "price_fair": 0,
            "eps_avg_yearly": 0,
            "eps_latest_yearly": 0,
            "eps_growth_yearly": 0
        },
        "20114": {
            "year_quarter": 20114,
            "year": 2011,
            "quarter": 4,
            "eps": null,
            "eps_growth_year": null,
            "eps_4q": null,
            "eps_4q_growth_year": null,
            "roe": null,
            "roe_4q": 0,
            "gross_profit": null,
            "gross_margin": null,
            "gross_margin_4q_avg": 0,
            "net_income": null,
            "net_income_4q": null,
            "revenue": null,
            "revenue_4q": null,
            "common_shares": 38880,
            "book_valuer_per_share": null,
            "book_valuer_per_share_4q_avg": 0,
            "equity": 38740,
            "current_ratio": null,
            "debt_ratio": null,
            "inventory_turnover_ratio": null,
            "account_receivable_turnover_ratio": null,
            "reinvestment_rate": null,
            "research_to_sale_ratio": null,
            "price_fair": 0,
            "eps_avg_yearly": 0,
            "eps_latest_yearly": 0,
            "eps_growth_yearly": 0
        },
        "20121": {
            "year_quarter": 20121,
            "year": 2012,
            "quarter": 1,
            "eps": null,
            "eps_growth_year": null,
            "eps_4q": null,
            "eps_4q_growth_year": null,
            "roe": null,
            "roe_4q": 0,
            "gross_profit": null,
            "gross_margin": null,
            "gross_margin_4q_avg": 0,
            "net_income": null,
            "net_income_4q": null,
            "revenue": null,
            "revenue_4q": null,
            "common_shares": null,
            "book_valuer_per_share": null,
            "book_valuer_per_share_4q_avg": 0,
            "equity": null,
            "current_ratio": null,
            "debt_ratio": null,
            "inventory_turnover_ratio": null,
            "account_receivable_turnover_ratio": null,
            "reinvestment_rate": null,
            "research_to_sale_ratio": null,
            "price_fair": 0,
            "eps_avg_yearly": 0,
            "eps_latest_yearly": 0,
            "eps_growth_yearly": 0
        },
        "20122": {
            "year_quarter": 20122,
            "year": 2012,
            "quarter": 2,
            "eps": null,
            "eps_growth_year": null,
            "eps_4q": null,
            "eps_4q_growth_year": null,
            "roe": null,
            "roe_4q": 0,
            "gross_profit": null,
            "gross_margin": null,
            "gross_margin_4q_avg": 0,
            "net_income": null,
            "net_income_4q": null,
            "revenue": null,
            "revenue_4q": null,
            "common_shares": null,
            "book_valuer_per_share": null,
            "book_valuer_per_share_4q_avg": 0,
            "equity": null,
            "current_ratio": null,
            "debt_ratio": null,
            "inventory_turnover_ratio": null,
            "account_receivable_turnover_ratio": null,
            "reinvestment_rate": null,
            "research_to_sale_ratio": null,
            "price_fair": 0,
            "eps_avg_yearly": 0,
            "eps_latest_yearly": 0,
            "eps_growth_yearly": 0
        },
        "20123": {
            "year_quarter": 20123,
            "year": 2012,
            "quarter": 3,
            "eps": null,
            "eps_growth_year": null,
            "eps_4q": null,
            "eps_4q_growth_year": null,
            "roe": null,
            "roe_4q": 0,
            "gross_profit": null,
            "gross_margin": null,
            "gross_margin_4q_avg": 0,
            "net_income": null,
            "net_income_4q": null,
            "revenue": null,
            "revenue_4q": null,
            "common_shares": null,
            "book_valuer_per_share": null,
            "book_valuer_per_share_4q_avg": 0,
            "equity": null,
            "current_ratio": null,
            "debt_ratio": null,
            "inventory_turnover_ratio": null,
            "account_receivable_turnover_ratio": null,
            "reinvestment_rate": null,
            "research_to_sale_ratio": null,
            "price_fair": 0,
            "eps_avg_yearly": 0,
            "eps_latest_yearly": 0,
            "eps_growth_yearly": 0
        },
        "20124": {
            "year_quarter": 20124,
            "year": 2012,
            "quarter": 4,
            "eps": null,
            "eps_growth_year": null,
            "eps_4q": null,
            "eps_4q_growth_year": null,
            "roe": null,
            "roe_4q": 0,
            "gross_profit": null,
            "gross_margin": null,
            "gross_margin_4q_avg": 0,
            "net_income": null,
            "net_income_4q": null,
            "revenue": null,
            "revenue_4q": null,
            "common_shares": 100000,
            "book_valuer_per_share": 20.59,
            "book_valuer_per_share_4q_avg": 5.15,
            "equity": 205923,
            "current_ratio": 216.67,
            "debt_ratio": 46.39,
            "inventory_turnover_ratio": null,
            "account_receivable_turnover_ratio": null,
            "reinvestment_rate": null,
            "research_to_sale_ratio": null,
            "price_fair": 0,
            "eps_avg_yearly": 0,
            "eps_latest_yearly": 0,
            "eps_growth_yearly": 0
        },
        "20131": {
            "year_quarter": 20131,
            "year": 2013,
            "quarter": 1,
            "eps": null,
            "eps_growth_year": null,
            "eps_4q": null,
            "eps_4q_growth_year": null,
            "roe": null,
            "roe_4q": 0,
            "gross_profit": null,
            "gross_margin": null,
            "gross_margin_4q_avg": 0,
            "net_income": null,
            "net_income_4q": null,
            "revenue": null,
            "revenue_4q": null,
            "common_shares": null,
            "book_valuer_per_share": null,
            "book_valuer_per_share_4q_avg": 5.15,
            "equity": null,
            "current_ratio": null,
            "debt_ratio": null,
            "inventory_turnover_ratio": null,
            "account_receivable_turnover_ratio": null,
            "reinvestment_rate": null,
            "research_to_sale_ratio": null,
            "price_fair": 0,
            "eps_avg_yearly": 0,
            "eps_latest_yearly": 0,
            "eps_growth_yearly": 0
        },
        "20132": {
            "year_quarter": 20132,
            "year": 2013,
            "quarter": 2,
            "eps": null,
            "eps_growth_year": null,
            "eps_4q": null,
            "eps_4q_growth_year": null,
            "roe": null,
            "roe_4q": 0,
            "gross_profit": 24049,
            "gross_margin": null,
            "gross_margin_4q_avg": 0,
            "net_income": 9050,
            "net_income_4q": null,
            "revenue": 160033,
            "revenue_4q": null,
            "common_shares": 120000,
            "book_valuer_per_share": null,
            "book_valuer_per_share_4q_avg": 5.15,
            "equity": 195176,
            "current_ratio": null,
            "debt_ratio": null,
            "inventory_turnover_ratio": null,
            "account_receivable_turnover_ratio": null,
            "reinvestment_rate": null,
            "research_to_sale_ratio": null,
            "price_fair": 0,
            "eps_avg_yearly": 0,
            "eps_latest_yearly": 0,
            "eps_growth_yearly": 0
        },
        "20133": {
            "year_quarter": 20133,
            "year": 2013,
            "quarter": 3,
            "eps": null,
            "eps_growth_year": null,
            "eps_4q": null,
            "eps_4q_growth_year": null,
            "roe": null,
            "roe_4q": 0,
            "gross_profit": null,
            "gross_margin": null,
            "gross_margin_4q_avg": 0,
            "net_income": null,
            "net_income_4q": null,
            "revenue": null,
            "revenue_4q": null,
            "common_shares": null,
            "book_valuer_per_share": null,
            "book_valuer_per_share_4q_avg": 5.15,
            "equity": null,
            "current_ratio": null,
            "debt_ratio": null,
            "inventory_turnover_ratio": null,
            "account_receivable_turnover_ratio": null,
            "reinvestment_rate": null,
            "research_to_sale_ratio": null,
            "price_fair": 0,
            "eps_avg_yearly": 0,
            "eps_latest_yearly": 0,
            "eps_growth_yearly": 0
        },
        "20134": {
            "year_quarter": 20134,
            "year": 2013,
            "quarter": 4,
            "eps": null,
            "eps_growth_year": null,
            "eps_4q": null,
            "eps_4q_growth_year": null,
            "roe": null,
            "roe_4q": 0,
            "gross_profit": null,
            "gross_margin": null,
            "gross_margin_4q_avg": 0,
            "net_income": null,
            "net_income_4q": null,
            "revenue": null,
            "revenue_4q": null,
            "common_shares": 160000,
            "book_valuer_per_share": 20.23,
            "book_valuer_per_share_4q_avg": 5.06,
            "equity": 323689,
            "current_ratio": 221.75,
            "debt_ratio": 45.05,
            "inventory_turnover_ratio": null,
            "account_receivable_turnover_ratio": null,
            "reinvestment_rate": null,
            "research_to_sale_ratio": null,
            "price_fair": 0,
            "eps_avg_yearly": 0,
            "eps_latest_yearly": 0,
            "eps_growth_yearly": 0
        },
        "20141": {
            "year_quarter": 20141,
            "year": 2014,
            "quarter": 1,
            "eps": null,
            "eps_growth_year": null,
            "eps_4q": null,
            "eps_4q_growth_year": null,
            "roe": null,
            "roe_4q": 0,
            "gross_profit": null,
            "gross_margin": null,
            "gross_margin_4q_avg": 0,
            "net_income": null,
            "net_income_4q": null,
            "revenue": null,
            "revenue_4q": null,
            "common_shares": null,
            "book_valuer_per_share": null,
            "book_valuer_per_share_4q_avg": 5.06,
            "equity": null,
            "current_ratio": null,
            "debt_ratio": null,
            "inventory_turnover_ratio": null,
            "account_receivable_turnover_ratio": null,
            "reinvestment_rate": null,
            "research_to_sale_ratio": null,
            "price_fair": 0,
            "eps_avg_yearly": 0,
            "eps_latest_yearly": 0,
            "eps_growth_yearly": 0
        },
        "20142": {
            "year_quarter": 20142,
            "year": 2014,
            "quarter": 2,
            "eps": 0.79,
            "eps_growth_year": null,
            "eps_4q": null,
            "eps_4q_growth_year": null,
            "roe": 3.78,
            "roe_4q": 3.78,
            "gross_profit": 48429,
            "gross_margin": 22.09,
            "gross_margin_4q_avg": 5.52,
            "net_income": 15730,
            "net_income_4q": null,
            "revenue": 219193,
            "revenue_4q": null,
            "common_shares": 180000,
            "book_valuer_per_share": 23.09,
            "book_valuer_per_share_4q_avg": 10.83,
            "equity": 415671,
            "current_ratio": 299.53,
            "debt_ratio": 33.17,
            "inventory_turnover_ratio": 3.79,
            "account_receivable_turnover_ratio": 2.95,
            "reinvestment_rate": null,
            "research_to_sale_ratio": 3.14,
            "price_fair": 0,
            "eps_avg_yearly": 0,
            "eps_latest_yearly": 0,
            "eps_growth_yearly": 0
        },
        "20143": {
            "year_quarter": 20143,
            "year": 2014,
            "quarter": 3,
            "eps": null,
            "eps_growth_year": null,
            "eps_4q": null,
            "eps_4q_growth_year": null,
            "roe": null,
            "roe_4q": 3.78,
            "gross_profit": null,
            "gross_margin": null,
            "gross_margin_4q_avg": 5.52,
            "net_income": null,
            "net_income_4q": null,
            "revenue": null,
            "revenue_4q": null,
            "common_shares": null,
            "book_valuer_per_share": null,
            "book_valuer_per_share_4q_avg": 10.83,
            "equity": null,
            "current_ratio": null,
            "debt_ratio": null,
            "inventory_turnover_ratio": null,
            "account_receivable_turnover_ratio": null,
            "reinvestment_rate": null,
            "research_to_sale_ratio": null,
            "price_fair": 0,
            "eps_avg_yearly": 0,
            "eps_latest_yearly": 0,
            "eps_growth_yearly": 0
        },
        "20144": {
            "year_quarter": 20144,
            "year": 2014,
            "quarter": 4,
            "eps": null,
            "eps_growth_year": null,
            "eps_4q": null,
            "eps_4q_growth_year": null,
            "roe": null,
            "roe_4q": 3.78,
            "gross_profit": null,
            "gross_margin": null,
            "gross_margin_4q_avg": 5.52,
            "net_income": null,
            "net_income_4q": null,
            "revenue": null,
            "revenue_4q": null,
            "common_shares": 198000,
            "book_valuer_per_share": 22.9,
            "book_valuer_per_share_4q_avg": 11.5,
            "equity": 453377,
            "current_ratio": 318.48,
            "debt_ratio": 31.22,
            "inventory_turnover_ratio": null,
            "account_receivable_turnover_ratio": null,
            "reinvestment_rate": null,
            "research_to_sale_ratio": null,
            "price_fair": 0,
            "eps_avg_yearly": 0,
            "eps_latest_yearly": 0,
            "eps_growth_yearly": 0
        },
        "20151": {
            "year_quarter": 20151,
            "year": 2015,
            "quarter": 1,
            "eps": null,
            "eps_growth_year": null,
            "eps_4q": null,
            "eps_4q_growth_year": null,
            "roe": null,
            "roe_4q": 3.78,
            "gross_profit": null,
            "gross_margin": null,
            "gross_margin_4q_avg": 5.52,
            "net_income": null,
            "net_income_4q": null,
            "revenue": null,
            "revenue_4q": null,
            "common_shares": null,
            "book_valuer_per_share": null,
            "book_valuer_per_share_4q_avg": 11.5,
            "equity": null,
            "current_ratio": null,
            "debt_ratio": null,
            "inventory_turnover_ratio": null,
            "account_receivable_turnover_ratio": null,
            "reinvestment_rate": null,
            "research_to_sale_ratio": null,
            "price_fair": 0,
            "eps_avg_yearly": 0,
            "eps_latest_yearly": 0,
            "eps_growth_yearly": 0
        },
        "20152": {
            "year_quarter": 20152,
            "year": 2015,
            "quarter": 2,
            "eps": null,
            "eps_growth_year": null,
            "eps_4q": null,
            "eps_4q_growth_year": null,
            "roe": null,
            "roe_4q": 0,
            "gross_profit": null,
            "gross_margin": null,
            "gross_margin_4q_avg": 0,
            "net_income": null,
            "net_income_4q": null,
            "revenue": null,
            "revenue_4q": null,
            "common_shares": 203000,
            "book_valuer_per_share": 21.25,
            "book_valuer_per_share_4q_avg": 11.04,
            "equity": 431417,
            "current_ratio": 280.2,
            "debt_ratio": 34.96,
            "inventory_turnover_ratio": null,
            "account_receivable_turnover_ratio": null,
            "reinvestment_rate": null,
            "research_to_sale_ratio": null,
            "price_fair": 0,
            "eps_avg_yearly": 0,
            "eps_latest_yearly": 0,
            "eps_growth_yearly": 0
        },
        "20153": {
            "year_quarter": 20153,
            "year": 2015,
            "quarter": 3,
            "eps": null,
            "eps_growth_year": null,
            "eps_4q": null,
            "eps_4q_growth_year": null,
            "roe": null,
            "roe_4q": 0,
            "gross_profit": null,
            "gross_margin": null,
            "gross_margin_4q_avg": 0,
            "net_income": null,
            "net_income_4q": null,
            "revenue": null,
            "revenue_4q": null,
            "common_shares": null,
            "book_valuer_per_share": null,
            "book_valuer_per_share_4q_avg": 11.04,
            "equity": null,
            "current_ratio": null,
            "debt_ratio": null,
            "inventory_turnover_ratio": null,
            "account_receivable_turnover_ratio": null,
            "reinvestment_rate": null,
            "research_to_sale_ratio": null,
            "price_fair": 0,
            "eps_avg_yearly": 0,
            "eps_latest_yearly": 0,
            "eps_growth_yearly": 0
        },
        "20154": {
            "year_quarter": 20154,
            "year": 2015,
            "quarter": 4,
            "eps": null,
            "eps_growth_year": null,
            "eps_4q": null,
            "eps_4q_growth_year": null,
            "roe": null,
            "roe_4q": 0,
            "gross_profit": null,
            "gross_margin": null,
            "gross_margin_4q_avg": 0,
            "net_income": null,
            "net_income_4q": null,
            "revenue": null,
            "revenue_4q": null,
            "common_shares": 222800,
            "book_valuer_per_share": 20.93,
            "book_valuer_per_share_4q_avg": 10.55,
            "equity": 466230,
            "current_ratio": 402.49,
            "debt_ratio": 24.14,
            "inventory_turnover_ratio": null,
            "account_receivable_turnover_ratio": null,
            "reinvestment_rate": null,
            "research_to_sale_ratio": null,
            "price_fair": 0,
            "eps_avg_yearly": 0,
            "eps_latest_yearly": 0,
            "eps_growth_yearly": 0
        },
        "20161": {
            "year_quarter": 20161,
            "year": 2016,
            "quarter": 1,
            "eps": null,
            "eps_growth_year": null,
            "eps_4q": null,
            "eps_4q_growth_year": null,
            "roe": null,
            "roe_4q": 0,
            "gross_profit": null,
            "gross_margin": null,
            "gross_margin_4q_avg": 0,
            "net_income": null,
            "net_income_4q": null,
            "revenue": null,
            "revenue_4q": null,
            "common_shares": null,
            "book_valuer_per_share": null,
            "book_valuer_per_share_4q_avg": 10.55,
            "equity": null,
            "current_ratio": null,
            "debt_ratio": null,
            "inventory_turnover_ratio": null,
            "account_receivable_turnover_ratio": null,
            "reinvestment_rate": null,
            "research_to_sale_ratio": null,
            "price_fair": 0,
            "eps_avg_yearly": 0,
            "eps_latest_yearly": 0,
            "eps_growth_yearly": 0
        },
        "20162": {
            "year_quarter": 20162,
            "year": 2016,
            "quarter": 2,
            "eps": null,
            "eps_growth_year": null,
            "eps_4q": null,
            "eps_4q_growth_year": null,
            "roe": null,
            "roe_4q": 0,
            "gross_profit": null,
            "gross_margin": null,
            "gross_margin_4q_avg": 0,
            "net_income": null,
            "net_income_4q": null,
            "revenue": null,
            "revenue_4q": null,
            "common_shares": 227175,
            "book_valuer_per_share": 20.47,
            "book_valuer_per_share_4q_avg": 10.35,
            "equity": 465068,
            "current_ratio": 243.54,
            "debt_ratio": 39.41,
            "inventory_turnover_ratio": null,
            "account_receivable_turnover_ratio": null,
            "reinvestment_rate": null,
            "research_to_sale_ratio": null,
            "price_fair": 0,
            "eps_avg_yearly": 0,
            "eps_latest_yearly": 0,
            "eps_growth_yearly": 0
        },
        "20163": {
            "year_quarter": 20163,
            "year": 2016,
            "quarter": 3,
            "eps": null,
            "eps_growth_year": null,
            "eps_4q": null,
            "eps_4q_growth_year": null,
            "roe": null,
            "roe_4q": 0,
            "gross_profit": null,
            "gross_margin": null,
            "gross_margin_4q_avg": 0,
            "net_income": null,
            "net_income_4q": null,
            "revenue": null,
            "revenue_4q": null,
            "common_shares": null,
            "book_valuer_per_share": null,
            "book_valuer_per_share_4q_avg": 10.35,
            "equity": null,
            "current_ratio": null,
            "debt_ratio": null,
            "inventory_turnover_ratio": null,
            "account_receivable_turnover_ratio": null,
            "reinvestment_rate": null,
            "research_to_sale_ratio": null,
            "price_fair": 0,
            "eps_avg_yearly": 0,
            "eps_latest_yearly": 0,
            "eps_growth_yearly": 0
        },
        "20164": {
            "year_quarter": 20164,
            "year": 2016,
            "quarter": 4,
            "eps": null,
            "eps_growth_year": null,
            "eps_4q": null,
            "eps_4q_growth_year": null,
            "roe": null,
            "roe_4q": 0,
            "gross_profit": null,
            "gross_margin": null,
            "gross_margin_4q_avg": 0,
            "net_income": null,
            "net_income_4q": null,
            "revenue": null,
            "revenue_4q": null,
            "common_shares": null,
            "book_valuer_per_share": null,
            "book_valuer_per_share_4q_avg": 5.12,
            "equity": null,
            "current_ratio": null,
            "debt_ratio": null,
            "inventory_turnover_ratio": null,
            "account_receivable_turnover_ratio": null,
            "reinvestment_rate": null,
            "research_to_sale_ratio": null,
            "price_fair": 0,
            "eps_avg_yearly": 0,
            "eps_latest_yearly": 0,
            "eps_growth_yearly": 0
        },
        "20171": {
            "year_quarter": 20171,
            "year": 2017,
            "quarter": 1,
            "eps": 0.35,
            "eps_growth_year": null,
            "eps_4q": null,
            "eps_4q_growth_year": null,
            "roe": 1.45,
            "roe_4q": 1.45,
            "gross_profit": 52784,
            "gross_margin": 27.82,
            "gross_margin_4q_avg": 6.96,
            "net_income": 7937,
            "net_income_4q": null,
            "revenue": 189724,
            "revenue_4q": null,
            "common_shares": 230213,
            "book_valuer_per_share": 23.85,
            "book_valuer_per_share_4q_avg": 11.08,
            "equity": 549075,
            "current_ratio": 360.4,
            "debt_ratio": 26.4,
            "inventory_turnover_ratio": 0.75,
            "account_receivable_turnover_ratio": 1.85,
            "reinvestment_rate": null,
            "research_to_sale_ratio": 6.33,
            "price_fair": 0,
            "eps_avg_yearly": 0,
            "eps_latest_yearly": 0,
            "eps_growth_yearly": 0
        },
        "20172": {
            "year_quarter": 20172,
            "year": 2017,
            "quarter": 2,
            "eps": 0.55,
            "eps_growth_year": null,
            "eps_4q": null,
            "eps_4q_growth_year": null,
            "roe": 2.41,
            "roe_4q": 3.8600000000000003,
            "gross_profit": 40807,
            "gross_margin": 21.08,
            "gross_margin_4q_avg": 12.23,
            "net_income": 12559,
            "net_income_4q": null,
            "revenue": 193605,
            "revenue_4q": null,
            "common_shares": 230213,
            "book_valuer_per_share": 21.4,
            "book_valuer_per_share_4q_avg": 11.31,
            "equity": 492714,
            "current_ratio": 202.05,
            "debt_ratio": 47.61,
            "inventory_turnover_ratio": 0.79,
            "account_receivable_turnover_ratio": 1.63,
            "reinvestment_rate": null,
            "research_to_sale_ratio": 6.71,
            "price_fair": 77,
            "eps_avg_yearly": 2.2,
            "eps_latest_yearly": 2.2,
            "eps_growth_yearly": 228.57
        },
        "20173": {
            "year_quarter": 20173,
            "year": 2017,
            "quarter": 3,
            "eps": 3.28,
            "eps_growth_year": null,
            "eps_4q": null,
            "eps_4q_growth_year": null,
            "roe": 13.23,
            "roe_4q": 17.09,
            "gross_profit": 184064,
            "gross_margin": 31.62,
            "gross_margin_4q_avg": 20.13,
            "net_income": 83677,
            "net_income_4q": null,
            "revenue": 582104,
            "revenue_4q": null,
            "common_shares": 287564,
            "book_valuer_per_share": 26.85,
            "book_valuer_per_share_4q_avg": 18.03,
            "equity": 772010,
            "current_ratio": 229.99,
            "debt_ratio": 42.15,
            "inventory_turnover_ratio": 1.42,
            "account_receivable_turnover_ratio": 2.17,
            "reinvestment_rate": null,
            "research_to_sale_ratio": 3.05,
            "price_fair": 268.1,
            "eps_avg_yearly": 7.66,
            "eps_latest_yearly": 13.12,
            "eps_growth_yearly": 1107.01
        },
        "20174": {
            "year_quarter": 20174,
            "year": 2017,
            "quarter": 4,
            "eps": 1.67,
            "eps_growth_year": null,
            "eps_4q": 5.3,
            "eps_4q_growth_year": null,
            "roe": 6.04,
            "roe_4q": 23.13,
            "gross_profit": 125974,
            "gross_margin": 28.4,
            "gross_margin_4q_avg": 27.23,
            "net_income": 48099,
            "net_income_4q": null,
            "revenue": 443590,
            "revenue_4q": null,
            "common_shares": 287564,
            "book_valuer_per_share": 28.53,
            "book_valuer_per_share_4q_avg": 25.16,
            "equity": 820390,
            "current_ratio": 458.2,
            "debt_ratio": 21.07,
            "inventory_turnover_ratio": 1.12,
            "account_receivable_turnover_ratio": 1.46,
            "reinvestment_rate": null,
            "research_to_sale_ratio": 3.85,
            "price_fair": 256.67,
            "eps_avg_yearly": 7.33,
            "eps_latest_yearly": 6.68,
            "eps_growth_yearly": 672.56
        },
        "20181": {
            "year_quarter": 20181,
            "year": 2018,
            "quarter": 1,
            "eps": 0.14,
            "eps_growth_year": -60,
            "eps_4q": 5.1,
            "eps_4q_growth_year": null,
            "roe": 0.5,
            "roe_4q": 22.18,
            "gross_profit": 28567,
            "gross_margin": 17.46,
            "gross_margin_4q_avg": 24.64,
            "net_income": 4105,
            "net_income_4q": null,
            "revenue": 163649,
            "revenue_4q": null,
            "common_shares": 290927,
            "book_valuer_per_share": 28.44,
            "book_valuer_per_share_4q_avg": 26.31,
            "equity": 827298,
            "current_ratio": 565.32,
            "debt_ratio": 17.07,
            "inventory_turnover_ratio": 0.64,
            "account_receivable_turnover_ratio": 1.05,
            "reinvestment_rate": null,
            "research_to_sale_ratio": 6.38,
            "price_fair": 197.4,
            "eps_avg_yearly": 5.64,
            "eps_latest_yearly": 0.56,
            "eps_growth_yearly": 412.8
        },
        "20182": {
            "year_quarter": 20182,
            "year": 2018,
            "quarter": 2,
            "eps": 0.48,
            "eps_growth_year": -12.73,
            "eps_4q": 4.91,
            "eps_4q_growth_year": null,
            "roe": 1.81,
            "roe_4q": 21.58,
            "gross_profit": 38719,
            "gross_margin": 15.24,
            "gross_margin_4q_avg": 23.18,
            "net_income": 14049,
            "net_income_4q": null,
            "revenue": 254123,
            "revenue_4q": null,
            "common_shares": 290927,
            "book_valuer_per_share": 24.94,
            "book_valuer_per_share_4q_avg": 27.19,
            "equity": 725672,
            "current_ratio": 282.36,
            "debt_ratio": 34.28,
            "inventory_turnover_ratio": 0.85,
            "account_receivable_turnover_ratio": 2.07,
            "reinvestment_rate": null,
            "research_to_sale_ratio": 5.81,
            "price_fair": 171.36,
            "eps_avg_yearly": 4.9,
            "eps_latest_yearly": 1.92,
            "eps_growth_yearly": 524.53
        },
        "20183": {
            "year_quarter": 20183,
            "year": 2018,
            "quarter": 3,
            "eps": 0.91,
            "eps_growth_year": -72.26,
            "eps_4q": 3.08,
            "eps_4q_growth_year": null,
            "roe": 3.76,
            "roe_4q": 12.11,
            "gross_profit": 72248,
            "gross_margin": 17.92,
            "gross_margin_4q_avg": 19.76,
            "net_income": 27834,
            "net_income_4q": null,
            "revenue": 403213,
            "revenue_4q": null,
            "common_shares": 305473,
            "book_valuer_per_share": 24.69,
            "book_valuer_per_share_4q_avg": 26.65,
            "equity": 754085,
            "current_ratio": 418.23,
            "debt_ratio": 23,
            "inventory_turnover_ratio": 1.18,
            "account_receivable_turnover_ratio": 3.07,
            "reinvestment_rate": null,
            "research_to_sale_ratio": 4.26,
            "price_fair": 164.03,
            "eps_avg_yearly": 4.69,
            "eps_latest_yearly": 3.64,
            "eps_growth_yearly": 496.83
        },
        "20184": {
            "year_quarter": 20184,
            "year": 2018,
            "quarter": 4,
            "eps": 0.5,
            "eps_growth_year": -70.34,
            "eps_4q": 2.02,
            "eps_4q_growth_year": -61.91,
            "roe": 2,
            "roe_4q": 8.07,
            "gross_profit": 48830,
            "gross_margin": 19.52,
            "gross_margin_4q_avg": 17.54,
            "net_income": 15002,
            "net_income_4q": null,
            "revenue": 250165,
            "revenue_4q": null,
            "common_shares": 307047,
            "book_valuer_per_share": 24.71,
            "book_valuer_per_share_4q_avg": 25.7,
            "equity": 747193,
            "current_ratio": 624.91,
            "debt_ratio": 15.43,
            "inventory_turnover_ratio": 0.82,
            "account_receivable_turnover_ratio": 1.68,
            "reinvestment_rate": null,
            "research_to_sale_ratio": 5.66,
            "price_fair": 150.6,
            "eps_avg_yearly": 4.3,
            "eps_latest_yearly": 2,
            "eps_growth_yearly": 400.11
        },
        "20191": {
            "year_quarter": 20191,
            "year": 2019,
            "quarter": 1,
            "eps": 0.01,
            "eps_growth_year": -92.86,
            "eps_4q": 1.91,
            "eps_4q_growth_year": -62.47,
            "roe": 0.06,
            "roe_4q": 7.630000000000001,
            "gross_profit": 26873,
            "gross_margin": 21.61,
            "gross_margin_4q_avg": 18.57,
            "net_income": 419,
            "net_income_4q": null,
            "revenue": 124346,
            "revenue_4q": null,
            "common_shares": 307047,
            "book_valuer_per_share": 24.49,
            "book_valuer_per_share_4q_avg": 24.71,
            "equity": 733014,
            "current_ratio": 645.97,
            "debt_ratio": 15.06,
            "inventory_turnover_ratio": 0.4,
            "account_receivable_turnover_ratio": 0.88,
            "reinvestment_rate": null,
            "research_to_sale_ratio": 9.97,
            "price_fair": 131.95,
            "eps_avg_yearly": 3.77,
            "eps_latest_yearly": 0.04,
            "eps_growth_yearly": 301.09
        },
        "20192": {
            "year_quarter": 20192,
            "year": 2019,
            "quarter": 2,
            "eps": 0.32,
            "eps_growth_year": -33.33,
            "eps_4q": 1.77,
            "eps_4q_growth_year": -63.96,
            "roe": 1.34,
            "roe_4q": 7.16,
            "gross_profit": 41346,
            "gross_margin": 23.47,
            "gross_margin_4q_avg": 20.63,
            "net_income": 9456,
            "net_income_4q": null,
            "revenue": 176187,
            "revenue_4q": null,
            "common_shares": 307622,
            "book_valuer_per_share": 22.75,
            "book_valuer_per_share_4q_avg": 24.16,
            "equity": 677839,
            "current_ratio": 435.37,
            "debt_ratio": 21.2,
            "inventory_turnover_ratio": 0.52,
            "account_receivable_turnover_ratio": 1.47,
            "reinvestment_rate": null,
            "research_to_sale_ratio": 8.37,
            "price_fair": 122.27,
            "eps_avg_yearly": 3.49,
            "eps_latest_yearly": 1.28,
            "eps_growth_yearly": 1645.42
        },
        "20193": {
            "year_quarter": 20193,
            "year": 2019,
            "quarter": 3,
            "eps": -0.21,
            "eps_growth_year": -123.08,
            "eps_4q": 0.62,
            "eps_4q_growth_year": -79.78,
            "roe": -0.94,
            "roe_4q": 2.46,
            "gross_profit": 23739,
            "gross_margin": 17.71,
            "gross_margin_4q_avg": 20.58,
            "net_income": -6317,
            "net_income_4q": null,
            "revenue": 134061,
            "revenue_4q": null,
            "common_shares": 307622,
            "book_valuer_per_share": 22.55,
            "book_valuer_per_share_4q_avg": 23.63,
            "equity": 672056,
            "current_ratio": 119.68,
            "debt_ratio": 45.68,
            "inventory_turnover_ratio": 0.41,
            "account_receivable_turnover_ratio": 1.31,
            "reinvestment_rate": null,
            "research_to_sale_ratio": 8.65,
            "price_fair": 122.27,
            "eps_avg_yearly": 3.49,
            "eps_latest_yearly": 1.28,
            "eps_growth_yearly": 1645.42
        },
        "20194": {
            "year_quarter": 20194,
            "year": 2019,
            "quarter": 4,
            "eps": -0.04,
            "eps_growth_year": -107.06,
            "eps_4q": 0.08,
            "eps_4q_growth_year": -95.82,
            "roe": -0.16,
            "roe_4q": 0.3000000000000002,
            "gross_profit": 45755,
            "gross_margin": 22.87,
            "gross_margin_4q_avg": 21.42,
            "net_income": -1044,
            "net_income_4q": null,
            "revenue": 200077,
            "revenue_4q": null,
            "common_shares": 307622,
            "book_valuer_per_share": 22.48,
            "book_valuer_per_share_4q_avg": 23.07,
            "equity": 669727,
            "current_ratio": 114.97,
            "debt_ratio": 52.1,
            "inventory_turnover_ratio": 0.56,
            "account_receivable_turnover_ratio": 1.67,
            "reinvestment_rate": null,
            "research_to_sale_ratio": 6.41,
            "price_fair": 122.27,
            "eps_avg_yearly": 3.49,
            "eps_latest_yearly": 1.28,
            "eps_growth_yearly": 1645.42
        },
        "20201": {
            "year_quarter": 20201,
            "year": 2020,
            "quarter": 1,
            "eps": 0.58,
            "eps_growth_year": 5700,
            "eps_4q": 0.65,
            "eps_4q_growth_year": -65.99,
            "roe": 2.53,
            "roe_4q": 2.7699999999999996,
            "gross_profit": 68052,
            "gross_margin": 21.73,
            "gross_margin_4q_avg": 21.45,
            "net_income": 17308,
            "net_income_4q": null,
            "revenue": 313217,
            "revenue_4q": null,
            "common_shares": 307622,
            "book_valuer_per_share": 23.4,
            "book_valuer_per_share_4q_avg": 22.8,
            "equity": 697389,
            "current_ratio": 259.86,
            "debt_ratio": 58.58,
            "inventory_turnover_ratio": 1.01,
            "account_receivable_turnover_ratio": 1.97,
            "reinvestment_rate": null,
            "research_to_sale_ratio": 4.4,
            "price_fair": 122.27,
            "eps_avg_yearly": 3.49,
            "eps_latest_yearly": 1.28,
            "eps_growth_yearly": 1645.42
        },
        "20202": {
            "year_quarter": 20202,
            "year": 2020,
            "quarter": 2,
            "eps": -0.48,
            "eps_growth_year": -250,
            "eps_4q": -0.15,
            "eps_4q_growth_year": -108.27,
            "roe": -1.96,
            "roe_4q": -0.5300000000000001,
            "gross_profit": 34618,
            "gross_margin": 15,
            "gross_margin_4q_avg": 19.33,
            "net_income": -14796,
            "net_income_4q": null,
            "revenue": 230795,
            "revenue_4q": null,
            "common_shares": 307622,
            "book_valuer_per_share": 25.34,
            "book_valuer_per_share_4q_avg": 23.44,
            "equity": 809483,
            "current_ratio": 245.51,
            "debt_ratio": 58.81,
            "inventory_turnover_ratio": 0.89,
            "account_receivable_turnover_ratio": 1.23,
            "reinvestment_rate": null,
            "research_to_sale_ratio": 5.04,
            "price_fair": 122.27,
            "eps_avg_yearly": 3.49,
            "eps_latest_yearly": 1.28,
            "eps_growth_yearly": 1645.42
        },
        "20203": {
            "year_quarter": 20203,
            "year": 2020,
            "quarter": 3,
            "eps": -0.64,
            "eps_growth_year": null,
            "eps_4q": -0.56,
            "eps_4q_growth_year": -190.25,
            "roe": -2.42,
            "roe_4q": -2.0100000000000002,
            "gross_profit": 15339,
            "gross_margin": 5.04,
            "gross_margin_4q_avg": 16.16,
            "net_income": -23070,
            "net_income_4q": null,
            "revenue": 304080,
            "revenue_4q": null,
            "common_shares": 331383,
            "book_valuer_per_share": 28.53,
            "book_valuer_per_share_4q_avg": 24.94,
            "equity": 1096340,
            "current_ratio": 217.62,
            "debt_ratio": 45.37,
            "inventory_turnover_ratio": 0.98,
            "account_receivable_turnover_ratio": 1.53,
            "reinvestment_rate": null,
            "research_to_sale_ratio": 5.49,
            "price_fair": 122.27,
            "eps_avg_yearly": 3.49,
            "eps_latest_yearly": 1.28,
            "eps_growth_yearly": 1645.42
        },
        "20204": {
            "year_quarter": 20204,
            "year": 2020,
            "quarter": 4,
            "eps": -0.57,
            "eps_growth_year": null,
            "eps_4q": -1.1,
            "eps_4q_growth_year": -1408.28,
            "roe": -1.99,
            "roe_4q": -3.8400000000000003,
            "gross_profit": 19850,
            "gross_margin": 4.25,
            "gross_margin_4q_avg": 11.51,
            "net_income": -22452,
            "net_income_4q": null,
            "revenue": 467289,
            "revenue_4q": null,
            "common_shares": 384294,
            "book_valuer_per_share": 27.88,
            "book_valuer_per_share_4q_avg": 26.29,
            "equity": 1162013,
            "current_ratio": 336.98,
            "debt_ratio": 60.42,
            "inventory_turnover_ratio": 1.29,
            "account_receivable_turnover_ratio": 1.89,
            "reinvestment_rate": 462.5,
            "research_to_sale_ratio": 3.79,
            "price_fair": 122.27,
            "eps_avg_yearly": 3.49,
            "eps_latest_yearly": 1.28,
            "eps_growth_yearly": 1645.42
        },
        "20211": {
            "year_quarter": 20211,
            "year": 2021,
            "quarter": 1,
            "eps": -1.16,
            "eps_growth_year": -300,
            "eps_4q": -2.71,
            "eps_4q_growth_year": -515.91,
            "roe": -4.24,
            "roe_4q": -10.61,
            "gross_profit": 4419,
            "gross_margin": 1.8,
            "gross_margin_4q_avg": 6.52,
            "net_income": -51234,
            "net_income_4q": null,
            "revenue": 245866,
            "revenue_4q": null,
            "common_shares": 385768,
            "book_valuer_per_share": 27.68,
            "book_valuer_per_share_4q_avg": 27.36,
            "equity": 1254279,
            "current_ratio": 188.03,
            "debt_ratio": 60.86,
            "inventory_turnover_ratio": 0.67,
            "account_receivable_turnover_ratio": 1.15,
            "reinvestment_rate": 722.57,
            "research_to_sale_ratio": 5.98,
            "price_fair": 122.27,
            "eps_avg_yearly": 3.49,
            "eps_latest_yearly": 1.28,
            "eps_growth_yearly": 1645.42
        },
        "20212": {
            "year_quarter": 20212,
            "year": 2021,
            "quarter": 2,
            "eps": -1.08,
            "eps_growth_year": null,
            "eps_4q": -3.41,
            "eps_4q_growth_year": null,
            "roe": -4.04,
            "roe_4q": -12.690000000000001,
            "gross_profit": 10005,
            "gross_margin": 1.09,
            "gross_margin_4q_avg": 3.05,
            "net_income": -51223,
            "net_income_4q": null,
            "revenue": 921803,
            "revenue_4q": null,
            "common_shares": 385768,
            "book_valuer_per_share": 26.68,
            "book_valuer_per_share_4q_avg": 27.69,
            "equity": 1283986,
            "current_ratio": 210.82,
            "debt_ratio": 58.16,
            "inventory_turnover_ratio": 2.34,
            "account_receivable_turnover_ratio": 3.33,
            "reinvestment_rate": 1351.89,
            "research_to_sale_ratio": 1.22,
            "price_fair": 127.93,
            "eps_avg_yearly": 3.66,
            "eps_latest_yearly": 1.28,
            "eps_growth_yearly": 1822.52
        },
        "20213": {
            "year_quarter": 20213,
            "year": 2021,
            "quarter": 3,
            "eps": -1.53,
            "eps_growth_year": null,
            "eps_4q": -4.08,
            "eps_4q_growth_year": null,
            "roe": -6.05,
            "roe_4q": -16.32,
            "gross_profit": 271,
            "gross_margin": 0.12,
            "gross_margin_4q_avg": 1.82,
            "net_income": -75336,
            "net_income_4q": null,
            "revenue": 229820,
            "revenue_4q": null,
            "common_shares": 424345,
            "book_valuer_per_share": 22.73,
            "book_valuer_per_share_4q_avg": 26.24,
            "equity": 1208452,
            "current_ratio": 289.59,
            "debt_ratio": 58.64,
            "inventory_turnover_ratio": 0.67,
            "account_receivable_turnover_ratio": 0.52,
            "reinvestment_rate": null,
            "research_to_sale_ratio": 4.95,
            "price_fair": 80.6,
            "eps_avg_yearly": 2.3,
            "eps_latest_yearly": 1.28,
            "eps_growth_yearly": 1799.25
        },
        "20214": {
            "year_quarter": 20214,
            "year": 2021,
            "quarter": 4,
            "eps": 0.67,
            "eps_growth_year": null,
            "eps_4q": -2.85,
            "eps_4q_growth_year": null,
            "roe": 3.45,
            "roe_4q": -10.879999999999999,
            "gross_profit": 88107,
            "gross_margin": 68.36,
            "gross_margin_4q_avg": 17.84,
            "net_income": 42866,
            "net_income_4q": null,
            "revenue": 128886,
            "revenue_4q": null,
            "common_shares": 424345,
            "book_valuer_per_share": 23.74,
            "book_valuer_per_share_4q_avg": 25.21,
            "equity": 1276971,
            "current_ratio": 196.56,
            "debt_ratio": 52.09,
            "inventory_turnover_ratio": 0.14,
            "account_receivable_turnover_ratio": 0.44,
            "reinvestment_rate": null,
            "research_to_sale_ratio": 7.4,
            "price_fair": 55.07,
            "eps_avg_yearly": 1.57,
            "eps_latest_yearly": 1.28,
            "eps_growth_yearly": 2131.85
        },
        "20221": {
            "year_quarter": 20221,
            "year": 2022,
            "quarter": 1,
            "eps": -0.11,
            "eps_growth_year": null,
            "eps_4q": -1.91,
            "eps_4q_growth_year": null,
            "roe": -0.46,
            "roe_4q": -7.1,
            "gross_profit": 19994,
            "gross_margin": 16.2,
            "gross_margin_4q_avg": 21.44,
            "net_income": -5379,
            "net_income_4q": null,
            "revenue": 123401,
            "revenue_4q": null,
            "common_shares": 429133,
            "book_valuer_per_share": 23.92,
            "book_valuer_per_share_4q_avg": 24.27,
            "equity": 1037124,
            "current_ratio": 165.46,
            "debt_ratio": 52.53,
            "inventory_turnover_ratio": 0.34,
            "account_receivable_turnover_ratio": 0.96,
            "reinvestment_rate": null,
            "research_to_sale_ratio": 8.71,
            "price_fair": 62.16,
            "eps_avg_yearly": 1.78,
            "eps_latest_yearly": 1.28,
            "eps_growth_yearly": 2631.51
        },
        "20222": {
            "year_quarter": 20222,
            "year": 2022,
            "quarter": 2,
            "eps": -0.2,
            "eps_growth_year": null,
            "eps_4q": -1.14,
            "eps_4q_growth_year": null,
            "roe": -0.91,
            "roe_4q": -3.9699999999999998,
            "gross_profit": 16743,
            "gross_margin": 14.52,
            "gross_margin_4q_avg": 24.8,
            "net_income": -9353,
            "net_income_4q": null,
            "revenue": 115302,
            "revenue_4q": null,
            "common_shares": 433185,
            "book_valuer_per_share": 23.71,
            "book_valuer_per_share_4q_avg": 23.53,
            "equity": 1027635,
            "current_ratio": 129.22,
            "debt_ratio": 53.48,
            "inventory_turnover_ratio": 0.31,
            "account_receivable_turnover_ratio": 0.92,
            "reinvestment_rate": null,
            "research_to_sale_ratio": 4.2,
            "price_fair": 60.9,
            "eps_avg_yearly": 1.74,
            "eps_latest_yearly": 1.28,
            "eps_growth_yearly": 3046.53
        },
        "20223": {
            "year_quarter": 20223,
            "year": 2022,
            "quarter": 3,
            "eps": 0.45,
            "eps_growth_year": null,
            "eps_4q": 0.81,
            "eps_4q_growth_year": null,
            "roe": 1.85,
            "roe_4q": 3.93,
            "gross_profit": 29802,
            "gross_margin": 18.81,
            "gross_margin_4q_avg": 29.47,
            "net_income": 19210,
            "net_income_4q": null,
            "revenue": 158427,
            "revenue_4q": null,
            "common_shares": 433185,
            "book_valuer_per_share": 24.16,
            "book_valuer_per_share_4q_avg": 23.88,
            "equity": 1046786,
            "current_ratio": 130.32,
            "debt_ratio": 58.45,
            "inventory_turnover_ratio": 0.38,
            "account_receivable_turnover_ratio": 0.97,
            "reinvestment_rate": null,
            "research_to_sale_ratio": 6.82,
            "price_fair": 38.73,
            "eps_avg_yearly": 1.11,
            "eps_latest_yearly": 1.28,
            "eps_growth_yearly": 3942.59
        },
        "20224": {
            "year_quarter": 20224,
            "year": 2022,
            "quarter": 4,
            "eps": -0.12,
            "eps_growth_year": -118.69,
            "eps_4q": 0.02,
            "eps_4q_growth_year": null,
            "roe": -0.53,
            "roe_4q": -0.04999999999999999,
            "gross_profit": 34418,
            "gross_margin": 18.69,
            "gross_margin_4q_avg": 17.06,
            "net_income": -5518,
            "net_income_4q": null,
            "revenue": 184184,
            "revenue_4q": null,
            "common_shares": 433185,
            "book_valuer_per_share": 24.04,
            "book_valuer_per_share_4q_avg": 23.96,
            "equity": 1041198,
            "current_ratio": 165.41,
            "debt_ratio": 42.96,
            "inventory_turnover_ratio": 0.45,
            "account_receivable_turnover_ratio": 0.94,
            "reinvestment_rate": null,
            "research_to_sale_ratio": 6.43,
            "price_fair": 23.1,
            "eps_avg_yearly": 0.66,
            "eps_latest_yearly": 1.28,
            "eps_growth_yearly": 6004
        },
        "20231": {
            "year_quarter": 20231,
            "year": 2023,
            "quarter": 1,
            "eps": -0.46,
            "eps_growth_year": null,
            "eps_4q": -0.34,
            "eps_4q_growth_year": null,
            "roe": -1.95,
            "roe_4q": -1.54,
            "gross_profit": 34281,
            "gross_margin": 21.38,
            "gross_margin_4q_avg": 18.35,
            "net_income": -20080,
            "net_income_4q": null,
            "revenue": 160338,
            "revenue_4q": null,
            "common_shares": 433185,
            "book_valuer_per_share": 23.57,
            "book_valuer_per_share_4q_avg": 23.87,
            "equity": 1021106,
            "current_ratio": 157.96,
            "debt_ratio": 44.54,
            "inventory_turnover_ratio": 0.38,
            "account_receivable_turnover_ratio": 0.88,
            "reinvestment_rate": null,
            "research_to_sale_ratio": 8.4,
            "price_fair": 44.8,
            "eps_avg_yearly": 1.28,
            "eps_latest_yearly": 1.28,
            "eps_growth_yearly": 12400
        },
        "20232": {
            "year_quarter": 20232,
            "year": 2023,
            "quarter": 2,
            "eps": -0.8,
            "eps_growth_year": null,
            "eps_4q": -0.83,
            "eps_4q_growth_year": null,
            "roe": -2.97,
            "roe_4q": -3.6,
            "gross_profit": 32301,
            "gross_margin": 15.99,
            "gross_margin_4q_avg": 18.72,
            "net_income": -36664,
            "net_income_4q": null,
            "revenue": 202039,
            "revenue_4q": null,
            "common_shares": 533185,
            "book_valuer_per_share": 27.08,
            "book_valuer_per_share_4q_avg": 24.71,
            "equity": 1445445,
            "current_ratio": 419.59,
            "debt_ratio": 25.73,
            "inventory_turnover_ratio": 0.54,
            "account_receivable_turnover_ratio": 1.01,
            "reinvestment_rate": null,
            "research_to_sale_ratio": 9.31,
            "price_fair": 0,
            "eps_avg_yearly": 0,
            "eps_latest_yearly": 0,
            "eps_growth_yearly": 0
        }
    },
    "months": {
        "2013-12": {
            "month": "2013-12",
            "price": "82.14",
            "revenue": 141031
        },
        "2014-01": {
            "month": "2014-01",
            "price": "96.46",
            "revenue": 107890
        },
        "2014-02": {
            "month": "2014-02",
            "price": "109.30",
            "revenue": 96851
        },
        "2014-03": {
            "month": "2014-03",
            "price": "136.48",
            "revenue": 40380
        },
        "2014-04": {
            "month": "2014-04",
            "price": "110.39",
            "revenue": 81116
        },
        "2014-05": {
            "month": "2014-05",
            "price": "112.29",
            "revenue": 66291
        },
        "2014-06": {
            "month": "2014-06",
            "price": "136.44",
            "revenue": 71786
        },
        "2014-07": {
            "month": "2014-07",
            "price": "139.32",
            "revenue": 52033
        },
        "2014-08": {
            "month": "2014-08",
            "price": "127.31",
            "revenue": 56017
        },
        "2014-09": {
            "month": "2014-09",
            "price": "120.24",
            "revenue": 85024
        },
        "2014-10": {
            "month": "2014-10",
            "price": "61.14",
            "revenue": 56132
        },
        "2014-11": {
            "month": "2014-11",
            "price": "52.05",
            "revenue": 76873
        },
        "2014-12": {
            "month": "2014-12",
            "price": "64.94",
            "revenue": 62340
        },
        "2015-01": {
            "month": "2015-01",
            "price": "60.17",
            "revenue": 86585
        },
        "2015-02": {
            "month": "2015-02",
            "price": "56.22",
            "revenue": 52072
        },
        "2015-03": {
            "month": "2015-03",
            "price": "60.59",
            "revenue": 75146
        },
        "2015-04": {
            "month": "2015-04",
            "price": "61.58",
            "revenue": 62375
        },
        "2015-05": {
            "month": "2015-05",
            "price": "59.81",
            "revenue": 83294
        },
        "2015-06": {
            "month": "2015-06",
            "price": "60.16",
            "revenue": 68526
        },
        "2015-07": {
            "month": "2015-07",
            "price": "56.83",
            "revenue": 89277
        },
        "2015-08": {
            "month": "2015-08",
            "price": "47.39",
            "revenue": 102246
        },
        "2015-09": {
            "month": "2015-09",
            "price": "41.67",
            "revenue": 73306
        },
        "2015-10": {
            "month": "2015-10",
            "price": "39.18",
            "revenue": 55450
        },
        "2015-11": {
            "month": "2015-11",
            "price": "36.70",
            "revenue": 63061
        },
        "2015-12": {
            "month": "2015-12",
            "price": "39.71",
            "revenue": 52174
        },
        "2016-01": {
            "month": "2016-01",
            "price": "38.68",
            "revenue": 55051
        },
        "2016-02": {
            "month": "2016-02",
            "price": "37.76",
            "revenue": 41696
        },
        "2016-03": {
            "month": "2016-03",
            "price": "36.90",
            "revenue": 81726
        },
        "2016-04": {
            "month": "2016-04",
            "price": "39.13",
            "revenue": 97519
        },
        "2016-05": {
            "month": "2016-05",
            "price": "41.29",
            "revenue": 97065
        },
        "2016-06": {
            "month": "2016-06",
            "price": "48.26",
            "revenue": 101297
        },
        "2016-07": {
            "month": "2016-07",
            "price": "49.99",
            "revenue": 134410
        },
        "2016-08": {
            "month": "2016-08",
            "price": "51.68",
            "revenue": 106125
        },
        "2016-09": {
            "month": "2016-09",
            "price": "58.64",
            "revenue": 84529
        },
        "2016-10": {
            "month": "2016-10",
            "price": "61.28",
            "revenue": 109991
        },
        "2016-11": {
            "month": "2016-11",
            "price": "55.62",
            "revenue": 106801
        },
        "2016-12": {
            "month": "2016-12",
            "price": "57.89",
            "revenue": 76226
        },
        "2017-01": {
            "month": "2017-01",
            "price": "61.86",
            "revenue": 56828
        },
        "2017-02": {
            "month": "2017-02",
            "price": "63.07",
            "revenue": 65473
        },
        "2017-03": {
            "month": "2017-03",
            "price": "67.84",
            "revenue": 67423
        },
        "2017-04": {
            "month": "2017-04",
            "price": "68.70",
            "revenue": 50800
        },
        "2017-05": {
            "month": "2017-05",
            "price": "69.80",
            "revenue": 68961
        },
        "2017-06": {
            "month": "2017-06",
            "price": "70.37",
            "revenue": 73844
        },
        "2017-07": {
            "month": "2017-07",
            "price": "72.26",
            "revenue": 82819
        },
        "2017-08": {
            "month": "2017-08",
            "price": "72.93",
            "revenue": 254787
        },
        "2017-09": {
            "month": "2017-09",
            "price": "71.26",
            "revenue": 244497
        },
        "2017-10": {
            "month": "2017-10",
            "price": "75.48",
            "revenue": 262016
        },
        "2017-11": {
            "month": "2017-11",
            "price": "75.77",
            "revenue": 72870
        },
        "2017-12": {
            "month": "2017-12",
            "price": "66.60",
            "revenue": 109299
        },
        "2018-01": {
            "month": "2018-01",
            "price": "66.90",
            "revenue": 62976
        },
        "2018-02": {
            "month": "2018-02",
            "price": "64.49",
            "revenue": 44619
        },
        "2018-03": {
            "month": "2018-03",
            "price": "63.98",
            "revenue": 55460
        },
        "2018-04": {
            "month": "2018-04",
            "price": "61.78",
            "revenue": 69168
        },
        "2018-05": {
            "month": "2018-05",
            "price": "58.98",
            "revenue": 90210
        },
        "2018-06": {
            "month": "2018-06",
            "price": "62.73",
            "revenue": 94746
        },
        "2018-07": {
            "month": "2018-07",
            "price": "63.36",
            "revenue": 209616
        },
        "2018-08": {
            "month": "2018-08",
            "price": "62.22",
            "revenue": 79707
        },
        "2018-09": {
            "month": "2018-09",
            "price": "53.52",
            "revenue": 113890
        },
        "2018-10": {
            "month": "2018-10",
            "price": "50.55",
            "revenue": 103607
        },
        "2018-11": {
            "month": "2018-11",
            "price": "49.43",
            "revenue": 93111
        },
        "2018-12": {
            "month": "2018-12",
            "price": "46.44",
            "revenue": 53447
        },
        "2019-01": {
            "month": "2019-01",
            "price": "43.31",
            "revenue": 51244
        },
        "2019-02": {
            "month": "2019-02",
            "price": "44.05",
            "revenue": 27917
        },
        "2019-03": {
            "month": "2019-03",
            "price": "43.32",
            "revenue": 45185
        },
        "2019-04": {
            "month": "2019-04",
            "price": "42.55",
            "revenue": 65384
        },
        "2019-05": {
            "month": "2019-05",
            "price": "40.72",
            "revenue": 61632
        },
        "2019-06": {
            "month": "2019-06",
            "price": "40.30",
            "revenue": 49171
        },
        "2019-07": {
            "month": "2019-07",
            "price": "39.27",
            "revenue": 39998
        },
        "2019-08": {
            "month": "2019-08",
            "price": "38.13",
            "revenue": 43889
        },
        "2019-09": {
            "month": "2019-09",
            "price": "37.33",
            "revenue": 50174
        },
        "2019-10": {
            "month": "2019-10",
            "price": "35.13",
            "revenue": 60775
        },
        "2019-11": {
            "month": "2019-11",
            "price": "38.65",
            "revenue": 67444
        },
        "2019-12": {
            "month": "2019-12",
            "price": "44.98",
            "revenue": 72709
        },
        "2020-01": {
            "month": "2020-01",
            "price": "50.45",
            "revenue": 125166
        },
        "2020-02": {
            "month": "2020-02",
            "price": "57.57",
            "revenue": 93468
        },
        "2020-03": {
            "month": "2020-03",
            "price": "61.15",
            "revenue": 94584
        },
        "2020-04": {
            "month": "2020-04",
            "price": "68.16",
            "revenue": 72216
        },
        "2020-05": {
            "month": "2020-05",
            "price": "84.28",
            "revenue": 80719
        },
        "2020-06": {
            "month": "2020-06",
            "price": "80.52",
            "revenue": 77860
        },
        "2020-07": {
            "month": "2020-07",
            "price": "85.81",
            "revenue": 92111
        },
        "2020-08": {
            "month": "2020-08",
            "price": "120.90",
            "revenue": 103342
        },
        "2020-09": {
            "month": "2020-09",
            "price": "120.11",
            "revenue": 108627
        },
        "2020-10": {
            "month": "2020-10",
            "price": "143.24",
            "revenue": 214574
        },
        "2020-11": {
            "month": "2020-11",
            "price": "152.64",
            "revenue": 147568
        },
        "2020-12": {
            "month": "2020-12",
            "price": "132.43",
            "revenue": 105148
        },
        "2021-01": {
            "month": "2021-01",
            "price": "136.12",
            "revenue": 92438
        },
        "2021-02": {
            "month": "2021-02",
            "price": "137.62",
            "revenue": 54409
        },
        "2021-03": {
            "month": "2021-03",
            "price": "132.86",
            "revenue": 99019
        },
        "2021-04": {
            "month": "2021-04",
            "price": "118.03",
            "revenue": 321343
        },
        "2021-05": {
            "month": "2021-05",
            "price": "87.34",
            "revenue": 369975
        },
        "2021-06": {
            "month": "2021-06",
            "price": "90.71",
            "revenue": 230484
        },
        "2021-07": {
            "month": "2021-07",
            "price": "77.63",
            "revenue": 91920
        },
        "2021-08": {
            "month": "2021-08",
            "price": "55.87",
            "revenue": 75391
        },
        "2021-09": {
            "month": "2021-09",
            "price": "42.68",
            "revenue": 62508
        },
        "2021-10": {
            "month": "2021-10",
            "price": "41.35",
            "revenue": 155227
        },
        "2021-11": {
            "month": "2021-11",
            "price": "58.20",
            "revenue": 71601
        },
        "2021-12": {
            "month": "2021-12",
            "price": "55.44",
            "revenue": 44568
        },
        "2022-01": {
            "month": "2022-01",
            "price": "51.49",
            "revenue": 40117
        },
        "2022-02": {
            "month": "2022-02",
            "price": "47.05",
            "revenue": 34752
        },
        "2022-03": {
            "month": "2022-03",
            "price": "45.30",
            "revenue": 48533
        },
        "2022-04": {
            "month": "2022-04",
            "price": "49.93",
            "revenue": 42477
        },
        "2022-05": {
            "month": "2022-05",
            "price": "46.67",
            "revenue": 28657
        },
        "2022-06": {
            "month": "2022-06",
            "price": "42.55",
            "revenue": 52675
        },
        "2022-07": {
            "month": "2022-07",
            "price": "40.67",
            "revenue": 54461
        },
        "2022-08": {
            "month": "2022-08",
            "price": "41.00",
            "revenue": 50010
        },
        "2022-09": {
            "month": "2022-09",
            "price": "43.64",
            "revenue": 51339
        },
        "2022-10": {
            "month": "2022-10",
            "price": "38.98",
            "revenue": 66010
        },
        "2022-11": {
            "month": "2022-11",
            "price": "40.43",
            "revenue": 62355
        },
        "2022-12": {
            "month": "2022-12",
            "price": "50.78",
            "revenue": 60073
        },
        "2023-01": {
            "month": "2023-01",
            "price": "52.83",
            "revenue": 44535
        },
        "2023-02": {
            "month": "2023-02",
            "price": "63.94",
            "revenue": 54038
        },
        "2023-03": {
            "month": "2023-03",
            "price": "60.80",
            "revenue": 61765
        },
        "2023-04": {
            "month": "2023-04",
            "price": "59.16",
            "revenue": 70941
        },
        "2023-05": {
            "month": "2023-05",
            "price": "59.37",
            "revenue": 74202
        },
        "2023-06": {
            "month": "2023-06",
            "price": "65.88",
            "revenue": 56895
        },
        "2023-07": {
            "month": "2023-07",
            "price": "59.80",
            "revenue": 62165
        },
        "2023-08": {
            "month": "2023-08",
            "price": "53.81",
            "revenue": 58408
        },
        "2023-09": {
            "month": "2023-09",
            "price": "53.30",
            "revenue": 48329
        }
    }
}
