{
    "summary": {
        "stock_name": "光聖",
        "stock_id": "6442",
        "category": "通信網路",
        "main_business": "各種光纖及光纖連合器等之製造組立加工及買賣業務<br>通訊光電介面產品及通信網路設備之加工裝配業務<br>電子組件用精密金屬零件及電子產品之加工製造組立業務",
        "website_url": "http://www.ezconn.com",
        "ceo": "張英華",
        "pe_ratio": 22,
        "report_year_from": 2011,
        "report_year_to": 2023,
        "age": 12,
        "eps_negative_percentage": 20,
        "eps_growth_avg": {
            "last_all": 17.37,
            "last_2y": 100,
            "last_4y": 33.33,
            "last_8y": null,
            "last_12y": null,
            "last_16y": null,
            "last_20y": null,
            "at_2006_last_3y": null,
            "at_2007_last_3y": null,
            "at_2008_last_3y": null,
            "at_2009_last_3y": null,
            "at_2010_last_3y": null,
            "at_2011_last_3y": null,
            "at_2012_last_3y": null,
            "at_2013_last_3y": null,
            "at_2014_last_3y": null,
            "at_2015_last_3y": null,
            "at_2016_last_3y": null,
            "at_2017_last_3y": null,
            "at_2018_last_3y": 26.05,
            "at_2019_last_3y": -23.95,
            "at_2020_last_3y": -27.87,
            "at_2021_last_3y": 0,
            "at_2022_last_3y": 0,
            "at_2023_last_3y": 0,
            "at_2006_last_all": null,
            "at_2007_last_all": null,
            "at_2008_last_all": null,
            "at_2009_last_all": null,
            "at_2010_last_all": null,
            "at_2011_last_all": null,
            "at_2012_last_all": null,
            "at_2013_last_all": null,
            "at_2014_last_all": null,
            "at_2015_last_all": null,
            "at_2016_last_all": 43.9,
            "at_2017_last_all": 1.4,
            "at_2018_last_all": 26.05,
            "at_2019_last_all": 0.84,
            "at_2020_last_all": 0.84,
            "at_2021_last_all": 0.84,
            "at_2022_last_all": 17.37,
            "at_2023_last_all": 17.37
        },
        "latest_eps": 3.6,
        "latest_price": 80.3,
        "latest_roe": 12.75,
        "latest_gross_margin": 35.83,
        "latest_equity": 1911408,
        "latest_revenue": 698592,
        "latest_gross_profit": 250312,
        "latest_net_income": 70949,
        "latest_debt_ratio": 42.69,
        "latest_current_ratio": 230.5,
        "latest_account_receivable_turnover_ratio": 1.11,
        "latest_inventory_turnover_ratio": 0.67,
        "latest_reinvestment_rate": 58.35,
        "latest_research_to_sale_ratio": 3.87
    },
    "eps_dividends": {
        "2001": {
            "cash": 0,
            "stock": 0,
            "eps": 0
        },
        "2002": {
            "cash": 0,
            "stock": 0,
            "eps": 0
        },
        "2003": {
            "cash": 0,
            "stock": 0,
            "eps": 0
        },
        "2004": {
            "cash": 0,
            "stock": 0,
            "eps": 0
        },
        "2005": {
            "cash": 0,
            "stock": 0,
            "eps": 0
        },
        "2006": {
            "cash": 0,
            "stock": 0,
            "eps": 0
        },
        "2007": {
            "cash": 0,
            "stock": 0,
            "eps": 0
        },
        "2008": {
            "cash": 0,
            "stock": 0,
            "eps": 0
        },
        "2009": {
            "cash": 0,
            "stock": 0,
            "eps": 0
        },
        "2010": {
            "cash": 0,
            "stock": 0,
            "eps": 0
        },
        "2011": {
            "cash": 0,
            "stock": 0,
            "eps": 0
        },
        "2012": {
            "cash": 0,
            "stock": 0,
            "eps": 0
        },
        "2013": {
            "cash": 0,
            "stock": 0,
            "eps": 0
        },
        "2014": {
            "cash": 0.7,
            "stock": 0,
            "eps": 0.11
        },
        "2015": {
            "cash": 2,
            "stock": 0,
            "eps": 5
        },
        "2016": {
            "cash": 3,
            "stock": 0,
            "eps": 4.39
        },
        "2017": {
            "cash": 3.3,
            "stock": 0,
            "eps": 0.72
        },
        "2018": {
            "cash": 2,
            "stock": 0,
            "eps": 2.34
        },
        "2019": {
            "cash": 1.5,
            "stock": 0.5,
            "eps": -0.28
        },
        "2020": {
            "cash": 1.36,
            "stock": 0,
            "eps": -0.56
        },
        "2021": {
            "cash": 1,
            "stock": 0,
            "eps": 1.56
        },
        "2022": {
            "cash": 1.2,
            "stock": 0,
            "eps": 4.85
        },
        "2023": {
            "cash": 2.1,
            "stock": 0,
            "eps": 1.12
        }
    },
    "dividends": {
        "2014-10-20": {
            "cash": 0.7,
            "stock": 0
        },
        "2015-07-22": {
            "cash": 2,
            "stock": 0
        },
        "2016-08-18": {
            "cash": 3,
            "stock": 0
        },
        "2017-08-09": {
            "cash": 3.3,
            "stock": 0
        },
        "2018-07-18": {
            "cash": 2,
            "stock": 0
        },
        "2019-08-23": {
            "cash": 1.5,
            "stock": 0.5
        },
        "2020-08-31": {
            "cash": 1.36,
            "stock": 0
        },
        "2021-09-17": {
            "cash": 1,
            "stock": 0
        },
        "2022-08-23": {
            "cash": 1.2,
            "stock": 0
        },
        "2023-08-15": {
            "cash": 2.1,
            "stock": 0
        }
    },
    "prices": {
        "200101": "無",
        "200102": "無",
        "200103": "無",
        "200104": "無",
        "200105": "無",
        "200106": "無",
        "200107": "無",
        "200108": "無",
        "200109": "無",
        "200110": "無",
        "200111": "無",
        "200112": "無",
        "200201": "無",
        "200202": "無",
        "200203": "無",
        "200204": "無",
        "200205": "無",
        "200206": "無",
        "200207": "無",
        "200208": "無",
        "200209": "無",
        "200210": "無",
        "200211": "無",
        "200212": "無",
        "200301": "無",
        "200302": "無",
        "200303": "無",
        "200304": "無",
        "200305": "無",
        "200306": "無",
        "200307": "無",
        "200308": "無",
        "200309": "無",
        "200310": "無",
        "200311": "無",
        "200312": "無",
        "200401": "無",
        "200402": "無",
        "200403": "無",
        "200404": "無",
        "200405": "無",
        "200406": "無",
        "200407": "無",
        "200408": "無",
        "200409": "無",
        "200410": "無",
        "200411": "無",
        "200412": "無",
        "200501": "無",
        "200502": "無",
        "200503": "無",
        "200504": "無",
        "200505": "無",
        "200506": "無",
        "200507": "無",
        "200508": "無",
        "200509": "無",
        "200510": "無",
        "200511": "無",
        "200512": "無",
        "200601": "無",
        "200602": "無",
        "200603": "無",
        "200604": "無",
        "200605": "無",
        "200606": "無",
        "200607": "無",
        "200608": "無",
        "200609": "無",
        "200610": "無",
        "200611": "無",
        "200612": "無",
        "200701": "無",
        "200702": "無",
        "200703": "無",
        "200704": "無",
        "200705": "無",
        "200706": "無",
        "200707": "無",
        "200708": "無",
        "200709": "無",
        "200710": "無",
        "200711": "無",
        "200712": "無",
        "200801": "無",
        "200802": "無",
        "200803": "無",
        "200804": "無",
        "200805": "無",
        "200806": "無",
        "200807": "無",
        "200808": "無",
        "200809": "無",
        "200810": "無",
        "200811": "無",
        "200812": "無",
        "200901": "無",
        "200902": "無",
        "200903": "無",
        "200904": "無",
        "200905": "無",
        "200906": "無",
        "200907": "無",
        "200908": "無",
        "200909": "無",
        "200910": "無",
        "200911": "無",
        "200912": "無",
        "201001": "無",
        "201002": "無",
        "201003": "無",
        "201004": "無",
        "201005": "無",
        "201006": "無",
        "201007": "無",
        "201008": "無",
        "201009": "無",
        "201010": "無",
        "201011": "無",
        "201012": "無",
        "201101": "無",
        "201102": "無",
        "201103": "無",
        "201104": "無",
        "201105": "無",
        "201106": "無",
        "201107": "無",
        "201108": "無",
        "201109": "無",
        "201110": "無",
        "201111": "無",
        "201112": "無",
        "201201": "無",
        "201202": "無",
        "201203": "無",
        "201204": "無",
        "201205": "無",
        "201206": "無",
        "201207": "無",
        "201208": "無",
        "201209": "無",
        "201210": "無",
        "201211": "無",
        "201212": "無",
        "201301": "無",
        "201302": "無",
        "201303": "無",
        "201304": "無",
        "201305": "無",
        "201306": "無",
        "201307": "無",
        "201308": "無",
        "201309": "無",
        "201310": "無",
        "201311": "無",
        "201312": "無",
        "201401": "無",
        "201402": "無",
        "201403": "42.31",
        "201404": "38.72",
        "201405": "38.68",
        "201406": "39.98",
        "201407": "38.35",
        "201408": "36.45",
        "201409": "34.66",
        "201410": "28.50",
        "201411": "26.20",
        "201412": "27.84",
        "201501": "36.30",
        "201502": "38.82",
        "201503": "51.79",
        "201504": "53.30",
        "201505": "52.99",
        "201506": "59.69",
        "201507": "69.51",
        "201508": "54.58",
        "201509": "51.50",
        "201510": "57.93",
        "201511": "57.25",
        "201512": "50.89",
        "201601": "46.88",
        "201602": "50.79",
        "201603": "60.83",
        "201604": "53.51",
        "201605": "46.89",
        "201606": "49.68",
        "201607": "48.26",
        "201608": "53.48",
        "201609": "55.57",
        "201610": "49.24",
        "201611": "44.28",
        "201612": "47.04",
        "201701": "46.93",
        "201702": "46.10",
        "201703": "46.81",
        "201704": "54.25",
        "201705": "55.57",
        "201706": "51.43",
        "201707": "46.23",
        "201708": "44.22",
        "201709": "45.41",
        "201710": "43.83",
        "201711": "41.53",
        "201712": "41.53",
        "201801": "42.25",
        "201802": "39.64",
        "201803": "38.90",
        "201804": "36.51",
        "201805": "34.45",
        "201806": "37.14",
        "201807": "36.08",
        "201808": "37.18",
        "201809": "37.93",
        "201810": "31.94",
        "201811": "31.89",
        "201812": "37.86",
        "201901": "38.96",
        "201902": "40.68",
        "201903": "42.49",
        "201904": "41.52",
        "201905": "38.18",
        "201906": "38.36",
        "201907": "38.35",
        "201908": "36.24",
        "201909": "37.89",
        "201910": "38.82",
        "201911": "37.59",
        "201912": "36.97",
        "202001": "37.55",
        "202002": "37.13",
        "202003": "34.63",
        "202004": "33.41",
        "202005": "35.92",
        "202006": "36.07",
        "202007": "37.39",
        "202008": "34.38",
        "202009": "31.51",
        "202010": "29.28",
        "202011": "29.62",
        "202012": "30.29",
        "202101": "29.34",
        "202102": "30.73",
        "202103": "31.78",
        "202104": "34.83",
        "202105": "33.68",
        "202106": "33.35",
        "202107": "34.31",
        "202108": "34.38",
        "202109": "35.64",
        "202110": "34.49",
        "202111": "35.06",
        "202112": "35.28",
        "202201": "35.62",
        "202202": "35.24",
        "202203": "35.47",
        "202204": "38.32",
        "202205": "38.10",
        "202206": "40.51",
        "202207": "43.74",
        "202208": "61.71",
        "202209": "54.11",
        "202210": "41.80",
        "202211": "44.54",
        "202212": "48.88",
        "202301": "45.70",
        "202302": "48.82",
        "202303": "51.44",
        "202304": "52.98",
        "202305": "51.35",
        "202306": "51.44",
        "202307": "65.12",
        "202308": "63.21",
        "202309": "64.61",
        "202310": "75.79"
    },
    "quarters": {
        "20011": {
            "year_quarter": 20011,
            "year": 2001,
            "quarter": 1,
            "eps": null,
            "eps_growth_year": null,
            "eps_4q": null,
            "eps_4q_growth_year": null,
            "roe": null,
            "roe_4q": 0,
            "gross_profit": null,
            "gross_margin": null,
            "gross_margin_4q_avg": 0,
            "net_income": null,
            "net_income_4q": null,
            "revenue": null,
            "revenue_4q": null,
            "common_shares": null,
            "book_valuer_per_share": null,
            "book_valuer_per_share_4q_avg": 0,
            "equity": null,
            "current_ratio": null,
            "debt_ratio": null,
            "inventory_turnover_ratio": null,
            "account_receivable_turnover_ratio": null,
            "reinvestment_rate": null,
            "research_to_sale_ratio": null,
            "price_fair": 0,
            "eps_avg_yearly": 0,
            "eps_latest_yearly": 0,
            "eps_growth_yearly": 0
        },
        "20012": {
            "year_quarter": 20012,
            "year": 2001,
            "quarter": 2,
            "eps": null,
            "eps_growth_year": null,
            "eps_4q": null,
            "eps_4q_growth_year": null,
            "roe": null,
            "roe_4q": 0,
            "gross_profit": null,
            "gross_margin": null,
            "gross_margin_4q_avg": 0,
            "net_income": null,
            "net_income_4q": null,
            "revenue": null,
            "revenue_4q": null,
            "common_shares": null,
            "book_valuer_per_share": null,
            "book_valuer_per_share_4q_avg": 0,
            "equity": null,
            "current_ratio": null,
            "debt_ratio": null,
            "inventory_turnover_ratio": null,
            "account_receivable_turnover_ratio": null,
            "reinvestment_rate": null,
            "research_to_sale_ratio": null,
            "price_fair": 0,
            "eps_avg_yearly": 0,
            "eps_latest_yearly": 0,
            "eps_growth_yearly": 0
        },
        "20013": {
            "year_quarter": 20013,
            "year": 2001,
            "quarter": 3,
            "eps": null,
            "eps_growth_year": null,
            "eps_4q": null,
            "eps_4q_growth_year": null,
            "roe": null,
            "roe_4q": 0,
            "gross_profit": null,
            "gross_margin": null,
            "gross_margin_4q_avg": 0,
            "net_income": null,
            "net_income_4q": null,
            "revenue": null,
            "revenue_4q": null,
            "common_shares": null,
            "book_valuer_per_share": null,
            "book_valuer_per_share_4q_avg": 0,
            "equity": null,
            "current_ratio": null,
            "debt_ratio": null,
            "inventory_turnover_ratio": null,
            "account_receivable_turnover_ratio": null,
            "reinvestment_rate": null,
            "research_to_sale_ratio": null,
            "price_fair": 0,
            "eps_avg_yearly": 0,
            "eps_latest_yearly": 0,
            "eps_growth_yearly": 0
        },
        "20014": {
            "year_quarter": 20014,
            "year": 2001,
            "quarter": 4,
            "eps": null,
            "eps_growth_year": null,
            "eps_4q": null,
            "eps_4q_growth_year": null,
            "roe": null,
            "roe_4q": 0,
            "gross_profit": null,
            "gross_margin": null,
            "gross_margin_4q_avg": 0,
            "net_income": null,
            "net_income_4q": null,
            "revenue": null,
            "revenue_4q": null,
            "common_shares": null,
            "book_valuer_per_share": null,
            "book_valuer_per_share_4q_avg": 0,
            "equity": null,
            "current_ratio": null,
            "debt_ratio": null,
            "inventory_turnover_ratio": null,
            "account_receivable_turnover_ratio": null,
            "reinvestment_rate": null,
            "research_to_sale_ratio": null,
            "price_fair": 0,
            "eps_avg_yearly": 0,
            "eps_latest_yearly": 0,
            "eps_growth_yearly": 0
        },
        "20021": {
            "year_quarter": 20021,
            "year": 2002,
            "quarter": 1,
            "eps": null,
            "eps_growth_year": null,
            "eps_4q": null,
            "eps_4q_growth_year": null,
            "roe": null,
            "roe_4q": 0,
            "gross_profit": null,
            "gross_margin": null,
            "gross_margin_4q_avg": 0,
            "net_income": null,
            "net_income_4q": null,
            "revenue": null,
            "revenue_4q": null,
            "common_shares": null,
            "book_valuer_per_share": null,
            "book_valuer_per_share_4q_avg": 0,
            "equity": null,
            "current_ratio": null,
            "debt_ratio": null,
            "inventory_turnover_ratio": null,
            "account_receivable_turnover_ratio": null,
            "reinvestment_rate": null,
            "research_to_sale_ratio": null,
            "price_fair": 0,
            "eps_avg_yearly": 0,
            "eps_latest_yearly": 0,
            "eps_growth_yearly": 0
        },
        "20022": {
            "year_quarter": 20022,
            "year": 2002,
            "quarter": 2,
            "eps": null,
            "eps_growth_year": null,
            "eps_4q": null,
            "eps_4q_growth_year": null,
            "roe": null,
            "roe_4q": 0,
            "gross_profit": null,
            "gross_margin": null,
            "gross_margin_4q_avg": 0,
            "net_income": null,
            "net_income_4q": null,
            "revenue": null,
            "revenue_4q": null,
            "common_shares": null,
            "book_valuer_per_share": null,
            "book_valuer_per_share_4q_avg": 0,
            "equity": null,
            "current_ratio": null,
            "debt_ratio": null,
            "inventory_turnover_ratio": null,
            "account_receivable_turnover_ratio": null,
            "reinvestment_rate": null,
            "research_to_sale_ratio": null,
            "price_fair": 0,
            "eps_avg_yearly": 0,
            "eps_latest_yearly": 0,
            "eps_growth_yearly": 0
        },
        "20023": {
            "year_quarter": 20023,
            "year": 2002,
            "quarter": 3,
            "eps": null,
            "eps_growth_year": null,
            "eps_4q": null,
            "eps_4q_growth_year": null,
            "roe": null,
            "roe_4q": 0,
            "gross_profit": null,
            "gross_margin": null,
            "gross_margin_4q_avg": 0,
            "net_income": null,
            "net_income_4q": null,
            "revenue": null,
            "revenue_4q": null,
            "common_shares": null,
            "book_valuer_per_share": null,
            "book_valuer_per_share_4q_avg": 0,
            "equity": null,
            "current_ratio": null,
            "debt_ratio": null,
            "inventory_turnover_ratio": null,
            "account_receivable_turnover_ratio": null,
            "reinvestment_rate": null,
            "research_to_sale_ratio": null,
            "price_fair": 0,
            "eps_avg_yearly": 0,
            "eps_latest_yearly": 0,
            "eps_growth_yearly": 0
        },
        "20024": {
            "year_quarter": 20024,
            "year": 2002,
            "quarter": 4,
            "eps": null,
            "eps_growth_year": null,
            "eps_4q": null,
            "eps_4q_growth_year": null,
            "roe": null,
            "roe_4q": 0,
            "gross_profit": null,
            "gross_margin": null,
            "gross_margin_4q_avg": 0,
            "net_income": null,
            "net_income_4q": null,
            "revenue": null,
            "revenue_4q": null,
            "common_shares": null,
            "book_valuer_per_share": null,
            "book_valuer_per_share_4q_avg": 0,
            "equity": null,
            "current_ratio": null,
            "debt_ratio": null,
            "inventory_turnover_ratio": null,
            "account_receivable_turnover_ratio": null,
            "reinvestment_rate": null,
            "research_to_sale_ratio": null,
            "price_fair": 0,
            "eps_avg_yearly": 0,
            "eps_latest_yearly": 0,
            "eps_growth_yearly": 0
        },
        "20031": {
            "year_quarter": 20031,
            "year": 2003,
            "quarter": 1,
            "eps": null,
            "eps_growth_year": null,
            "eps_4q": null,
            "eps_4q_growth_year": null,
            "roe": null,
            "roe_4q": 0,
            "gross_profit": null,
            "gross_margin": null,
            "gross_margin_4q_avg": 0,
            "net_income": null,
            "net_income_4q": null,
            "revenue": null,
            "revenue_4q": null,
            "common_shares": null,
            "book_valuer_per_share": null,
            "book_valuer_per_share_4q_avg": 0,
            "equity": null,
            "current_ratio": null,
            "debt_ratio": null,
            "inventory_turnover_ratio": null,
            "account_receivable_turnover_ratio": null,
            "reinvestment_rate": null,
            "research_to_sale_ratio": null,
            "price_fair": 0,
            "eps_avg_yearly": 0,
            "eps_latest_yearly": 0,
            "eps_growth_yearly": 0
        },
        "20032": {
            "year_quarter": 20032,
            "year": 2003,
            "quarter": 2,
            "eps": null,
            "eps_growth_year": null,
            "eps_4q": null,
            "eps_4q_growth_year": null,
            "roe": null,
            "roe_4q": 0,
            "gross_profit": null,
            "gross_margin": null,
            "gross_margin_4q_avg": 0,
            "net_income": null,
            "net_income_4q": null,
            "revenue": null,
            "revenue_4q": null,
            "common_shares": null,
            "book_valuer_per_share": null,
            "book_valuer_per_share_4q_avg": 0,
            "equity": null,
            "current_ratio": null,
            "debt_ratio": null,
            "inventory_turnover_ratio": null,
            "account_receivable_turnover_ratio": null,
            "reinvestment_rate": null,
            "research_to_sale_ratio": null,
            "price_fair": 0,
            "eps_avg_yearly": 0,
            "eps_latest_yearly": 0,
            "eps_growth_yearly": 0
        },
        "20033": {
            "year_quarter": 20033,
            "year": 2003,
            "quarter": 3,
            "eps": null,
            "eps_growth_year": null,
            "eps_4q": null,
            "eps_4q_growth_year": null,
            "roe": null,
            "roe_4q": 0,
            "gross_profit": null,
            "gross_margin": null,
            "gross_margin_4q_avg": 0,
            "net_income": null,
            "net_income_4q": null,
            "revenue": null,
            "revenue_4q": null,
            "common_shares": null,
            "book_valuer_per_share": null,
            "book_valuer_per_share_4q_avg": 0,
            "equity": null,
            "current_ratio": null,
            "debt_ratio": null,
            "inventory_turnover_ratio": null,
            "account_receivable_turnover_ratio": null,
            "reinvestment_rate": null,
            "research_to_sale_ratio": null,
            "price_fair": 0,
            "eps_avg_yearly": 0,
            "eps_latest_yearly": 0,
            "eps_growth_yearly": 0
        },
        "20034": {
            "year_quarter": 20034,
            "year": 2003,
            "quarter": 4,
            "eps": null,
            "eps_growth_year": null,
            "eps_4q": null,
            "eps_4q_growth_year": null,
            "roe": null,
            "roe_4q": 0,
            "gross_profit": null,
            "gross_margin": null,
            "gross_margin_4q_avg": 0,
            "net_income": null,
            "net_income_4q": null,
            "revenue": null,
            "revenue_4q": null,
            "common_shares": null,
            "book_valuer_per_share": null,
            "book_valuer_per_share_4q_avg": 0,
            "equity": null,
            "current_ratio": null,
            "debt_ratio": null,
            "inventory_turnover_ratio": null,
            "account_receivable_turnover_ratio": null,
            "reinvestment_rate": null,
            "research_to_sale_ratio": null,
            "price_fair": 0,
            "eps_avg_yearly": 0,
            "eps_latest_yearly": 0,
            "eps_growth_yearly": 0
        },
        "20041": {
            "year_quarter": 20041,
            "year": 2004,
            "quarter": 1,
            "eps": null,
            "eps_growth_year": null,
            "eps_4q": null,
            "eps_4q_growth_year": null,
            "roe": null,
            "roe_4q": 0,
            "gross_profit": null,
            "gross_margin": null,
            "gross_margin_4q_avg": 0,
            "net_income": null,
            "net_income_4q": null,
            "revenue": null,
            "revenue_4q": null,
            "common_shares": null,
            "book_valuer_per_share": null,
            "book_valuer_per_share_4q_avg": 0,
            "equity": null,
            "current_ratio": null,
            "debt_ratio": null,
            "inventory_turnover_ratio": null,
            "account_receivable_turnover_ratio": null,
            "reinvestment_rate": null,
            "research_to_sale_ratio": null,
            "price_fair": 0,
            "eps_avg_yearly": 0,
            "eps_latest_yearly": 0,
            "eps_growth_yearly": 0
        },
        "20042": {
            "year_quarter": 20042,
            "year": 2004,
            "quarter": 2,
            "eps": null,
            "eps_growth_year": null,
            "eps_4q": null,
            "eps_4q_growth_year": null,
            "roe": null,
            "roe_4q": 0,
            "gross_profit": null,
            "gross_margin": null,
            "gross_margin_4q_avg": 0,
            "net_income": null,
            "net_income_4q": null,
            "revenue": null,
            "revenue_4q": null,
            "common_shares": null,
            "book_valuer_per_share": null,
            "book_valuer_per_share_4q_avg": 0,
            "equity": null,
            "current_ratio": null,
            "debt_ratio": null,
            "inventory_turnover_ratio": null,
            "account_receivable_turnover_ratio": null,
            "reinvestment_rate": null,
            "research_to_sale_ratio": null,
            "price_fair": 0,
            "eps_avg_yearly": 0,
            "eps_latest_yearly": 0,
            "eps_growth_yearly": 0
        },
        "20043": {
            "year_quarter": 20043,
            "year": 2004,
            "quarter": 3,
            "eps": null,
            "eps_growth_year": null,
            "eps_4q": null,
            "eps_4q_growth_year": null,
            "roe": null,
            "roe_4q": 0,
            "gross_profit": null,
            "gross_margin": null,
            "gross_margin_4q_avg": 0,
            "net_income": null,
            "net_income_4q": null,
            "revenue": null,
            "revenue_4q": null,
            "common_shares": null,
            "book_valuer_per_share": null,
            "book_valuer_per_share_4q_avg": 0,
            "equity": null,
            "current_ratio": null,
            "debt_ratio": null,
            "inventory_turnover_ratio": null,
            "account_receivable_turnover_ratio": null,
            "reinvestment_rate": null,
            "research_to_sale_ratio": null,
            "price_fair": 0,
            "eps_avg_yearly": 0,
            "eps_latest_yearly": 0,
            "eps_growth_yearly": 0
        },
        "20044": {
            "year_quarter": 20044,
            "year": 2004,
            "quarter": 4,
            "eps": null,
            "eps_growth_year": null,
            "eps_4q": null,
            "eps_4q_growth_year": null,
            "roe": null,
            "roe_4q": 0,
            "gross_profit": null,
            "gross_margin": null,
            "gross_margin_4q_avg": 0,
            "net_income": null,
            "net_income_4q": null,
            "revenue": null,
            "revenue_4q": null,
            "common_shares": null,
            "book_valuer_per_share": null,
            "book_valuer_per_share_4q_avg": 0,
            "equity": null,
            "current_ratio": null,
            "debt_ratio": null,
            "inventory_turnover_ratio": null,
            "account_receivable_turnover_ratio": null,
            "reinvestment_rate": null,
            "research_to_sale_ratio": null,
            "price_fair": 0,
            "eps_avg_yearly": 0,
            "eps_latest_yearly": 0,
            "eps_growth_yearly": 0
        },
        "20051": {
            "year_quarter": 20051,
            "year": 2005,
            "quarter": 1,
            "eps": null,
            "eps_growth_year": null,
            "eps_4q": null,
            "eps_4q_growth_year": null,
            "roe": null,
            "roe_4q": 0,
            "gross_profit": null,
            "gross_margin": null,
            "gross_margin_4q_avg": 0,
            "net_income": null,
            "net_income_4q": null,
            "revenue": null,
            "revenue_4q": null,
            "common_shares": null,
            "book_valuer_per_share": null,
            "book_valuer_per_share_4q_avg": 0,
            "equity": null,
            "current_ratio": null,
            "debt_ratio": null,
            "inventory_turnover_ratio": null,
            "account_receivable_turnover_ratio": null,
            "reinvestment_rate": null,
            "research_to_sale_ratio": null,
            "price_fair": 0,
            "eps_avg_yearly": 0,
            "eps_latest_yearly": 0,
            "eps_growth_yearly": 0
        },
        "20052": {
            "year_quarter": 20052,
            "year": 2005,
            "quarter": 2,
            "eps": null,
            "eps_growth_year": null,
            "eps_4q": null,
            "eps_4q_growth_year": null,
            "roe": null,
            "roe_4q": 0,
            "gross_profit": null,
            "gross_margin": null,
            "gross_margin_4q_avg": 0,
            "net_income": null,
            "net_income_4q": null,
            "revenue": null,
            "revenue_4q": null,
            "common_shares": null,
            "book_valuer_per_share": null,
            "book_valuer_per_share_4q_avg": 0,
            "equity": null,
            "current_ratio": null,
            "debt_ratio": null,
            "inventory_turnover_ratio": null,
            "account_receivable_turnover_ratio": null,
            "reinvestment_rate": null,
            "research_to_sale_ratio": null,
            "price_fair": 0,
            "eps_avg_yearly": 0,
            "eps_latest_yearly": 0,
            "eps_growth_yearly": 0
        },
        "20053": {
            "year_quarter": 20053,
            "year": 2005,
            "quarter": 3,
            "eps": null,
            "eps_growth_year": null,
            "eps_4q": null,
            "eps_4q_growth_year": null,
            "roe": null,
            "roe_4q": 0,
            "gross_profit": null,
            "gross_margin": null,
            "gross_margin_4q_avg": 0,
            "net_income": null,
            "net_income_4q": null,
            "revenue": null,
            "revenue_4q": null,
            "common_shares": null,
            "book_valuer_per_share": null,
            "book_valuer_per_share_4q_avg": 0,
            "equity": null,
            "current_ratio": null,
            "debt_ratio": null,
            "inventory_turnover_ratio": null,
            "account_receivable_turnover_ratio": null,
            "reinvestment_rate": null,
            "research_to_sale_ratio": null,
            "price_fair": 0,
            "eps_avg_yearly": 0,
            "eps_latest_yearly": 0,
            "eps_growth_yearly": 0
        },
        "20054": {
            "year_quarter": 20054,
            "year": 2005,
            "quarter": 4,
            "eps": null,
            "eps_growth_year": null,
            "eps_4q": null,
            "eps_4q_growth_year": null,
            "roe": null,
            "roe_4q": 0,
            "gross_profit": null,
            "gross_margin": null,
            "gross_margin_4q_avg": 0,
            "net_income": null,
            "net_income_4q": null,
            "revenue": null,
            "revenue_4q": null,
            "common_shares": null,
            "book_valuer_per_share": null,
            "book_valuer_per_share_4q_avg": 0,
            "equity": null,
            "current_ratio": null,
            "debt_ratio": null,
            "inventory_turnover_ratio": null,
            "account_receivable_turnover_ratio": null,
            "reinvestment_rate": null,
            "research_to_sale_ratio": null,
            "price_fair": 0,
            "eps_avg_yearly": 0,
            "eps_latest_yearly": 0,
            "eps_growth_yearly": 0
        },
        "20061": {
            "year_quarter": 20061,
            "year": 2006,
            "quarter": 1,
            "eps": null,
            "eps_growth_year": null,
            "eps_4q": null,
            "eps_4q_growth_year": null,
            "roe": null,
            "roe_4q": 0,
            "gross_profit": null,
            "gross_margin": null,
            "gross_margin_4q_avg": 0,
            "net_income": null,
            "net_income_4q": null,
            "revenue": null,
            "revenue_4q": null,
            "common_shares": null,
            "book_valuer_per_share": null,
            "book_valuer_per_share_4q_avg": 0,
            "equity": null,
            "current_ratio": null,
            "debt_ratio": null,
            "inventory_turnover_ratio": null,
            "account_receivable_turnover_ratio": null,
            "reinvestment_rate": null,
            "research_to_sale_ratio": null,
            "price_fair": 0,
            "eps_avg_yearly": 0,
            "eps_latest_yearly": 0,
            "eps_growth_yearly": 0
        },
        "20062": {
            "year_quarter": 20062,
            "year": 2006,
            "quarter": 2,
            "eps": null,
            "eps_growth_year": null,
            "eps_4q": null,
            "eps_4q_growth_year": null,
            "roe": null,
            "roe_4q": 0,
            "gross_profit": null,
            "gross_margin": null,
            "gross_margin_4q_avg": 0,
            "net_income": null,
            "net_income_4q": null,
            "revenue": null,
            "revenue_4q": null,
            "common_shares": null,
            "book_valuer_per_share": null,
            "book_valuer_per_share_4q_avg": 0,
            "equity": null,
            "current_ratio": null,
            "debt_ratio": null,
            "inventory_turnover_ratio": null,
            "account_receivable_turnover_ratio": null,
            "reinvestment_rate": null,
            "research_to_sale_ratio": null,
            "price_fair": 0,
            "eps_avg_yearly": 0,
            "eps_latest_yearly": 0,
            "eps_growth_yearly": 0
        },
        "20063": {
            "year_quarter": 20063,
            "year": 2006,
            "quarter": 3,
            "eps": null,
            "eps_growth_year": null,
            "eps_4q": null,
            "eps_4q_growth_year": null,
            "roe": null,
            "roe_4q": 0,
            "gross_profit": null,
            "gross_margin": null,
            "gross_margin_4q_avg": 0,
            "net_income": null,
            "net_income_4q": null,
            "revenue": null,
            "revenue_4q": null,
            "common_shares": null,
            "book_valuer_per_share": null,
            "book_valuer_per_share_4q_avg": 0,
            "equity": null,
            "current_ratio": null,
            "debt_ratio": null,
            "inventory_turnover_ratio": null,
            "account_receivable_turnover_ratio": null,
            "reinvestment_rate": null,
            "research_to_sale_ratio": null,
            "price_fair": 0,
            "eps_avg_yearly": 0,
            "eps_latest_yearly": 0,
            "eps_growth_yearly": 0
        },
        "20064": {
            "year_quarter": 20064,
            "year": 2006,
            "quarter": 4,
            "eps": null,
            "eps_growth_year": null,
            "eps_4q": null,
            "eps_4q_growth_year": null,
            "roe": null,
            "roe_4q": 0,
            "gross_profit": null,
            "gross_margin": null,
            "gross_margin_4q_avg": 0,
            "net_income": null,
            "net_income_4q": null,
            "revenue": null,
            "revenue_4q": null,
            "common_shares": null,
            "book_valuer_per_share": null,
            "book_valuer_per_share_4q_avg": 0,
            "equity": null,
            "current_ratio": null,
            "debt_ratio": null,
            "inventory_turnover_ratio": null,
            "account_receivable_turnover_ratio": null,
            "reinvestment_rate": null,
            "research_to_sale_ratio": null,
            "price_fair": 0,
            "eps_avg_yearly": 0,
            "eps_latest_yearly": 0,
            "eps_growth_yearly": 0
        },
        "20071": {
            "year_quarter": 20071,
            "year": 2007,
            "quarter": 1,
            "eps": null,
            "eps_growth_year": null,
            "eps_4q": null,
            "eps_4q_growth_year": null,
            "roe": null,
            "roe_4q": 0,
            "gross_profit": null,
            "gross_margin": null,
            "gross_margin_4q_avg": 0,
            "net_income": null,
            "net_income_4q": null,
            "revenue": null,
            "revenue_4q": null,
            "common_shares": null,
            "book_valuer_per_share": null,
            "book_valuer_per_share_4q_avg": 0,
            "equity": null,
            "current_ratio": null,
            "debt_ratio": null,
            "inventory_turnover_ratio": null,
            "account_receivable_turnover_ratio": null,
            "reinvestment_rate": null,
            "research_to_sale_ratio": null,
            "price_fair": 0,
            "eps_avg_yearly": 0,
            "eps_latest_yearly": 0,
            "eps_growth_yearly": 0
        },
        "20072": {
            "year_quarter": 20072,
            "year": 2007,
            "quarter": 2,
            "eps": null,
            "eps_growth_year": null,
            "eps_4q": null,
            "eps_4q_growth_year": null,
            "roe": null,
            "roe_4q": 0,
            "gross_profit": null,
            "gross_margin": null,
            "gross_margin_4q_avg": 0,
            "net_income": null,
            "net_income_4q": null,
            "revenue": null,
            "revenue_4q": null,
            "common_shares": null,
            "book_valuer_per_share": null,
            "book_valuer_per_share_4q_avg": 0,
            "equity": null,
            "current_ratio": null,
            "debt_ratio": null,
            "inventory_turnover_ratio": null,
            "account_receivable_turnover_ratio": null,
            "reinvestment_rate": null,
            "research_to_sale_ratio": null,
            "price_fair": 0,
            "eps_avg_yearly": 0,
            "eps_latest_yearly": 0,
            "eps_growth_yearly": 0
        },
        "20073": {
            "year_quarter": 20073,
            "year": 2007,
            "quarter": 3,
            "eps": null,
            "eps_growth_year": null,
            "eps_4q": null,
            "eps_4q_growth_year": null,
            "roe": null,
            "roe_4q": 0,
            "gross_profit": null,
            "gross_margin": null,
            "gross_margin_4q_avg": 0,
            "net_income": null,
            "net_income_4q": null,
            "revenue": null,
            "revenue_4q": null,
            "common_shares": null,
            "book_valuer_per_share": null,
            "book_valuer_per_share_4q_avg": 0,
            "equity": null,
            "current_ratio": null,
            "debt_ratio": null,
            "inventory_turnover_ratio": null,
            "account_receivable_turnover_ratio": null,
            "reinvestment_rate": null,
            "research_to_sale_ratio": null,
            "price_fair": 0,
            "eps_avg_yearly": 0,
            "eps_latest_yearly": 0,
            "eps_growth_yearly": 0
        },
        "20074": {
            "year_quarter": 20074,
            "year": 2007,
            "quarter": 4,
            "eps": null,
            "eps_growth_year": null,
            "eps_4q": null,
            "eps_4q_growth_year": null,
            "roe": null,
            "roe_4q": 0,
            "gross_profit": null,
            "gross_margin": null,
            "gross_margin_4q_avg": 0,
            "net_income": null,
            "net_income_4q": null,
            "revenue": null,
            "revenue_4q": null,
            "common_shares": null,
            "book_valuer_per_share": null,
            "book_valuer_per_share_4q_avg": 0,
            "equity": null,
            "current_ratio": null,
            "debt_ratio": null,
            "inventory_turnover_ratio": null,
            "account_receivable_turnover_ratio": null,
            "reinvestment_rate": null,
            "research_to_sale_ratio": null,
            "price_fair": 0,
            "eps_avg_yearly": 0,
            "eps_latest_yearly": 0,
            "eps_growth_yearly": 0
        },
        "20081": {
            "year_quarter": 20081,
            "year": 2008,
            "quarter": 1,
            "eps": null,
            "eps_growth_year": null,
            "eps_4q": null,
            "eps_4q_growth_year": null,
            "roe": null,
            "roe_4q": 0,
            "gross_profit": null,
            "gross_margin": null,
            "gross_margin_4q_avg": 0,
            "net_income": null,
            "net_income_4q": null,
            "revenue": null,
            "revenue_4q": null,
            "common_shares": null,
            "book_valuer_per_share": null,
            "book_valuer_per_share_4q_avg": 0,
            "equity": null,
            "current_ratio": null,
            "debt_ratio": null,
            "inventory_turnover_ratio": null,
            "account_receivable_turnover_ratio": null,
            "reinvestment_rate": null,
            "research_to_sale_ratio": null,
            "price_fair": 0,
            "eps_avg_yearly": 0,
            "eps_latest_yearly": 0,
            "eps_growth_yearly": 0
        },
        "20082": {
            "year_quarter": 20082,
            "year": 2008,
            "quarter": 2,
            "eps": null,
            "eps_growth_year": null,
            "eps_4q": null,
            "eps_4q_growth_year": null,
            "roe": null,
            "roe_4q": 0,
            "gross_profit": null,
            "gross_margin": null,
            "gross_margin_4q_avg": 0,
            "net_income": null,
            "net_income_4q": null,
            "revenue": null,
            "revenue_4q": null,
            "common_shares": null,
            "book_valuer_per_share": null,
            "book_valuer_per_share_4q_avg": 0,
            "equity": null,
            "current_ratio": null,
            "debt_ratio": null,
            "inventory_turnover_ratio": null,
            "account_receivable_turnover_ratio": null,
            "reinvestment_rate": null,
            "research_to_sale_ratio": null,
            "price_fair": 0,
            "eps_avg_yearly": 0,
            "eps_latest_yearly": 0,
            "eps_growth_yearly": 0
        },
        "20083": {
            "year_quarter": 20083,
            "year": 2008,
            "quarter": 3,
            "eps": null,
            "eps_growth_year": null,
            "eps_4q": null,
            "eps_4q_growth_year": null,
            "roe": null,
            "roe_4q": 0,
            "gross_profit": null,
            "gross_margin": null,
            "gross_margin_4q_avg": 0,
            "net_income": null,
            "net_income_4q": null,
            "revenue": null,
            "revenue_4q": null,
            "common_shares": null,
            "book_valuer_per_share": null,
            "book_valuer_per_share_4q_avg": 0,
            "equity": null,
            "current_ratio": null,
            "debt_ratio": null,
            "inventory_turnover_ratio": null,
            "account_receivable_turnover_ratio": null,
            "reinvestment_rate": null,
            "research_to_sale_ratio": null,
            "price_fair": 0,
            "eps_avg_yearly": 0,
            "eps_latest_yearly": 0,
            "eps_growth_yearly": 0
        },
        "20084": {
            "year_quarter": 20084,
            "year": 2008,
            "quarter": 4,
            "eps": null,
            "eps_growth_year": null,
            "eps_4q": null,
            "eps_4q_growth_year": null,
            "roe": null,
            "roe_4q": 0,
            "gross_profit": null,
            "gross_margin": null,
            "gross_margin_4q_avg": 0,
            "net_income": null,
            "net_income_4q": null,
            "revenue": null,
            "revenue_4q": null,
            "common_shares": null,
            "book_valuer_per_share": null,
            "book_valuer_per_share_4q_avg": 0,
            "equity": null,
            "current_ratio": null,
            "debt_ratio": null,
            "inventory_turnover_ratio": null,
            "account_receivable_turnover_ratio": null,
            "reinvestment_rate": null,
            "research_to_sale_ratio": null,
            "price_fair": 0,
            "eps_avg_yearly": 0,
            "eps_latest_yearly": 0,
            "eps_growth_yearly": 0
        },
        "20091": {
            "year_quarter": 20091,
            "year": 2009,
            "quarter": 1,
            "eps": null,
            "eps_growth_year": null,
            "eps_4q": null,
            "eps_4q_growth_year": null,
            "roe": null,
            "roe_4q": 0,
            "gross_profit": null,
            "gross_margin": null,
            "gross_margin_4q_avg": 0,
            "net_income": null,
            "net_income_4q": null,
            "revenue": null,
            "revenue_4q": null,
            "common_shares": null,
            "book_valuer_per_share": null,
            "book_valuer_per_share_4q_avg": 0,
            "equity": null,
            "current_ratio": null,
            "debt_ratio": null,
            "inventory_turnover_ratio": null,
            "account_receivable_turnover_ratio": null,
            "reinvestment_rate": null,
            "research_to_sale_ratio": null,
            "price_fair": 0,
            "eps_avg_yearly": 0,
            "eps_latest_yearly": 0,
            "eps_growth_yearly": 0
        },
        "20092": {
            "year_quarter": 20092,
            "year": 2009,
            "quarter": 2,
            "eps": null,
            "eps_growth_year": null,
            "eps_4q": null,
            "eps_4q_growth_year": null,
            "roe": null,
            "roe_4q": 0,
            "gross_profit": null,
            "gross_margin": null,
            "gross_margin_4q_avg": 0,
            "net_income": null,
            "net_income_4q": null,
            "revenue": null,
            "revenue_4q": null,
            "common_shares": null,
            "book_valuer_per_share": null,
            "book_valuer_per_share_4q_avg": 0,
            "equity": null,
            "current_ratio": null,
            "debt_ratio": null,
            "inventory_turnover_ratio": null,
            "account_receivable_turnover_ratio": null,
            "reinvestment_rate": null,
            "research_to_sale_ratio": null,
            "price_fair": 0,
            "eps_avg_yearly": 0,
            "eps_latest_yearly": 0,
            "eps_growth_yearly": 0
        },
        "20093": {
            "year_quarter": 20093,
            "year": 2009,
            "quarter": 3,
            "eps": null,
            "eps_growth_year": null,
            "eps_4q": null,
            "eps_4q_growth_year": null,
            "roe": null,
            "roe_4q": 0,
            "gross_profit": null,
            "gross_margin": null,
            "gross_margin_4q_avg": 0,
            "net_income": null,
            "net_income_4q": null,
            "revenue": null,
            "revenue_4q": null,
            "common_shares": null,
            "book_valuer_per_share": null,
            "book_valuer_per_share_4q_avg": 0,
            "equity": null,
            "current_ratio": null,
            "debt_ratio": null,
            "inventory_turnover_ratio": null,
            "account_receivable_turnover_ratio": null,
            "reinvestment_rate": null,
            "research_to_sale_ratio": null,
            "price_fair": 0,
            "eps_avg_yearly": 0,
            "eps_latest_yearly": 0,
            "eps_growth_yearly": 0
        },
        "20094": {
            "year_quarter": 20094,
            "year": 2009,
            "quarter": 4,
            "eps": null,
            "eps_growth_year": null,
            "eps_4q": null,
            "eps_4q_growth_year": null,
            "roe": null,
            "roe_4q": 0,
            "gross_profit": null,
            "gross_margin": null,
            "gross_margin_4q_avg": 0,
            "net_income": null,
            "net_income_4q": null,
            "revenue": null,
            "revenue_4q": null,
            "common_shares": null,
            "book_valuer_per_share": null,
            "book_valuer_per_share_4q_avg": 0,
            "equity": null,
            "current_ratio": null,
            "debt_ratio": null,
            "inventory_turnover_ratio": null,
            "account_receivable_turnover_ratio": null,
            "reinvestment_rate": null,
            "research_to_sale_ratio": null,
            "price_fair": 0,
            "eps_avg_yearly": 0,
            "eps_latest_yearly": 0,
            "eps_growth_yearly": 0
        },
        "20101": {
            "year_quarter": 20101,
            "year": 2010,
            "quarter": 1,
            "eps": null,
            "eps_growth_year": null,
            "eps_4q": null,
            "eps_4q_growth_year": null,
            "roe": null,
            "roe_4q": 0,
            "gross_profit": null,
            "gross_margin": null,
            "gross_margin_4q_avg": 0,
            "net_income": null,
            "net_income_4q": null,
            "revenue": null,
            "revenue_4q": null,
            "common_shares": null,
            "book_valuer_per_share": null,
            "book_valuer_per_share_4q_avg": 0,
            "equity": null,
            "current_ratio": null,
            "debt_ratio": null,
            "inventory_turnover_ratio": null,
            "account_receivable_turnover_ratio": null,
            "reinvestment_rate": null,
            "research_to_sale_ratio": null,
            "price_fair": 0,
            "eps_avg_yearly": 0,
            "eps_latest_yearly": 0,
            "eps_growth_yearly": 0
        },
        "20102": {
            "year_quarter": 20102,
            "year": 2010,
            "quarter": 2,
            "eps": null,
            "eps_growth_year": null,
            "eps_4q": null,
            "eps_4q_growth_year": null,
            "roe": null,
            "roe_4q": 0,
            "gross_profit": null,
            "gross_margin": null,
            "gross_margin_4q_avg": 0,
            "net_income": null,
            "net_income_4q": null,
            "revenue": null,
            "revenue_4q": null,
            "common_shares": null,
            "book_valuer_per_share": null,
            "book_valuer_per_share_4q_avg": 0,
            "equity": null,
            "current_ratio": null,
            "debt_ratio": null,
            "inventory_turnover_ratio": null,
            "account_receivable_turnover_ratio": null,
            "reinvestment_rate": null,
            "research_to_sale_ratio": null,
            "price_fair": 0,
            "eps_avg_yearly": 0,
            "eps_latest_yearly": 0,
            "eps_growth_yearly": 0
        },
        "20103": {
            "year_quarter": 20103,
            "year": 2010,
            "quarter": 3,
            "eps": null,
            "eps_growth_year": null,
            "eps_4q": null,
            "eps_4q_growth_year": null,
            "roe": null,
            "roe_4q": 0,
            "gross_profit": null,
            "gross_margin": null,
            "gross_margin_4q_avg": 0,
            "net_income": null,
            "net_income_4q": null,
            "revenue": null,
            "revenue_4q": null,
            "common_shares": null,
            "book_valuer_per_share": null,
            "book_valuer_per_share_4q_avg": 0,
            "equity": null,
            "current_ratio": null,
            "debt_ratio": null,
            "inventory_turnover_ratio": null,
            "account_receivable_turnover_ratio": null,
            "reinvestment_rate": null,
            "research_to_sale_ratio": null,
            "price_fair": 0,
            "eps_avg_yearly": 0,
            "eps_latest_yearly": 0,
            "eps_growth_yearly": 0
        },
        "20104": {
            "year_quarter": 20104,
            "year": 2010,
            "quarter": 4,
            "eps": null,
            "eps_growth_year": null,
            "eps_4q": null,
            "eps_4q_growth_year": null,
            "roe": null,
            "roe_4q": 0,
            "gross_profit": null,
            "gross_margin": null,
            "gross_margin_4q_avg": 0,
            "net_income": null,
            "net_income_4q": null,
            "revenue": null,
            "revenue_4q": null,
            "common_shares": 540000,
            "book_valuer_per_share": 27.37,
            "book_valuer_per_share_4q_avg": 6.84,
            "equity": 1478052,
            "current_ratio": 182.88,
            "debt_ratio": 41.65,
            "inventory_turnover_ratio": null,
            "account_receivable_turnover_ratio": null,
            "reinvestment_rate": null,
            "research_to_sale_ratio": null,
            "price_fair": 0,
            "eps_avg_yearly": 0,
            "eps_latest_yearly": 0,
            "eps_growth_yearly": 0
        },
        "20111": {
            "year_quarter": 20111,
            "year": 2011,
            "quarter": 1,
            "eps": null,
            "eps_growth_year": null,
            "eps_4q": null,
            "eps_4q_growth_year": null,
            "roe": null,
            "roe_4q": 0,
            "gross_profit": null,
            "gross_margin": null,
            "gross_margin_4q_avg": 0,
            "net_income": null,
            "net_income_4q": null,
            "revenue": null,
            "revenue_4q": null,
            "common_shares": null,
            "book_valuer_per_share": null,
            "book_valuer_per_share_4q_avg": 6.84,
            "equity": null,
            "current_ratio": null,
            "debt_ratio": null,
            "inventory_turnover_ratio": null,
            "account_receivable_turnover_ratio": null,
            "reinvestment_rate": null,
            "research_to_sale_ratio": null,
            "price_fair": 0,
            "eps_avg_yearly": 0,
            "eps_latest_yearly": 0,
            "eps_growth_yearly": 0
        },
        "20112": {
            "year_quarter": 20112,
            "year": 2011,
            "quarter": 2,
            "eps": null,
            "eps_growth_year": null,
            "eps_4q": null,
            "eps_4q_growth_year": null,
            "roe": null,
            "roe_4q": 0,
            "gross_profit": null,
            "gross_margin": null,
            "gross_margin_4q_avg": 0,
            "net_income": null,
            "net_income_4q": null,
            "revenue": null,
            "revenue_4q": null,
            "common_shares": null,
            "book_valuer_per_share": null,
            "book_valuer_per_share_4q_avg": 6.84,
            "equity": null,
            "current_ratio": null,
            "debt_ratio": null,
            "inventory_turnover_ratio": null,
            "account_receivable_turnover_ratio": null,
            "reinvestment_rate": null,
            "research_to_sale_ratio": null,
            "price_fair": 0,
            "eps_avg_yearly": 0,
            "eps_latest_yearly": 0,
            "eps_growth_yearly": 0
        },
        "20113": {
            "year_quarter": 20113,
            "year": 2011,
            "quarter": 3,
            "eps": null,
            "eps_growth_year": null,
            "eps_4q": null,
            "eps_4q_growth_year": null,
            "roe": null,
            "roe_4q": 0,
            "gross_profit": null,
            "gross_margin": null,
            "gross_margin_4q_avg": 0,
            "net_income": null,
            "net_income_4q": null,
            "revenue": null,
            "revenue_4q": null,
            "common_shares": null,
            "book_valuer_per_share": null,
            "book_valuer_per_share_4q_avg": 6.84,
            "equity": null,
            "current_ratio": null,
            "debt_ratio": null,
            "inventory_turnover_ratio": null,
            "account_receivable_turnover_ratio": null,
            "reinvestment_rate": null,
            "research_to_sale_ratio": null,
            "price_fair": 0,
            "eps_avg_yearly": 0,
            "eps_latest_yearly": 0,
            "eps_growth_yearly": 0
        },
        "20114": {
            "year_quarter": 20114,
            "year": 2011,
            "quarter": 4,
            "eps": null,
            "eps_growth_year": null,
            "eps_4q": null,
            "eps_4q_growth_year": null,
            "roe": null,
            "roe_4q": 0,
            "gross_profit": null,
            "gross_margin": null,
            "gross_margin_4q_avg": 0,
            "net_income": null,
            "net_income_4q": null,
            "revenue": null,
            "revenue_4q": null,
            "common_shares": 540000,
            "book_valuer_per_share": 29.54,
            "book_valuer_per_share_4q_avg": 7.39,
            "equity": 1899255,
            "current_ratio": 243.66,
            "debt_ratio": 35.99,
            "inventory_turnover_ratio": null,
            "account_receivable_turnover_ratio": null,
            "reinvestment_rate": null,
            "research_to_sale_ratio": null,
            "price_fair": 0,
            "eps_avg_yearly": 0,
            "eps_latest_yearly": 0,
            "eps_growth_yearly": 0
        },
        "20121": {
            "year_quarter": 20121,
            "year": 2012,
            "quarter": 1,
            "eps": null,
            "eps_growth_year": null,
            "eps_4q": null,
            "eps_4q_growth_year": null,
            "roe": null,
            "roe_4q": 0,
            "gross_profit": null,
            "gross_margin": null,
            "gross_margin_4q_avg": 0,
            "net_income": null,
            "net_income_4q": null,
            "revenue": null,
            "revenue_4q": null,
            "common_shares": null,
            "book_valuer_per_share": null,
            "book_valuer_per_share_4q_avg": 7.39,
            "equity": null,
            "current_ratio": null,
            "debt_ratio": null,
            "inventory_turnover_ratio": null,
            "account_receivable_turnover_ratio": null,
            "reinvestment_rate": null,
            "research_to_sale_ratio": null,
            "price_fair": 0,
            "eps_avg_yearly": 0,
            "eps_latest_yearly": 0,
            "eps_growth_yearly": 0
        },
        "20122": {
            "year_quarter": 20122,
            "year": 2012,
            "quarter": 2,
            "eps": null,
            "eps_growth_year": null,
            "eps_4q": null,
            "eps_4q_growth_year": null,
            "roe": null,
            "roe_4q": 0,
            "gross_profit": null,
            "gross_margin": null,
            "gross_margin_4q_avg": 0,
            "net_income": null,
            "net_income_4q": null,
            "revenue": null,
            "revenue_4q": null,
            "common_shares": null,
            "book_valuer_per_share": null,
            "book_valuer_per_share_4q_avg": 7.39,
            "equity": null,
            "current_ratio": null,
            "debt_ratio": null,
            "inventory_turnover_ratio": null,
            "account_receivable_turnover_ratio": null,
            "reinvestment_rate": null,
            "research_to_sale_ratio": null,
            "price_fair": 0,
            "eps_avg_yearly": 0,
            "eps_latest_yearly": 0,
            "eps_growth_yearly": 0
        },
        "20123": {
            "year_quarter": 20123,
            "year": 2012,
            "quarter": 3,
            "eps": null,
            "eps_growth_year": null,
            "eps_4q": null,
            "eps_4q_growth_year": null,
            "roe": null,
            "roe_4q": 0,
            "gross_profit": null,
            "gross_margin": null,
            "gross_margin_4q_avg": 0,
            "net_income": null,
            "net_income_4q": null,
            "revenue": null,
            "revenue_4q": null,
            "common_shares": null,
            "book_valuer_per_share": null,
            "book_valuer_per_share_4q_avg": 7.39,
            "equity": null,
            "current_ratio": null,
            "debt_ratio": null,
            "inventory_turnover_ratio": null,
            "account_receivable_turnover_ratio": null,
            "reinvestment_rate": null,
            "research_to_sale_ratio": null,
            "price_fair": 0,
            "eps_avg_yearly": 0,
            "eps_latest_yearly": 0,
            "eps_growth_yearly": 0
        },
        "20124": {
            "year_quarter": 20124,
            "year": 2012,
            "quarter": 4,
            "eps": null,
            "eps_growth_year": null,
            "eps_4q": null,
            "eps_4q_growth_year": null,
            "roe": null,
            "roe_4q": 0,
            "gross_profit": null,
            "gross_margin": null,
            "gross_margin_4q_avg": 0,
            "net_income": null,
            "net_income_4q": null,
            "revenue": null,
            "revenue_4q": null,
            "common_shares": 540000,
            "book_valuer_per_share": 27.56,
            "book_valuer_per_share_4q_avg": 6.89,
            "equity": 1488496,
            "current_ratio": 184.93,
            "debt_ratio": 45.42,
            "inventory_turnover_ratio": null,
            "account_receivable_turnover_ratio": null,
            "reinvestment_rate": null,
            "research_to_sale_ratio": null,
            "price_fair": 0,
            "eps_avg_yearly": 0,
            "eps_latest_yearly": 0,
            "eps_growth_yearly": 0
        },
        "20131": {
            "year_quarter": 20131,
            "year": 2013,
            "quarter": 1,
            "eps": null,
            "eps_growth_year": null,
            "eps_4q": null,
            "eps_4q_growth_year": null,
            "roe": null,
            "roe_4q": 0,
            "gross_profit": null,
            "gross_margin": null,
            "gross_margin_4q_avg": 0,
            "net_income": null,
            "net_income_4q": null,
            "revenue": null,
            "revenue_4q": null,
            "common_shares": null,
            "book_valuer_per_share": null,
            "book_valuer_per_share_4q_avg": 6.89,
            "equity": null,
            "current_ratio": null,
            "debt_ratio": null,
            "inventory_turnover_ratio": null,
            "account_receivable_turnover_ratio": null,
            "reinvestment_rate": null,
            "research_to_sale_ratio": null,
            "price_fair": 0,
            "eps_avg_yearly": 0,
            "eps_latest_yearly": 0,
            "eps_growth_yearly": 0
        },
        "20132": {
            "year_quarter": 20132,
            "year": 2013,
            "quarter": 2,
            "eps": null,
            "eps_growth_year": null,
            "eps_4q": null,
            "eps_4q_growth_year": null,
            "roe": null,
            "roe_4q": 0,
            "gross_profit": null,
            "gross_margin": null,
            "gross_margin_4q_avg": 0,
            "net_income": null,
            "net_income_4q": null,
            "revenue": null,
            "revenue_4q": null,
            "common_shares": 540000,
            "book_valuer_per_share": null,
            "book_valuer_per_share_4q_avg": 6.89,
            "equity": 1522258,
            "current_ratio": null,
            "debt_ratio": null,
            "inventory_turnover_ratio": null,
            "account_receivable_turnover_ratio": null,
            "reinvestment_rate": null,
            "research_to_sale_ratio": null,
            "price_fair": 0,
            "eps_avg_yearly": 0,
            "eps_latest_yearly": 0,
            "eps_growth_yearly": 0
        },
        "20133": {
            "year_quarter": 20133,
            "year": 2013,
            "quarter": 3,
            "eps": null,
            "eps_growth_year": null,
            "eps_4q": null,
            "eps_4q_growth_year": null,
            "roe": null,
            "roe_4q": 0,
            "gross_profit": null,
            "gross_margin": null,
            "gross_margin_4q_avg": 0,
            "net_income": null,
            "net_income_4q": null,
            "revenue": null,
            "revenue_4q": null,
            "common_shares": null,
            "book_valuer_per_share": null,
            "book_valuer_per_share_4q_avg": 6.89,
            "equity": null,
            "current_ratio": null,
            "debt_ratio": null,
            "inventory_turnover_ratio": null,
            "account_receivable_turnover_ratio": null,
            "reinvestment_rate": null,
            "research_to_sale_ratio": null,
            "price_fair": 0,
            "eps_avg_yearly": 0,
            "eps_latest_yearly": 0,
            "eps_growth_yearly": 0
        },
        "20134": {
            "year_quarter": 20134,
            "year": 2013,
            "quarter": 4,
            "eps": null,
            "eps_growth_year": null,
            "eps_4q": null,
            "eps_4q_growth_year": null,
            "roe": null,
            "roe_4q": 0,
            "gross_profit": null,
            "gross_margin": null,
            "gross_margin_4q_avg": 0,
            "net_income": null,
            "net_income_4q": null,
            "revenue": null,
            "revenue_4q": null,
            "common_shares": 540000,
            "book_valuer_per_share": 29.42,
            "book_valuer_per_share_4q_avg": 7.36,
            "equity": 1588900,
            "current_ratio": 210.72,
            "debt_ratio": 41.17,
            "inventory_turnover_ratio": null,
            "account_receivable_turnover_ratio": null,
            "reinvestment_rate": null,
            "research_to_sale_ratio": null,
            "price_fair": 0,
            "eps_avg_yearly": 0,
            "eps_latest_yearly": 0,
            "eps_growth_yearly": 0
        },
        "20141": {
            "year_quarter": 20141,
            "year": 2014,
            "quarter": 1,
            "eps": null,
            "eps_growth_year": null,
            "eps_4q": null,
            "eps_4q_growth_year": null,
            "roe": null,
            "roe_4q": 0,
            "gross_profit": 138522,
            "gross_margin": null,
            "gross_margin_4q_avg": 0,
            "net_income": 48231,
            "net_income_4q": null,
            "revenue": 840677,
            "revenue_4q": null,
            "common_shares": 540000,
            "book_valuer_per_share": 30.49,
            "book_valuer_per_share_4q_avg": 14.98,
            "equity": 1646608,
            "current_ratio": 215.37,
            "debt_ratio": 40.66,
            "inventory_turnover_ratio": null,
            "account_receivable_turnover_ratio": null,
            "reinvestment_rate": null,
            "research_to_sale_ratio": null,
            "price_fair": 0,
            "eps_avg_yearly": 0,
            "eps_latest_yearly": 0,
            "eps_growth_yearly": 0
        },
        "20142": {
            "year_quarter": 20142,
            "year": 2014,
            "quarter": 2,
            "eps": 0.11,
            "eps_growth_year": null,
            "eps_4q": null,
            "eps_4q_growth_year": null,
            "roe": 0.41,
            "roe_4q": 0.41,
            "gross_profit": 178911,
            "gross_margin": 18.12,
            "gross_margin_4q_avg": 4.53,
            "net_income": 6678,
            "net_income_4q": null,
            "revenue": 987297,
            "revenue_4q": null,
            "common_shares": 540000,
            "book_valuer_per_share": 29.34,
            "book_valuer_per_share_4q_avg": 22.31,
            "equity": 1584549,
            "current_ratio": 194.9,
            "debt_ratio": 44.87,
            "inventory_turnover_ratio": 1.62,
            "account_receivable_turnover_ratio": 2.05,
            "reinvestment_rate": null,
            "research_to_sale_ratio": null,
            "price_fair": 0,
            "eps_avg_yearly": 0,
            "eps_latest_yearly": 0,
            "eps_growth_yearly": 0
        },
        "20143": {
            "year_quarter": 20143,
            "year": 2014,
            "quarter": 3,
            "eps": null,
            "eps_growth_year": null,
            "eps_4q": null,
            "eps_4q_growth_year": null,
            "roe": null,
            "roe_4q": 0.41,
            "gross_profit": 190120,
            "gross_margin": null,
            "gross_margin_4q_avg": 4.53,
            "net_income": 81512,
            "net_income_4q": null,
            "revenue": 1020766,
            "revenue_4q": null,
            "common_shares": 600000,
            "book_valuer_per_share": 28.02,
            "book_valuer_per_share_4q_avg": 29.32,
            "equity": 1680986,
            "current_ratio": 202.97,
            "debt_ratio": 43.42,
            "inventory_turnover_ratio": null,
            "account_receivable_turnover_ratio": null,
            "reinvestment_rate": null,
            "research_to_sale_ratio": null,
            "price_fair": 0,
            "eps_avg_yearly": 0,
            "eps_latest_yearly": 0,
            "eps_growth_yearly": 0
        },
        "20144": {
            "year_quarter": 20144,
            "year": 2014,
            "quarter": 4,
            "eps": null,
            "eps_growth_year": null,
            "eps_4q": null,
            "eps_4q_growth_year": null,
            "roe": null,
            "roe_4q": 0.41,
            "gross_profit": 215206,
            "gross_margin": null,
            "gross_margin_4q_avg": 4.53,
            "net_income": 96500,
            "net_income_4q": null,
            "revenue": 1070401,
            "revenue_4q": null,
            "common_shares": 600000,
            "book_valuer_per_share": 30.15,
            "book_valuer_per_share_4q_avg": 29.5,
            "equity": 1808984,
            "current_ratio": 210.97,
            "debt_ratio": 41.94,
            "inventory_turnover_ratio": null,
            "account_receivable_turnover_ratio": null,
            "reinvestment_rate": null,
            "research_to_sale_ratio": null,
            "price_fair": 0,
            "eps_avg_yearly": 0,
            "eps_latest_yearly": 0,
            "eps_growth_yearly": 0
        },
        "20151": {
            "year_quarter": 20151,
            "year": 2015,
            "quarter": 1,
            "eps": 1.22,
            "eps_growth_year": null,
            "eps_4q": 1.33,
            "eps_4q_growth_year": null,
            "roe": 3.98,
            "roe_4q": 4.39,
            "gross_profit": 213409,
            "gross_margin": 20.3,
            "gross_margin_4q_avg": 9.61,
            "net_income": 73273,
            "net_income_4q": null,
            "revenue": 1051359,
            "revenue_4q": null,
            "common_shares": 600000,
            "book_valuer_per_share": 31.16,
            "book_valuer_per_share_4q_avg": 29.67,
            "equity": 1869772,
            "current_ratio": 216.15,
            "debt_ratio": 40.82,
            "inventory_turnover_ratio": 1.41,
            "account_receivable_turnover_ratio": 0.96,
            "reinvestment_rate": null,
            "research_to_sale_ratio": 2.19,
            "price_fair": 0,
            "eps_avg_yearly": 0,
            "eps_latest_yearly": 0,
            "eps_growth_yearly": 0
        },
        "20152": {
            "year_quarter": 20152,
            "year": 2015,
            "quarter": 2,
            "eps": 0.65,
            "eps_growth_year": 484.01,
            "eps_4q": 1.87,
            "eps_4q_growth_year": null,
            "roe": 2.13,
            "roe_4q": 6.109999999999999,
            "gross_profit": 200585,
            "gross_margin": 18.73,
            "gross_margin_4q_avg": 9.76,
            "net_income": 38921,
            "net_income_4q": null,
            "revenue": 1070831,
            "revenue_4q": null,
            "common_shares": 600000,
            "book_valuer_per_share": 29.82,
            "book_valuer_per_share_4q_avg": 29.79,
            "equity": 1789481,
            "current_ratio": 200.89,
            "debt_ratio": 42.13,
            "inventory_turnover_ratio": 1.49,
            "account_receivable_turnover_ratio": 0.98,
            "reinvestment_rate": null,
            "research_to_sale_ratio": 2.33,
            "price_fair": 7.8,
            "eps_avg_yearly": 2.6,
            "eps_latest_yearly": 2.6,
            "eps_growth_yearly": -186.89
        },
        "20153": {
            "year_quarter": 20153,
            "year": 2015,
            "quarter": 3,
            "eps": 1.81,
            "eps_growth_year": null,
            "eps_4q": 3.49,
            "eps_4q_growth_year": null,
            "roe": 5.91,
            "roe_4q": 12.02,
            "gross_profit": 192168,
            "gross_margin": 18.7,
            "gross_margin_4q_avg": 14.43,
            "net_income": 117945,
            "net_income_4q": null,
            "revenue": 1027822,
            "revenue_4q": null,
            "common_shares": 660000,
            "book_valuer_per_share": 33.4,
            "book_valuer_per_share_4q_avg": 31.13,
            "equity": 2204550,
            "current_ratio": 265.63,
            "debt_ratio": 33.23,
            "inventory_turnover_ratio": 1.32,
            "account_receivable_turnover_ratio": 0.94,
            "reinvestment_rate": null,
            "research_to_sale_ratio": 2.42,
            "price_fair": 172.2,
            "eps_avg_yearly": 4.92,
            "eps_latest_yearly": 7.24,
            "eps_growth_yearly": 263.48
        },
        "20154": {
            "year_quarter": 20154,
            "year": 2015,
            "quarter": 4,
            "eps": 1.32,
            "eps_growth_year": null,
            "eps_4q": 4.81,
            "eps_4q_growth_year": null,
            "roe": 3.91,
            "roe_4q": 15.93,
            "gross_profit": 243586,
            "gross_margin": 20.95,
            "gross_margin_4q_avg": 19.67,
            "net_income": 87426,
            "net_income_4q": null,
            "revenue": 1162867,
            "revenue_4q": null,
            "common_shares": 660000,
            "book_valuer_per_share": 34.4,
            "book_valuer_per_share_4q_avg": 32.2,
            "equity": 2270540,
            "current_ratio": 259.84,
            "debt_ratio": 34.18,
            "inventory_turnover_ratio": 1.25,
            "account_receivable_turnover_ratio": 1.01,
            "reinvestment_rate": null,
            "research_to_sale_ratio": 2.54,
            "price_fair": 176.4,
            "eps_avg_yearly": 5.04,
            "eps_latest_yearly": 5.28,
            "eps_growth_yearly": 139.56
        },
        "20161": {
            "year_quarter": 20161,
            "year": 2016,
            "quarter": 1,
            "eps": 0.96,
            "eps_growth_year": -21.31,
            "eps_4q": 4.66,
            "eps_4q_growth_year": 249.68,
            "roe": 2.75,
            "roe_4q": 14.7,
            "gross_profit": 231481,
            "gross_margin": 20.8,
            "gross_margin_4q_avg": 19.8,
            "net_income": 63235,
            "net_income_4q": null,
            "revenue": 1112702,
            "revenue_4q": null,
            "common_shares": 660000,
            "book_valuer_per_share": 35.16,
            "book_valuer_per_share_4q_avg": 33.2,
            "equity": 2320508,
            "current_ratio": 293.34,
            "debt_ratio": 31.73,
            "inventory_turnover_ratio": 1.23,
            "account_receivable_turnover_ratio": 0.96,
            "reinvestment_rate": null,
            "research_to_sale_ratio": 2.26,
            "price_fair": 165.9,
            "eps_avg_yearly": 4.74,
            "eps_latest_yearly": 3.84,
            "eps_growth_yearly": 77.4
        },
        "20162": {
            "year_quarter": 20162,
            "year": 2016,
            "quarter": 2,
            "eps": 1.49,
            "eps_growth_year": 129.23,
            "eps_4q": 5.56,
            "eps_4q_growth_year": 197.42,
            "roe": 4.36,
            "roe_4q": 16.93,
            "gross_profit": 246606,
            "gross_margin": 22.42,
            "gross_margin_4q_avg": 20.72,
            "net_income": 98449,
            "net_income_4q": null,
            "revenue": 1099785,
            "revenue_4q": null,
            "common_shares": 660000,
            "book_valuer_per_share": 33.32,
            "book_valuer_per_share_4q_avg": 34.07,
            "equity": 2199040,
            "current_ratio": 241.77,
            "debt_ratio": 38.17,
            "inventory_turnover_ratio": 1.25,
            "account_receivable_turnover_ratio": 0.97,
            "reinvestment_rate": null,
            "research_to_sale_ratio": 2.2,
            "price_fair": 174.44,
            "eps_avg_yearly": 4.98,
            "eps_latest_yearly": 5.96,
            "eps_growth_yearly": 106.08
        },
        "20163": {
            "year_quarter": 20163,
            "year": 2016,
            "quarter": 3,
            "eps": 0.84,
            "eps_growth_year": -53.59,
            "eps_4q": 4.61,
            "eps_4q_growth_year": 32.33,
            "roe": 2.51,
            "roe_4q": 13.530000000000001,
            "gross_profit": 225831,
            "gross_margin": 18.89,
            "gross_margin_4q_avg": 20.77,
            "net_income": 55439,
            "net_income_4q": null,
            "revenue": 1195471,
            "revenue_4q": null,
            "common_shares": 660000,
            "book_valuer_per_share": 33.66,
            "book_valuer_per_share_4q_avg": 34.14,
            "equity": 2221366,
            "current_ratio": 257.47,
            "debt_ratio": 36.11,
            "inventory_turnover_ratio": 1.52,
            "account_receivable_turnover_ratio": 1.02,
            "reinvestment_rate": null,
            "research_to_sale_ratio": 2.16,
            "price_fair": 164.97,
            "eps_avg_yearly": 4.71,
            "eps_latest_yearly": 3.36,
            "eps_growth_yearly": 59.32
        },
        "20164": {
            "year_quarter": 20164,
            "year": 2016,
            "quarter": 4,
            "eps": 1.1,
            "eps_growth_year": -16.68,
            "eps_4q": 4.39,
            "eps_4q_growth_year": -8.69,
            "roe": 3.24,
            "roe_4q": 12.86,
            "gross_profit": 177784,
            "gross_margin": 18.86,
            "gross_margin_4q_avg": 20.24,
            "net_income": 72841,
            "net_income_4q": null,
            "revenue": 942612,
            "revenue_4q": null,
            "common_shares": 660000,
            "book_valuer_per_share": 34.47,
            "book_valuer_per_share_4q_avg": 34.15,
            "equity": 2275040,
            "current_ratio": 308.66,
            "debt_ratio": 31.21,
            "inventory_turnover_ratio": 1.28,
            "account_receivable_turnover_ratio": 0.89,
            "reinvestment_rate": null,
            "research_to_sale_ratio": 3.42,
            "price_fair": 163.4,
            "eps_avg_yearly": 4.67,
            "eps_latest_yearly": 4.4,
            "eps_growth_yearly": 68.53
        },
        "20171": {
            "year_quarter": 20171,
            "year": 2017,
            "quarter": 1,
            "eps": 0.32,
            "eps_growth_year": -66.67,
            "eps_4q": 3.75,
            "eps_4q_growth_year": -19.46,
            "roe": 0.93,
            "roe_4q": 11.04,
            "gross_profit": 136645,
            "gross_margin": 17.32,
            "gross_margin_4q_avg": 19.37,
            "net_income": 20959,
            "net_income_4q": null,
            "revenue": 788786,
            "revenue_4q": null,
            "common_shares": 660000,
            "book_valuer_per_share": 33.99,
            "book_valuer_per_share_4q_avg": 33.86,
            "equity": 2243382,
            "current_ratio": 269.31,
            "debt_ratio": 35.28,
            "inventory_turnover_ratio": 1.03,
            "account_receivable_turnover_ratio": 0.94,
            "reinvestment_rate": null,
            "research_to_sale_ratio": 3.8,
            "price_fair": 146.5,
            "eps_avg_yearly": 4.25,
            "eps_latest_yearly": 1.28,
            "eps_growth_yearly": 24.51
        },
        "20172": {
            "year_quarter": 20172,
            "year": 2017,
            "quarter": 2,
            "eps": 0.13,
            "eps_growth_year": -91.28,
            "eps_4q": 2.39,
            "eps_4q_growth_year": -57,
            "roe": 0.4,
            "roe_4q": 7.08,
            "gross_profit": 126351,
            "gross_margin": 15.93,
            "gross_margin_4q_avg": 17.75,
            "net_income": 8607,
            "net_income_4q": null,
            "revenue": 793089,
            "revenue_4q": null,
            "common_shares": 660000,
            "book_valuer_per_share": 31.15,
            "book_valuer_per_share_4q_avg": 33.32,
            "equity": 2056037,
            "current_ratio": 246.87,
            "debt_ratio": 37.88,
            "inventory_turnover_ratio": 1.09,
            "account_receivable_turnover_ratio": 1.08,
            "reinvestment_rate": null,
            "research_to_sale_ratio": 4.16,
            "price_fair": 11.49,
            "eps_avg_yearly": 3.83,
            "eps_latest_yearly": 0.52,
            "eps_growth_yearly": -4.6
        },
        "20173": {
            "year_quarter": 20173,
            "year": 2017,
            "quarter": 3,
            "eps": 0.14,
            "eps_growth_year": -83.33,
            "eps_4q": 1.69,
            "eps_4q_growth_year": -63.41,
            "roe": 0.44,
            "roe_4q": 5.01,
            "gross_profit": 114833,
            "gross_margin": 16.98,
            "gross_margin_4q_avg": 17.27,
            "net_income": 9032,
            "net_income_4q": null,
            "revenue": 676204,
            "revenue_4q": null,
            "common_shares": 660000,
            "book_valuer_per_share": 31.51,
            "book_valuer_per_share_4q_avg": 32.78,
            "equity": 2079850,
            "current_ratio": 295.66,
            "debt_ratio": 32.16,
            "inventory_turnover_ratio": 1.02,
            "account_receivable_turnover_ratio": 0.99,
            "reinvestment_rate": null,
            "research_to_sale_ratio": 4.51,
            "price_fair": 10.51,
            "eps_avg_yearly": 3.5,
            "eps_latest_yearly": 0.56,
            "eps_growth_yearly": -1.06
        },
        "20174": {
            "year_quarter": 20174,
            "year": 2017,
            "quarter": 4,
            "eps": 0.13,
            "eps_growth_year": -88.45,
            "eps_4q": 0.71,
            "eps_4q_growth_year": -83.79,
            "roe": 0.4,
            "roe_4q": 2.1700000000000004,
            "gross_profit": 130243,
            "gross_margin": 20.29,
            "gross_margin_4q_avg": 17.63,
            "net_income": 8410,
            "net_income_4q": null,
            "revenue": 641871,
            "revenue_4q": null,
            "common_shares": 660000,
            "book_valuer_per_share": 31.6,
            "book_valuer_per_share_4q_avg": 32.06,
            "equity": 2085391,
            "current_ratio": 311.82,
            "debt_ratio": 30.95,
            "inventory_turnover_ratio": 0.98,
            "account_receivable_turnover_ratio": 1.08,
            "reinvestment_rate": -1.57,
            "research_to_sale_ratio": 4.69,
            "price_fair": 9.7,
            "eps_avg_yearly": 3.23,
            "eps_latest_yearly": 0.52,
            "eps_growth_yearly": -3.56
        },
        "20181": {
            "year_quarter": 20181,
            "year": 2018,
            "quarter": 1,
            "eps": -0.52,
            "eps_growth_year": -262.5,
            "eps_4q": -0.13,
            "eps_4q_growth_year": -103.36,
            "roe": -1.65,
            "roe_4q": -0.41000000000000003,
            "gross_profit": 69970,
            "gross_margin": 12.11,
            "gross_margin_4q_avg": 16.33,
            "net_income": -34371,
            "net_income_4q": null,
            "revenue": 578007,
            "revenue_4q": null,
            "common_shares": 660000,
            "book_valuer_per_share": 31.64,
            "book_valuer_per_share_4q_avg": 31.48,
            "equity": 2088462,
            "current_ratio": 302.32,
            "debt_ratio": 31.93,
            "inventory_turnover_ratio": 0.94,
            "account_receivable_turnover_ratio": 1.08,
            "reinvestment_rate": -1,
            "research_to_sale_ratio": 5.41,
            "price_fair": 9.7,
            "eps_avg_yearly": 3.23,
            "eps_latest_yearly": 0.52,
            "eps_growth_yearly": -3.56
        },
        "20182": {
            "year_quarter": 20182,
            "year": 2018,
            "quarter": 2,
            "eps": 1.02,
            "eps_growth_year": 684.62,
            "eps_4q": 0.77,
            "eps_4q_growth_year": -67.89,
            "roe": 3.29,
            "roe_4q": 2.48,
            "gross_profit": 103732,
            "gross_margin": 15.17,
            "gross_margin_4q_avg": 16.14,
            "net_income": 67609,
            "net_income_4q": null,
            "revenue": 683982,
            "revenue_4q": null,
            "common_shares": 660000,
            "book_valuer_per_share": 30.62,
            "book_valuer_per_share_4q_avg": 31.34,
            "equity": 2020652,
            "current_ratio": 248.78,
            "debt_ratio": 38.07,
            "inventory_turnover_ratio": 0.99,
            "account_receivable_turnover_ratio": 1.21,
            "reinvestment_rate": -0.18,
            "research_to_sale_ratio": 4.27,
            "price_fair": 9.7,
            "eps_avg_yearly": 3.23,
            "eps_latest_yearly": 0.52,
            "eps_growth_yearly": -3.56
        },
        "20183": {
            "year_quarter": 20183,
            "year": 2018,
            "quarter": 3,
            "eps": 1.03,
            "eps_growth_year": 635.71,
            "eps_4q": 1.66,
            "eps_4q_growth_year": -1.76,
            "roe": 3.33,
            "roe_4q": 5.370000000000001,
            "gross_profit": 151015,
            "gross_margin": 19.67,
            "gross_margin_4q_avg": 16.81,
            "net_income": 67830,
            "net_income_4q": null,
            "revenue": 767599,
            "revenue_4q": null,
            "common_shares": 660000,
            "book_valuer_per_share": 31.17,
            "book_valuer_per_share_4q_avg": 31.26,
            "equity": 2057139,
            "current_ratio": 269.37,
            "debt_ratio": 35.6,
            "inventory_turnover_ratio": 0.94,
            "account_receivable_turnover_ratio": 1.26,
            "reinvestment_rate": -0.72,
            "research_to_sale_ratio": 4.38,
            "price_fair": 9.92,
            "eps_avg_yearly": 3.31,
            "eps_latest_yearly": 4.12,
            "eps_growth_yearly": -2.94
        },
        "20184": {
            "year_quarter": 20184,
            "year": 2018,
            "quarter": 4,
            "eps": 0.81,
            "eps_growth_year": 534.09,
            "eps_4q": 2.34,
            "eps_4q_growth_year": 228.44,
            "roe": 2.55,
            "roe_4q": 7.52,
            "gross_profit": 154024,
            "gross_margin": 19.86,
            "gross_margin_4q_avg": 16.7,
            "net_income": 53327,
            "net_income_4q": null,
            "revenue": 775518,
            "revenue_4q": null,
            "common_shares": 660000,
            "book_valuer_per_share": 32.1,
            "book_valuer_per_share_4q_avg": 31.38,
            "equity": 2118367,
            "current_ratio": 278.71,
            "debt_ratio": 34.68,
            "inventory_turnover_ratio": 0.89,
            "account_receivable_turnover_ratio": 1.22,
            "reinvestment_rate": -7.12,
            "research_to_sale_ratio": 3.64,
            "price_fair": 9.9,
            "eps_avg_yearly": 3.3,
            "eps_latest_yearly": 3.24,
            "eps_growth_yearly": -9.29
        },
        "20191": {
            "year_quarter": 20191,
            "year": 2019,
            "quarter": 1,
            "eps": 0.05,
            "eps_growth_year": null,
            "eps_4q": 2.91,
            "eps_4q_growth_year": null,
            "roe": 0.17,
            "roe_4q": 9.34,
            "gross_profit": 92442,
            "gross_margin": 14.72,
            "gross_margin_4q_avg": 17.36,
            "net_income": 3607,
            "net_income_4q": null,
            "revenue": 628126,
            "revenue_4q": null,
            "common_shares": 660000,
            "book_valuer_per_share": 32.41,
            "book_valuer_per_share_4q_avg": 31.58,
            "equity": 2139092,
            "current_ratio": 316.09,
            "debt_ratio": 31.5,
            "inventory_turnover_ratio": 0.81,
            "account_receivable_turnover_ratio": 1.1,
            "reinvestment_rate": -8.32,
            "research_to_sale_ratio": 4.88,
            "price_fair": 9.24,
            "eps_avg_yearly": 3.08,
            "eps_latest_yearly": 0.2,
            "eps_growth_yearly": -35.43
        },
        "20192": {
            "year_quarter": 20192,
            "year": 2019,
            "quarter": 2,
            "eps": 0.3,
            "eps_growth_year": -70.59,
            "eps_4q": 2.1,
            "eps_4q_growth_year": 173.87,
            "roe": 1,
            "roe_4q": 7.05,
            "gross_profit": 111242,
            "gross_margin": 17.88,
            "gross_margin_4q_avg": 18.03,
            "net_income": 20971,
            "net_income_4q": null,
            "revenue": 622184,
            "revenue_4q": null,
            "common_shares": 660000,
            "book_valuer_per_share": 31.12,
            "book_valuer_per_share_4q_avg": 31.7,
            "equity": 2053710,
            "current_ratio": 283.97,
            "debt_ratio": 33.99,
            "inventory_turnover_ratio": 0.84,
            "account_receivable_turnover_ratio": 1.2,
            "reinvestment_rate": -21.46,
            "research_to_sale_ratio": 5.34,
            "price_fair": 104.3,
            "eps_avg_yearly": 2.98,
            "eps_latest_yearly": 1.2,
            "eps_growth_yearly": 120.78
        },
        "20193": {
            "year_quarter": 20193,
            "year": 2019,
            "quarter": 3,
            "eps": 0.2,
            "eps_growth_year": -80.58,
            "eps_4q": 1.32,
            "eps_4q_growth_year": -20.28,
            "roe": 0.67,
            "roe_4q": 4.39,
            "gross_profit": 107049,
            "gross_margin": 16.17,
            "gross_margin_4q_avg": 17.16,
            "net_income": 13730,
            "net_income_4q": null,
            "revenue": 662178,
            "revenue_4q": null,
            "common_shares": 693000,
            "book_valuer_per_share": 29.46,
            "book_valuer_per_share_4q_avg": 31.27,
            "equity": 2041901,
            "current_ratio": 239.54,
            "debt_ratio": 36.02,
            "inventory_turnover_ratio": 1.03,
            "account_receivable_turnover_ratio": 1.25,
            "reinvestment_rate": 13.71,
            "research_to_sale_ratio": 5.1,
            "price_fair": 88.2,
            "eps_avg_yearly": 2.52,
            "eps_latest_yearly": 0.8,
            "eps_growth_yearly": 60.26
        },
        "20194": {
            "year_quarter": 20194,
            "year": 2019,
            "quarter": 4,
            "eps": -0.83,
            "eps_growth_year": -202.84,
            "eps_4q": -0.28,
            "eps_4q_growth_year": -111.89,
            "roe": -2.88,
            "roe_4q": -1.04,
            "gross_profit": 36912,
            "gross_margin": 7.21,
            "gross_margin_4q_avg": 14,
            "net_income": -57586,
            "net_income_4q": null,
            "revenue": 511670,
            "revenue_4q": null,
            "common_shares": 693000,
            "book_valuer_per_share": 28.21,
            "book_valuer_per_share_4q_avg": 30.3,
            "equity": 1954925,
            "current_ratio": 239.05,
            "debt_ratio": 34.6,
            "inventory_turnover_ratio": 1.01,
            "account_receivable_turnover_ratio": 1.04,
            "reinvestment_rate": 14.36,
            "research_to_sale_ratio": 5.53,
            "price_fair": 80.77,
            "eps_avg_yearly": 2.31,
            "eps_latest_yearly": 0.8,
            "eps_growth_yearly": 73.23
        },
        "20201": {
            "year_quarter": 20201,
            "year": 2020,
            "quarter": 1,
            "eps": -0.54,
            "eps_growth_year": -1180,
            "eps_4q": -0.9,
            "eps_4q_growth_year": -130.77,
            "roe": -2,
            "roe_4q": -3.21,
            "gross_profit": 56377,
            "gross_margin": 10.17,
            "gross_margin_4q_avg": 12.86,
            "net_income": -36574,
            "net_income_4q": null,
            "revenue": 554122,
            "revenue_4q": null,
            "common_shares": 693000,
            "book_valuer_per_share": 25.79,
            "book_valuer_per_share_4q_avg": 28.65,
            "equity": 1709581,
            "current_ratio": 202.62,
            "debt_ratio": 39.28,
            "inventory_turnover_ratio": 1.2,
            "account_receivable_turnover_ratio": 1.18,
            "reinvestment_rate": 41.26,
            "research_to_sale_ratio": 5.72,
            "price_fair": 76.3,
            "eps_avg_yearly": 2.18,
            "eps_latest_yearly": 0.8,
            "eps_growth_yearly": 88.42
        },
        "20202": {
            "year_quarter": 20202,
            "year": 2020,
            "quarter": 2,
            "eps": 0.11,
            "eps_growth_year": -63.33,
            "eps_4q": -1.1,
            "eps_4q_growth_year": -152.52,
            "roe": 0.42,
            "roe_4q": -3.79,
            "gross_profit": 112637,
            "gross_margin": 19.35,
            "gross_margin_4q_avg": 13.23,
            "net_income": 7197,
            "net_income_4q": null,
            "revenue": 582208,
            "revenue_4q": null,
            "common_shares": 693000,
            "book_valuer_per_share": 25.7,
            "book_valuer_per_share_4q_avg": 27.29,
            "equity": 1703807,
            "current_ratio": 195.4,
            "debt_ratio": 40.69,
            "inventory_turnover_ratio": 1.2,
            "account_receivable_turnover_ratio": 1.12,
            "reinvestment_rate": 56.18,
            "research_to_sale_ratio": 4.67,
            "price_fair": 64.27,
            "eps_avg_yearly": 1.84,
            "eps_latest_yearly": 0.8,
            "eps_growth_yearly": 76.38
        },
        "20203": {
            "year_quarter": 20203,
            "year": 2020,
            "quarter": 3,
            "eps": 0.13,
            "eps_growth_year": -35,
            "eps_4q": -1.19,
            "eps_4q_growth_year": -189.66,
            "roe": 0.49,
            "roe_4q": -3.9699999999999998,
            "gross_profit": 133774,
            "gross_margin": 20.5,
            "gross_margin_4q_avg": 14.31,
            "net_income": 8361,
            "net_income_4q": null,
            "revenue": 652440,
            "revenue_4q": null,
            "common_shares": 693000,
            "book_valuer_per_share": 26.02,
            "book_valuer_per_share_4q_avg": 26.43,
            "equity": 1725055,
            "current_ratio": 197,
            "debt_ratio": 40.14,
            "inventory_turnover_ratio": 1.18,
            "account_receivable_turnover_ratio": 1.15,
            "reinvestment_rate": 82.8,
            "research_to_sale_ratio": 4.33,
            "price_fair": 55.24,
            "eps_avg_yearly": 1.58,
            "eps_latest_yearly": 0.52,
            "eps_growth_yearly": 98.86
        },
        "20204": {
            "year_quarter": 20204,
            "year": 2020,
            "quarter": 4,
            "eps": -0.26,
            "eps_growth_year": null,
            "eps_4q": -0.57,
            "eps_4q_growth_year": null,
            "roe": -0.99,
            "roe_4q": -2.08,
            "gross_profit": 104654,
            "gross_margin": 16.75,
            "gross_margin_4q_avg": 16.69,
            "net_income": -17035,
            "net_income_4q": null,
            "revenue": 624778,
            "revenue_4q": null,
            "common_shares": 693000,
            "book_valuer_per_share": 25.78,
            "book_valuer_per_share_4q_avg": 25.82,
            "equity": 1709033,
            "current_ratio": 248.5,
            "debt_ratio": 41.19,
            "inventory_turnover_ratio": 1.04,
            "account_receivable_turnover_ratio": 1.11,
            "reinvestment_rate": 134.45,
            "research_to_sale_ratio": 4.17,
            "price_fair": 45.36,
            "eps_avg_yearly": 1.3,
            "eps_latest_yearly": 0.52,
            "eps_growth_yearly": 96.36
        },
        "20211": {
            "year_quarter": 20211,
            "year": 2021,
            "quarter": 1,
            "eps": 0.21,
            "eps_growth_year": null,
            "eps_4q": 0.19,
            "eps_4q_growth_year": null,
            "roe": 0.84,
            "roe_4q": 0.76,
            "gross_profit": 134327,
            "gross_margin": 19.47,
            "gross_margin_4q_avg": 19.02,
            "net_income": 14175,
            "net_income_4q": null,
            "revenue": 689821,
            "revenue_4q": null,
            "common_shares": 693000,
            "book_valuer_per_share": 24.91,
            "book_valuer_per_share_4q_avg": 25.6,
            "equity": 1651321,
            "current_ratio": 230.68,
            "debt_ratio": 42.93,
            "inventory_turnover_ratio": 0.97,
            "account_receivable_turnover_ratio": 1.25,
            "reinvestment_rate": 150.37,
            "research_to_sale_ratio": 3.78,
            "price_fair": 45.42,
            "eps_avg_yearly": 1.3,
            "eps_latest_yearly": 0.52,
            "eps_growth_yearly": 138.59
        },
        "20212": {
            "year_quarter": 20212,
            "year": 2021,
            "quarter": 2,
            "eps": 0.53,
            "eps_growth_year": 381.82,
            "eps_4q": 0.61,
            "eps_4q_growth_year": null,
            "roe": 2.09,
            "roe_4q": 2.4299999999999997,
            "gross_profit": 177768,
            "gross_margin": 24.43,
            "gross_margin_4q_avg": 20.29,
            "net_income": 34779,
            "net_income_4q": null,
            "revenue": 727566,
            "revenue_4q": null,
            "common_shares": 693000,
            "book_valuer_per_share": 25.34,
            "book_valuer_per_share_4q_avg": 25.51,
            "equity": 1680253,
            "current_ratio": 220.12,
            "debt_ratio": 45.37,
            "inventory_turnover_ratio": 0.83,
            "account_receivable_turnover_ratio": 1.19,
            "reinvestment_rate": 113.78,
            "research_to_sale_ratio": 3.37,
            "price_fair": 51.64,
            "eps_avg_yearly": 1.48,
            "eps_latest_yearly": 2.12,
            "eps_growth_yearly": 232.7
        },
        "20213": {
            "year_quarter": 20213,
            "year": 2021,
            "quarter": 3,
            "eps": 0.34,
            "eps_growth_year": 161.54,
            "eps_4q": 0.83,
            "eps_4q_growth_year": null,
            "roe": 1.35,
            "roe_4q": 3.29,
            "gross_profit": 144113,
            "gross_margin": 18.75,
            "gross_margin_4q_avg": 19.85,
            "net_income": 22859,
            "net_income_4q": null,
            "revenue": 768611,
            "revenue_4q": null,
            "common_shares": 693000,
            "book_valuer_per_share": 25.63,
            "book_valuer_per_share_4q_avg": 25.42,
            "equity": 1698998,
            "current_ratio": 241.22,
            "debt_ratio": 42.76,
            "inventory_turnover_ratio": 0.91,
            "account_receivable_turnover_ratio": 1.07,
            "reinvestment_rate": 95.11,
            "research_to_sale_ratio": 2.94,
            "price_fair": 54.76,
            "eps_avg_yearly": 1.56,
            "eps_latest_yearly": 1.36,
            "eps_growth_yearly": 213.35
        },
        "20214": {
            "year_quarter": 20214,
            "year": 2021,
            "quarter": 4,
            "eps": 0.48,
            "eps_growth_year": null,
            "eps_4q": 1.56,
            "eps_4q_growth_year": null,
            "roe": 1.84,
            "roe_4q": 6.12,
            "gross_profit": 145045,
            "gross_margin": 23.13,
            "gross_margin_4q_avg": 21.45,
            "net_income": 31592,
            "net_income_4q": null,
            "revenue": 627018,
            "revenue_4q": null,
            "common_shares": 693000,
            "book_valuer_per_share": 26.21,
            "book_valuer_per_share_4q_avg": 25.52,
            "equity": 1737529,
            "current_ratio": 224.73,
            "debt_ratio": 43.76,
            "inventory_turnover_ratio": 0.7,
            "account_receivable_turnover_ratio": 0.89,
            "reinvestment_rate": 96.84,
            "research_to_sale_ratio": 4.18,
            "price_fair": 60.2,
            "eps_avg_yearly": 1.72,
            "eps_latest_yearly": 1.92,
            "eps_growth_yearly": 234.82
        },
        "20221": {
            "year_quarter": 20221,
            "year": 2022,
            "quarter": 1,
            "eps": 1.13,
            "eps_growth_year": 438.1,
            "eps_4q": 2.48,
            "eps_4q_growth_year": 1192.77,
            "roe": 4.29,
            "roe_4q": 9.57,
            "gross_profit": 201814,
            "gross_margin": 28.56,
            "gross_margin_4q_avg": 23.72,
            "net_income": 74925,
            "net_income_4q": null,
            "revenue": 706524,
            "revenue_4q": null,
            "common_shares": 693000,
            "book_valuer_per_share": 26.51,
            "book_valuer_per_share_4q_avg": 25.92,
            "equity": 1757456,
            "current_ratio": 229.78,
            "debt_ratio": 43.27,
            "inventory_turnover_ratio": 0.64,
            "account_receivable_turnover_ratio": 1.09,
            "reinvestment_rate": 68.11,
            "research_to_sale_ratio": 3.74,
            "price_fair": 70,
            "eps_avg_yearly": 2,
            "eps_latest_yearly": 4.52,
            "eps_growth_yearly": 265.51
        },
        "20222": {
            "year_quarter": 20222,
            "year": 2022,
            "quarter": 2,
            "eps": 1.25,
            "eps_growth_year": 135.85,
            "eps_4q": 3.2,
            "eps_4q_growth_year": 426.69,
            "roe": 4.62,
            "roe_4q": 12.1,
            "gross_profit": 243689,
            "gross_margin": 31.64,
            "gross_margin_4q_avg": 25.52,
            "net_income": 82775,
            "net_income_4q": null,
            "revenue": 770139,
            "revenue_4q": null,
            "common_shares": 693000,
            "book_valuer_per_share": 27.58,
            "book_valuer_per_share_4q_avg": 26.48,
            "equity": 1828554,
            "current_ratio": 227.34,
            "debt_ratio": 42.82,
            "inventory_turnover_ratio": 0.62,
            "account_receivable_turnover_ratio": 1.13,
            "reinvestment_rate": 83.35,
            "research_to_sale_ratio": 3.57,
            "price_fair": 79.55,
            "eps_avg_yearly": 2.27,
            "eps_latest_yearly": 5,
            "eps_growth_yearly": 245.23
        },
        "20223": {
            "year_quarter": 20223,
            "year": 2022,
            "quarter": 3,
            "eps": 2.34,
            "eps_growth_year": 588.24,
            "eps_4q": 5.2,
            "eps_4q_growth_year": 529.03,
            "roe": 8.13,
            "roe_4q": 18.88,
            "gross_profit": 323780,
            "gross_margin": 36.81,
            "gross_margin_4q_avg": 30.04,
            "net_income": 155277,
            "net_income_4q": null,
            "revenue": 879510,
            "revenue_4q": null,
            "common_shares": 693000,
            "book_valuer_per_share": 30.05,
            "book_valuer_per_share_4q_avg": 27.59,
            "equity": 1992244,
            "current_ratio": 247.05,
            "debt_ratio": 40.73,
            "inventory_turnover_ratio": 0.68,
            "account_receivable_turnover_ratio": 1.1,
            "reinvestment_rate": 68.75,
            "research_to_sale_ratio": 2.93,
            "price_fair": 96.22,
            "eps_avg_yearly": 2.75,
            "eps_latest_yearly": 9.36,
            "eps_growth_yearly": 276.58
        },
        "20224": {
            "year_quarter": 20224,
            "year": 2022,
            "quarter": 4,
            "eps": 0.13,
            "eps_growth_year": -72.5,
            "eps_4q": 4.85,
            "eps_4q_growth_year": 211.07,
            "roe": 0.44,
            "roe_4q": 17.48,
            "gross_profit": 165938,
            "gross_margin": 28.41,
            "gross_margin_4q_avg": 31.36,
            "net_income": 8688,
            "net_income_4q": null,
            "revenue": 584015,
            "revenue_4q": null,
            "common_shares": 693000,
            "book_valuer_per_share": 30.05,
            "book_valuer_per_share_4q_avg": 28.55,
            "equity": 1992251,
            "current_ratio": 236.32,
            "debt_ratio": 41.58,
            "inventory_turnover_ratio": 0.53,
            "account_receivable_turnover_ratio": 0.78,
            "reinvestment_rate": 73.23,
            "research_to_sale_ratio": 4.69,
            "price_fair": 87.56,
            "eps_avg_yearly": 2.5,
            "eps_latest_yearly": 0.52,
            "eps_growth_yearly": 250.01
        },
        "20231": {
            "year_quarter": 20231,
            "year": 2023,
            "quarter": 1,
            "eps": 0.05,
            "eps_growth_year": -95.58,
            "eps_4q": 3.77,
            "eps_4q_growth_year": 52.45,
            "roe": 0.18,
            "roe_4q": 13.370000000000001,
            "gross_profit": 167151,
            "gross_margin": 26.44,
            "gross_margin_4q_avg": 30.83,
            "net_income": 3517,
            "net_income_4q": null,
            "revenue": 632221,
            "revenue_4q": null,
            "common_shares": 663000,
            "book_valuer_per_share": 27.99,
            "book_valuer_per_share_4q_avg": 28.92,
            "equity": 1855723,
            "current_ratio": 230.78,
            "debt_ratio": 42.23,
            "inventory_turnover_ratio": 0.62,
            "account_receivable_turnover_ratio": 0.98,
            "reinvestment_rate": 70.02,
            "research_to_sale_ratio": 3.98,
            "price_fair": 87.56,
            "eps_avg_yearly": 2.5,
            "eps_latest_yearly": 0.2,
            "eps_growth_yearly": 261.75
        },
        "20232": {
            "year_quarter": 20232,
            "year": 2023,
            "quarter": 2,
            "eps": 1.07,
            "eps_growth_year": -14.4,
            "eps_4q": 3.6,
            "eps_4q_growth_year": 12.39,
            "roe": 3.77,
            "roe_4q": 12.520000000000001,
            "gross_profit": 250312,
            "gross_margin": 35.83,
            "gross_margin_4q_avg": 31.87,
            "net_income": 70949,
            "net_income_4q": null,
            "revenue": 698592,
            "revenue_4q": null,
            "common_shares": 663000,
            "book_valuer_per_share": 28.83,
            "book_valuer_per_share_4q_avg": 29.23,
            "equity": 1911408,
            "current_ratio": 230.5,
            "debt_ratio": 42.69,
            "inventory_turnover_ratio": 0.67,
            "account_receivable_turnover_ratio": 1.11,
            "reinvestment_rate": 58.35,
            "research_to_sale_ratio": 3.87,
            "price_fair": 97.36,
            "eps_avg_yearly": 2.78,
            "eps_latest_yearly": 4.28,
            "eps_growth_yearly": 821.75
        }
    },
    "months": {
        "2014-03": {
            "month": "2014-03",
            "price": "42.31",
            "revenue": 247488
        },
        "2014-04": {
            "month": "2014-04",
            "price": "38.72",
            "revenue": 323445
        },
        "2014-05": {
            "month": "2014-05",
            "price": "38.68",
            "revenue": 348586
        },
        "2014-06": {
            "month": "2014-06",
            "price": "39.98",
            "revenue": 313355
        },
        "2014-07": {
            "month": "2014-07",
            "price": "38.35",
            "revenue": 354002
        },
        "2014-08": {
            "month": "2014-08",
            "price": "36.45",
            "revenue": 306881
        },
        "2014-09": {
            "month": "2014-09",
            "price": "34.66",
            "revenue": 359657
        },
        "2014-10": {
            "month": "2014-10",
            "price": "28.50",
            "revenue": 351906
        },
        "2014-11": {
            "month": "2014-11",
            "price": "26.20",
            "revenue": 310326
        },
        "2014-12": {
            "month": "2014-12",
            "price": "27.84",
            "revenue": 409744
        },
        "2015-01": {
            "month": "2015-01",
            "price": "36.30",
            "revenue": 431353
        },
        "2015-02": {
            "month": "2015-02",
            "price": "38.82",
            "revenue": 250586
        },
        "2015-03": {
            "month": "2015-03",
            "price": "51.79",
            "revenue": 369611
        },
        "2015-04": {
            "month": "2015-04",
            "price": "53.30",
            "revenue": 336811
        },
        "2015-05": {
            "month": "2015-05",
            "price": "52.99",
            "revenue": 348705
        },
        "2015-06": {
            "month": "2015-06",
            "price": "59.69",
            "revenue": 385525
        },
        "2015-07": {
            "month": "2015-07",
            "price": "69.51",
            "revenue": 360452
        },
        "2015-08": {
            "month": "2015-08",
            "price": "54.58",
            "revenue": 317966
        },
        "2015-09": {
            "month": "2015-09",
            "price": "51.50",
            "revenue": 347430
        },
        "2015-10": {
            "month": "2015-10",
            "price": "57.93",
            "revenue": 404167
        },
        "2015-11": {
            "month": "2015-11",
            "price": "57.25",
            "revenue": 386573
        },
        "2015-12": {
            "month": "2015-12",
            "price": "50.89",
            "revenue": 369570
        },
        "2016-01": {
            "month": "2016-01",
            "price": "46.88",
            "revenue": 432323
        },
        "2016-02": {
            "month": "2016-02",
            "price": "50.79",
            "revenue": 298515
        },
        "2016-03": {
            "month": "2016-03",
            "price": "60.83",
            "revenue": 381621
        },
        "2016-04": {
            "month": "2016-04",
            "price": "53.51",
            "revenue": 336048
        },
        "2016-05": {
            "month": "2016-05",
            "price": "46.89",
            "revenue": 408522
        },
        "2016-06": {
            "month": "2016-06",
            "price": "49.68",
            "revenue": 355516
        },
        "2016-07": {
            "month": "2016-07",
            "price": "48.26",
            "revenue": 470256
        },
        "2016-08": {
            "month": "2016-08",
            "price": "53.48",
            "revenue": 419652
        },
        "2016-09": {
            "month": "2016-09",
            "price": "55.57",
            "revenue": 303340
        },
        "2016-10": {
            "month": "2016-10",
            "price": "49.24",
            "revenue": 251808
        },
        "2016-11": {
            "month": "2016-11",
            "price": "44.28",
            "revenue": 377940
        },
        "2016-12": {
            "month": "2016-12",
            "price": "47.04",
            "revenue": 316280
        },
        "2017-01": {
            "month": "2017-01",
            "price": "46.93",
            "revenue": 276819
        },
        "2017-02": {
            "month": "2017-02",
            "price": "46.10",
            "revenue": 190889
        },
        "2017-03": {
            "month": "2017-03",
            "price": "46.81",
            "revenue": 320893
        },
        "2017-04": {
            "month": "2017-04",
            "price": "54.25",
            "revenue": 254060
        },
        "2017-05": {
            "month": "2017-05",
            "price": "55.57",
            "revenue": 253412
        },
        "2017-06": {
            "month": "2017-06",
            "price": "51.43",
            "revenue": 284765
        },
        "2017-07": {
            "month": "2017-07",
            "price": "46.23",
            "revenue": 256431
        },
        "2017-08": {
            "month": "2017-08",
            "price": "44.22",
            "revenue": 220533
        },
        "2017-09": {
            "month": "2017-09",
            "price": "45.41",
            "revenue": 198874
        },
        "2017-10": {
            "month": "2017-10",
            "price": "43.83",
            "revenue": 198976
        },
        "2017-11": {
            "month": "2017-11",
            "price": "41.53",
            "revenue": 222700
        },
        "2017-12": {
            "month": "2017-12",
            "price": "41.53",
            "revenue": 226493
        },
        "2018-01": {
            "month": "2018-01",
            "price": "42.25",
            "revenue": 235905
        },
        "2018-02": {
            "month": "2018-02",
            "price": "39.64",
            "revenue": 172231
        },
        "2018-03": {
            "month": "2018-03",
            "price": "38.90",
            "revenue": 169608
        },
        "2018-04": {
            "month": "2018-04",
            "price": "36.51",
            "revenue": 219994
        },
        "2018-05": {
            "month": "2018-05",
            "price": "34.45",
            "revenue": 235800
        },
        "2018-06": {
            "month": "2018-06",
            "price": "37.14",
            "revenue": 226507
        },
        "2018-07": {
            "month": "2018-07",
            "price": "36.08",
            "revenue": 283467
        },
        "2018-08": {
            "month": "2018-08",
            "price": "37.18",
            "revenue": 254378
        },
        "2018-09": {
            "month": "2018-09",
            "price": "37.93",
            "revenue": 224476
        },
        "2018-10": {
            "month": "2018-10",
            "price": "31.94",
            "revenue": 322888
        },
        "2018-11": {
            "month": "2018-11",
            "price": "31.89",
            "revenue": 252784
        },
        "2018-12": {
            "month": "2018-12",
            "price": "37.86",
            "revenue": 199284
        },
        "2019-01": {
            "month": "2019-01",
            "price": "38.96",
            "revenue": 312187
        },
        "2019-02": {
            "month": "2019-02",
            "price": "40.68",
            "revenue": 134833
        },
        "2019-03": {
            "month": "2019-03",
            "price": "42.49",
            "revenue": 180698
        },
        "2019-04": {
            "month": "2019-04",
            "price": "41.52",
            "revenue": 239220
        },
        "2019-05": {
            "month": "2019-05",
            "price": "38.18",
            "revenue": 204277
        },
        "2019-06": {
            "month": "2019-06",
            "price": "38.36",
            "revenue": 179488
        },
        "2019-07": {
            "month": "2019-07",
            "price": "38.35",
            "revenue": 247747
        },
        "2019-08": {
            "month": "2019-08",
            "price": "36.24",
            "revenue": 225985
        },
        "2019-09": {
            "month": "2019-09",
            "price": "37.89",
            "revenue": 186281
        },
        "2019-10": {
            "month": "2019-10",
            "price": "38.82",
            "revenue": 212091
        },
        "2019-11": {
            "month": "2019-11",
            "price": "37.59",
            "revenue": 153851
        },
        "2019-12": {
            "month": "2019-12",
            "price": "36.97",
            "revenue": 147267
        },
        "2020-01": {
            "month": "2020-01",
            "price": "37.55",
            "revenue": 172075
        },
        "2020-02": {
            "month": "2020-02",
            "price": "37.13",
            "revenue": 183288
        },
        "2020-03": {
            "month": "2020-03",
            "price": "34.63",
            "revenue": 197838
        },
        "2020-04": {
            "month": "2020-04",
            "price": "33.41",
            "revenue": 222758
        },
        "2020-05": {
            "month": "2020-05",
            "price": "35.92",
            "revenue": 184530
        },
        "2020-06": {
            "month": "2020-06",
            "price": "36.07",
            "revenue": 173924
        },
        "2020-07": {
            "month": "2020-07",
            "price": "37.39",
            "revenue": 219764
        },
        "2020-08": {
            "month": "2020-08",
            "price": "34.38",
            "revenue": 217046
        },
        "2020-09": {
            "month": "2020-09",
            "price": "31.51",
            "revenue": 215866
        },
        "2020-10": {
            "month": "2020-10",
            "price": "29.28",
            "revenue": 235583
        },
        "2020-11": {
            "month": "2020-11",
            "price": "29.62",
            "revenue": 196476
        },
        "2020-12": {
            "month": "2020-12",
            "price": "30.29",
            "revenue": 196366
        },
        "2021-01": {
            "month": "2021-01",
            "price": "29.34",
            "revenue": 286787
        },
        "2021-02": {
            "month": "2021-02",
            "price": "30.73",
            "revenue": 166115
        },
        "2021-03": {
            "month": "2021-03",
            "price": "31.78",
            "revenue": 236230
        },
        "2021-04": {
            "month": "2021-04",
            "price": "34.83",
            "revenue": 243139
        },
        "2021-05": {
            "month": "2021-05",
            "price": "33.68",
            "revenue": 254075
        },
        "2021-06": {
            "month": "2021-06",
            "price": "33.35",
            "revenue": 229758
        },
        "2021-07": {
            "month": "2021-07",
            "price": "34.31",
            "revenue": 252472
        },
        "2021-08": {
            "month": "2021-08",
            "price": "34.38",
            "revenue": 257665
        },
        "2021-09": {
            "month": "2021-09",
            "price": "35.64",
            "revenue": 258289
        },
        "2021-10": {
            "month": "2021-10",
            "price": "34.49",
            "revenue": 212797
        },
        "2021-11": {
            "month": "2021-11",
            "price": "35.06",
            "revenue": 226281
        },
        "2021-12": {
            "month": "2021-12",
            "price": "35.28",
            "revenue": 188128
        },
        "2022-01": {
            "month": "2022-01",
            "price": "35.62",
            "revenue": 252919
        },
        "2022-02": {
            "month": "2022-02",
            "price": "35.24",
            "revenue": 189336
        },
        "2022-03": {
            "month": "2022-03",
            "price": "35.47",
            "revenue": 263210
        },
        "2022-04": {
            "month": "2022-04",
            "price": "38.32",
            "revenue": 213161
        },
        "2022-05": {
            "month": "2022-05",
            "price": "38.10",
            "revenue": 242036
        },
        "2022-06": {
            "month": "2022-06",
            "price": "40.51",
            "revenue": 315188
        },
        "2022-07": {
            "month": "2022-07",
            "price": "43.74",
            "revenue": 352830
        },
        "2022-08": {
            "month": "2022-08",
            "price": "61.71",
            "revenue": 290621
        },
        "2022-09": {
            "month": "2022-09",
            "price": "54.11",
            "revenue": 236142
        },
        "2022-10": {
            "month": "2022-10",
            "price": "41.80",
            "revenue": 185292
        },
        "2022-11": {
            "month": "2022-11",
            "price": "44.54",
            "revenue": 203455
        },
        "2022-12": {
            "month": "2022-12",
            "price": "48.88",
            "revenue": 198889
        },
        "2023-01": {
            "month": "2023-01",
            "price": "45.70",
            "revenue": 189659
        },
        "2023-02": {
            "month": "2023-02",
            "price": "48.82",
            "revenue": 210552
        },
        "2023-03": {
            "month": "2023-03",
            "price": "51.44",
            "revenue": 232075
        },
        "2023-04": {
            "month": "2023-04",
            "price": "52.98",
            "revenue": 205391
        },
        "2023-05": {
            "month": "2023-05",
            "price": "51.35",
            "revenue": 227114
        },
        "2023-06": {
            "month": "2023-06",
            "price": "51.44",
            "revenue": 264625
        },
        "2023-07": {
            "month": "2023-07",
            "price": "65.12",
            "revenue": 218815
        },
        "2023-08": {
            "month": "2023-08",
            "price": "63.21",
            "revenue": 246300
        },
        "2023-09": {
            "month": "2023-09",
            "price": "64.61",
            "revenue": 201507
        }
    }
}
