{
    "summary": {
        "stock_name": "元晶",
        "stock_id": "6443",
        "category": "光電",
        "main_business": "太陽能電池及模組之製造及銷售",
        "website_url": "http://www.tsecpv.com",
        "ceo": "洪振仁",
        "pe_ratio": 49,
        "report_year_from": 2013,
        "report_year_to": 2023,
        "age": 10,
        "eps_negative_percentage": 44,
        "eps_growth_avg": {
            "last_all": -23.81,
            "last_2y": 100,
            "last_4y": 100,
            "last_8y": null,
            "last_12y": null,
            "last_16y": null,
            "last_20y": null,
            "at_2006_last_3y": null,
            "at_2007_last_3y": null,
            "at_2008_last_3y": null,
            "at_2009_last_3y": null,
            "at_2010_last_3y": null,
            "at_2011_last_3y": null,
            "at_2012_last_3y": null,
            "at_2013_last_3y": null,
            "at_2014_last_3y": null,
            "at_2015_last_3y": null,
            "at_2016_last_3y": null,
            "at_2017_last_3y": null,
            "at_2018_last_3y": null,
            "at_2019_last_3y": -85.71,
            "at_2020_last_3y": -100,
            "at_2021_last_3y": null,
            "at_2022_last_3y": 100,
            "at_2023_last_3y": 100,
            "at_2006_last_all": null,
            "at_2007_last_all": null,
            "at_2008_last_all": null,
            "at_2009_last_all": null,
            "at_2010_last_all": null,
            "at_2011_last_all": null,
            "at_2012_last_all": null,
            "at_2013_last_all": null,
            "at_2014_last_all": null,
            "at_2015_last_all": null,
            "at_2016_last_all": null,
            "at_2017_last_all": -85.71,
            "at_2018_last_all": -85.71,
            "at_2019_last_all": -85.71,
            "at_2020_last_all": -85.71,
            "at_2021_last_all": -85.71,
            "at_2022_last_all": -23.81,
            "at_2023_last_all": -23.81
        },
        "latest_eps": 0.71,
        "latest_price": 35,
        "latest_roe": 5.85,
        "latest_gross_margin": 9.58,
        "latest_equity": 6329871,
        "latest_revenue": 2178973,
        "latest_gross_profit": 208715,
        "latest_net_income": 176102,
        "latest_debt_ratio": 43.55,
        "latest_current_ratio": 135.69,
        "latest_account_receivable_turnover_ratio": 2.04,
        "latest_inventory_turnover_ratio": 1.28,
        "latest_reinvestment_rate": null,
        "latest_research_to_sale_ratio": 0.52
    },
    "eps_dividends": {
        "2001": {
            "cash": 0,
            "stock": 0,
            "eps": 0
        },
        "2002": {
            "cash": 0,
            "stock": 0,
            "eps": 0
        },
        "2003": {
            "cash": 0,
            "stock": 0,
            "eps": 0
        },
        "2004": {
            "cash": 0,
            "stock": 0,
            "eps": 0
        },
        "2005": {
            "cash": 0,
            "stock": 0,
            "eps": 0
        },
        "2006": {
            "cash": 0,
            "stock": 0,
            "eps": 0
        },
        "2007": {
            "cash": 0,
            "stock": 0,
            "eps": 0
        },
        "2008": {
            "cash": 0,
            "stock": 0,
            "eps": 0
        },
        "2009": {
            "cash": 0,
            "stock": 0,
            "eps": 0
        },
        "2010": {
            "cash": 0,
            "stock": 0,
            "eps": 0
        },
        "2011": {
            "cash": 0,
            "stock": 0,
            "eps": 0
        },
        "2012": {
            "cash": 0,
            "stock": 0,
            "eps": 0
        },
        "2013": {
            "cash": 0,
            "stock": 0,
            "eps": 0
        },
        "2014": {
            "cash": 0,
            "stock": 0,
            "eps": 0
        },
        "2015": {
            "cash": 0,
            "stock": 0,
            "eps": 0.49
        },
        "2016": {
            "cash": 0,
            "stock": 0,
            "eps": 0.14
        },
        "2017": {
            "cash": 0,
            "stock": 0,
            "eps": -2.12
        },
        "2018": {
            "cash": 0,
            "stock": 0,
            "eps": -2.42
        },
        "2019": {
            "cash": 0,
            "stock": 0,
            "eps": -0.59
        },
        "2020": {
            "cash": 0,
            "stock": 0,
            "eps": -0.75
        },
        "2021": {
            "cash": 0,
            "stock": 0,
            "eps": 0.1
        },
        "2022": {
            "cash": 0,
            "stock": 0,
            "eps": 0.4
        },
        "2023": {
            "cash": 0,
            "stock": 0,
            "eps": 0.37
        }
    },
    "dividends": {
        "2023-03-08": {
            "cash": 0.1,
            "stock": 0
        }
    },
    "prices": {
        "200101": "無",
        "200102": "無",
        "200103": "無",
        "200104": "無",
        "200105": "無",
        "200106": "無",
        "200107": "無",
        "200108": "無",
        "200109": "無",
        "200110": "無",
        "200111": "無",
        "200112": "無",
        "200201": "無",
        "200202": "無",
        "200203": "無",
        "200204": "無",
        "200205": "無",
        "200206": "無",
        "200207": "無",
        "200208": "無",
        "200209": "無",
        "200210": "無",
        "200211": "無",
        "200212": "無",
        "200301": "無",
        "200302": "無",
        "200303": "無",
        "200304": "無",
        "200305": "無",
        "200306": "無",
        "200307": "無",
        "200308": "無",
        "200309": "無",
        "200310": "無",
        "200311": "無",
        "200312": "無",
        "200401": "無",
        "200402": "無",
        "200403": "無",
        "200404": "無",
        "200405": "無",
        "200406": "無",
        "200407": "無",
        "200408": "無",
        "200409": "無",
        "200410": "無",
        "200411": "無",
        "200412": "無",
        "200501": "無",
        "200502": "無",
        "200503": "無",
        "200504": "無",
        "200505": "無",
        "200506": "無",
        "200507": "無",
        "200508": "無",
        "200509": "無",
        "200510": "無",
        "200511": "無",
        "200512": "無",
        "200601": "無",
        "200602": "無",
        "200603": "無",
        "200604": "無",
        "200605": "無",
        "200606": "無",
        "200607": "無",
        "200608": "無",
        "200609": "無",
        "200610": "無",
        "200611": "無",
        "200612": "無",
        "200701": "無",
        "200702": "無",
        "200703": "無",
        "200704": "無",
        "200705": "無",
        "200706": "無",
        "200707": "無",
        "200708": "無",
        "200709": "無",
        "200710": "無",
        "200711": "無",
        "200712": "無",
        "200801": "無",
        "200802": "無",
        "200803": "無",
        "200804": "無",
        "200805": "無",
        "200806": "無",
        "200807": "無",
        "200808": "無",
        "200809": "無",
        "200810": "無",
        "200811": "無",
        "200812": "無",
        "200901": "無",
        "200902": "無",
        "200903": "無",
        "200904": "無",
        "200905": "無",
        "200906": "無",
        "200907": "無",
        "200908": "無",
        "200909": "無",
        "200910": "無",
        "200911": "無",
        "200912": "無",
        "201001": "無",
        "201002": "無",
        "201003": "無",
        "201004": "無",
        "201005": "無",
        "201006": "無",
        "201007": "無",
        "201008": "無",
        "201009": "無",
        "201010": "無",
        "201011": "無",
        "201012": "無",
        "201101": "無",
        "201102": "無",
        "201103": "無",
        "201104": "無",
        "201105": "無",
        "201106": "無",
        "201107": "無",
        "201108": "無",
        "201109": "無",
        "201110": "無",
        "201111": "無",
        "201112": "無",
        "201201": "無",
        "201202": "無",
        "201203": "無",
        "201204": "無",
        "201205": "無",
        "201206": "無",
        "201207": "無",
        "201208": "無",
        "201209": "無",
        "201210": "無",
        "201211": "無",
        "201212": "無",
        "201301": "無",
        "201302": "無",
        "201303": "無",
        "201304": "無",
        "201305": "無",
        "201306": "無",
        "201307": "無",
        "201308": "無",
        "201309": "無",
        "201310": "無",
        "201311": "無",
        "201312": "無",
        "201401": "無",
        "201402": "無",
        "201403": "無",
        "201404": "無",
        "201405": "無",
        "201406": "無",
        "201407": "無",
        "201408": "無",
        "201409": "20.33",
        "201410": "19.73",
        "201411": "17.94",
        "201412": "16.61",
        "201501": "15.42",
        "201502": "16.60",
        "201503": "19.60",
        "201504": "19.22",
        "201505": "18.43",
        "201506": "19.37",
        "201507": "18.95",
        "201508": "18.87",
        "201509": "16.92",
        "201510": "15.75",
        "201511": "16.96",
        "201512": "18.08",
        "201601": "14.70",
        "201602": "16.15",
        "201603": "16.45",
        "201604": "14.73",
        "201605": "14.56",
        "201606": "13.50",
        "201607": "13.22",
        "201608": "11.60",
        "201609": "11.26",
        "201610": "11.45",
        "201611": "10.08",
        "201612": "10.15",
        "201701": "10.36",
        "201702": "11.30",
        "201703": "10.79",
        "201704": "10.70",
        "201705": "11.01",
        "201706": "10.79",
        "201707": "10.29",
        "201708": "9.71",
        "201709": "9.92",
        "201710": "11.30",
        "201711": "11.64",
        "201712": "10.57",
        "201801": "10.14",
        "201802": "9.23",
        "201803": "9.27",
        "201804": "9.19",
        "201805": "10.53",
        "201806": "9.39",
        "201807": "8.23",
        "201808": "7.68",
        "201809": "7.64",
        "201810": "6.23",
        "201811": "6.40",
        "201812": "6.73",
        "201901": "6.54",
        "201902": "5.84",
        "201903": "5.97",
        "201904": "6.24",
        "201905": "6.55",
        "201906": "5.99",
        "201907": "8.81",
        "201908": "8.41",
        "201909": "7.74",
        "201910": "7.53",
        "201911": "7.64",
        "201912": "7.41",
        "202001": "7.64",
        "202002": "7.40",
        "202003": "5.52",
        "202004": "5.36",
        "202005": "6.13",
        "202006": "7.01",
        "202007": "11.87",
        "202008": "18.12",
        "202009": "26.06",
        "202010": "35.98",
        "202011": "37.24",
        "202012": "40.75",
        "202101": "36.38",
        "202102": "35.21",
        "202103": "40.89",
        "202104": "42.86",
        "202105": "33.86",
        "202106": "33.40",
        "202107": "33.20",
        "202108": "29.85",
        "202109": "29.50",
        "202110": "30.78",
        "202111": "37.34",
        "202112": "40.81",
        "202201": "39.68",
        "202202": "37.07",
        "202203": "39.98",
        "202204": "45.27",
        "202205": "37.74",
        "202206": "34.04",
        "202207": "32.99",
        "202208": "36.31",
        "202209": "40.05",
        "202210": "35.53",
        "202211": "33.20",
        "202212": "34.40",
        "202301": "35.38",
        "202302": "37.40",
        "202303": "38.09",
        "202304": "38.33",
        "202305": "35.33"
    },
    "quarters": {
        "20011": {
            "year_quarter": 20011,
            "year": 2001,
            "quarter": 1,
            "eps": null,
            "eps_growth_year": null,
            "eps_4q": null,
            "eps_4q_growth_year": null,
            "roe": null,
            "roe_4q": 0,
            "gross_profit": null,
            "gross_margin": null,
            "gross_margin_4q_avg": 0,
            "net_income": null,
            "revenue": null,
            "common_shares": null,
            "book_valuer_per_share": null,
            "book_valuer_per_share_4q_avg": 0,
            "equity": null,
            "current_ratio": null,
            "debt_ratio": null,
            "inventory_turnover_ratio": null,
            "account_receivable_turnover_ratio": null,
            "reinvestment_rate": null,
            "research_to_sale_ratio": null,
            "price_fair": 0,
            "eps_avg_yearly": 0,
            "eps_latest_yearly": 0,
            "eps_growth_yearly": 0
        },
        "20012": {
            "year_quarter": 20012,
            "year": 2001,
            "quarter": 2,
            "eps": null,
            "eps_growth_year": null,
            "eps_4q": null,
            "eps_4q_growth_year": null,
            "roe": null,
            "roe_4q": 0,
            "gross_profit": null,
            "gross_margin": null,
            "gross_margin_4q_avg": 0,
            "net_income": null,
            "revenue": null,
            "common_shares": null,
            "book_valuer_per_share": null,
            "book_valuer_per_share_4q_avg": 0,
            "equity": null,
            "current_ratio": null,
            "debt_ratio": null,
            "inventory_turnover_ratio": null,
            "account_receivable_turnover_ratio": null,
            "reinvestment_rate": null,
            "research_to_sale_ratio": null,
            "price_fair": 0,
            "eps_avg_yearly": 0,
            "eps_latest_yearly": 0,
            "eps_growth_yearly": 0
        },
        "20013": {
            "year_quarter": 20013,
            "year": 2001,
            "quarter": 3,
            "eps": null,
            "eps_growth_year": null,
            "eps_4q": null,
            "eps_4q_growth_year": null,
            "roe": null,
            "roe_4q": 0,
            "gross_profit": null,
            "gross_margin": null,
            "gross_margin_4q_avg": 0,
            "net_income": null,
            "revenue": null,
            "common_shares": null,
            "book_valuer_per_share": null,
            "book_valuer_per_share_4q_avg": 0,
            "equity": null,
            "current_ratio": null,
            "debt_ratio": null,
            "inventory_turnover_ratio": null,
            "account_receivable_turnover_ratio": null,
            "reinvestment_rate": null,
            "research_to_sale_ratio": null,
            "price_fair": 0,
            "eps_avg_yearly": 0,
            "eps_latest_yearly": 0,
            "eps_growth_yearly": 0
        },
        "20014": {
            "year_quarter": 20014,
            "year": 2001,
            "quarter": 4,
            "eps": null,
            "eps_growth_year": null,
            "eps_4q": null,
            "eps_4q_growth_year": null,
            "roe": null,
            "roe_4q": 0,
            "gross_profit": null,
            "gross_margin": null,
            "gross_margin_4q_avg": 0,
            "net_income": null,
            "revenue": null,
            "common_shares": null,
            "book_valuer_per_share": null,
            "book_valuer_per_share_4q_avg": 0,
            "equity": null,
            "current_ratio": null,
            "debt_ratio": null,
            "inventory_turnover_ratio": null,
            "account_receivable_turnover_ratio": null,
            "reinvestment_rate": null,
            "research_to_sale_ratio": null,
            "price_fair": 0,
            "eps_avg_yearly": 0,
            "eps_latest_yearly": 0,
            "eps_growth_yearly": 0
        },
        "20021": {
            "year_quarter": 20021,
            "year": 2002,
            "quarter": 1,
            "eps": null,
            "eps_growth_year": null,
            "eps_4q": null,
            "eps_4q_growth_year": null,
            "roe": null,
            "roe_4q": 0,
            "gross_profit": null,
            "gross_margin": null,
            "gross_margin_4q_avg": 0,
            "net_income": null,
            "revenue": null,
            "common_shares": null,
            "book_valuer_per_share": null,
            "book_valuer_per_share_4q_avg": 0,
            "equity": null,
            "current_ratio": null,
            "debt_ratio": null,
            "inventory_turnover_ratio": null,
            "account_receivable_turnover_ratio": null,
            "reinvestment_rate": null,
            "research_to_sale_ratio": null,
            "price_fair": 0,
            "eps_avg_yearly": 0,
            "eps_latest_yearly": 0,
            "eps_growth_yearly": 0
        },
        "20022": {
            "year_quarter": 20022,
            "year": 2002,
            "quarter": 2,
            "eps": null,
            "eps_growth_year": null,
            "eps_4q": null,
            "eps_4q_growth_year": null,
            "roe": null,
            "roe_4q": 0,
            "gross_profit": null,
            "gross_margin": null,
            "gross_margin_4q_avg": 0,
            "net_income": null,
            "revenue": null,
            "common_shares": null,
            "book_valuer_per_share": null,
            "book_valuer_per_share_4q_avg": 0,
            "equity": null,
            "current_ratio": null,
            "debt_ratio": null,
            "inventory_turnover_ratio": null,
            "account_receivable_turnover_ratio": null,
            "reinvestment_rate": null,
            "research_to_sale_ratio": null,
            "price_fair": 0,
            "eps_avg_yearly": 0,
            "eps_latest_yearly": 0,
            "eps_growth_yearly": 0
        },
        "20023": {
            "year_quarter": 20023,
            "year": 2002,
            "quarter": 3,
            "eps": null,
            "eps_growth_year": null,
            "eps_4q": null,
            "eps_4q_growth_year": null,
            "roe": null,
            "roe_4q": 0,
            "gross_profit": null,
            "gross_margin": null,
            "gross_margin_4q_avg": 0,
            "net_income": null,
            "revenue": null,
            "common_shares": null,
            "book_valuer_per_share": null,
            "book_valuer_per_share_4q_avg": 0,
            "equity": null,
            "current_ratio": null,
            "debt_ratio": null,
            "inventory_turnover_ratio": null,
            "account_receivable_turnover_ratio": null,
            "reinvestment_rate": null,
            "research_to_sale_ratio": null,
            "price_fair": 0,
            "eps_avg_yearly": 0,
            "eps_latest_yearly": 0,
            "eps_growth_yearly": 0
        },
        "20024": {
            "year_quarter": 20024,
            "year": 2002,
            "quarter": 4,
            "eps": null,
            "eps_growth_year": null,
            "eps_4q": null,
            "eps_4q_growth_year": null,
            "roe": null,
            "roe_4q": 0,
            "gross_profit": null,
            "gross_margin": null,
            "gross_margin_4q_avg": 0,
            "net_income": null,
            "revenue": null,
            "common_shares": null,
            "book_valuer_per_share": null,
            "book_valuer_per_share_4q_avg": 0,
            "equity": null,
            "current_ratio": null,
            "debt_ratio": null,
            "inventory_turnover_ratio": null,
            "account_receivable_turnover_ratio": null,
            "reinvestment_rate": null,
            "research_to_sale_ratio": null,
            "price_fair": 0,
            "eps_avg_yearly": 0,
            "eps_latest_yearly": 0,
            "eps_growth_yearly": 0
        },
        "20031": {
            "year_quarter": 20031,
            "year": 2003,
            "quarter": 1,
            "eps": null,
            "eps_growth_year": null,
            "eps_4q": null,
            "eps_4q_growth_year": null,
            "roe": null,
            "roe_4q": 0,
            "gross_profit": null,
            "gross_margin": null,
            "gross_margin_4q_avg": 0,
            "net_income": null,
            "revenue": null,
            "common_shares": null,
            "book_valuer_per_share": null,
            "book_valuer_per_share_4q_avg": 0,
            "equity": null,
            "current_ratio": null,
            "debt_ratio": null,
            "inventory_turnover_ratio": null,
            "account_receivable_turnover_ratio": null,
            "reinvestment_rate": null,
            "research_to_sale_ratio": null,
            "price_fair": 0,
            "eps_avg_yearly": 0,
            "eps_latest_yearly": 0,
            "eps_growth_yearly": 0
        },
        "20032": {
            "year_quarter": 20032,
            "year": 2003,
            "quarter": 2,
            "eps": null,
            "eps_growth_year": null,
            "eps_4q": null,
            "eps_4q_growth_year": null,
            "roe": null,
            "roe_4q": 0,
            "gross_profit": null,
            "gross_margin": null,
            "gross_margin_4q_avg": 0,
            "net_income": null,
            "revenue": null,
            "common_shares": null,
            "book_valuer_per_share": null,
            "book_valuer_per_share_4q_avg": 0,
            "equity": null,
            "current_ratio": null,
            "debt_ratio": null,
            "inventory_turnover_ratio": null,
            "account_receivable_turnover_ratio": null,
            "reinvestment_rate": null,
            "research_to_sale_ratio": null,
            "price_fair": 0,
            "eps_avg_yearly": 0,
            "eps_latest_yearly": 0,
            "eps_growth_yearly": 0
        },
        "20033": {
            "year_quarter": 20033,
            "year": 2003,
            "quarter": 3,
            "eps": null,
            "eps_growth_year": null,
            "eps_4q": null,
            "eps_4q_growth_year": null,
            "roe": null,
            "roe_4q": 0,
            "gross_profit": null,
            "gross_margin": null,
            "gross_margin_4q_avg": 0,
            "net_income": null,
            "revenue": null,
            "common_shares": null,
            "book_valuer_per_share": null,
            "book_valuer_per_share_4q_avg": 0,
            "equity": null,
            "current_ratio": null,
            "debt_ratio": null,
            "inventory_turnover_ratio": null,
            "account_receivable_turnover_ratio": null,
            "reinvestment_rate": null,
            "research_to_sale_ratio": null,
            "price_fair": 0,
            "eps_avg_yearly": 0,
            "eps_latest_yearly": 0,
            "eps_growth_yearly": 0
        },
        "20034": {
            "year_quarter": 20034,
            "year": 2003,
            "quarter": 4,
            "eps": null,
            "eps_growth_year": null,
            "eps_4q": null,
            "eps_4q_growth_year": null,
            "roe": null,
            "roe_4q": 0,
            "gross_profit": null,
            "gross_margin": null,
            "gross_margin_4q_avg": 0,
            "net_income": null,
            "revenue": null,
            "common_shares": null,
            "book_valuer_per_share": null,
            "book_valuer_per_share_4q_avg": 0,
            "equity": null,
            "current_ratio": null,
            "debt_ratio": null,
            "inventory_turnover_ratio": null,
            "account_receivable_turnover_ratio": null,
            "reinvestment_rate": null,
            "research_to_sale_ratio": null,
            "price_fair": 0,
            "eps_avg_yearly": 0,
            "eps_latest_yearly": 0,
            "eps_growth_yearly": 0
        },
        "20041": {
            "year_quarter": 20041,
            "year": 2004,
            "quarter": 1,
            "eps": null,
            "eps_growth_year": null,
            "eps_4q": null,
            "eps_4q_growth_year": null,
            "roe": null,
            "roe_4q": 0,
            "gross_profit": null,
            "gross_margin": null,
            "gross_margin_4q_avg": 0,
            "net_income": null,
            "revenue": null,
            "common_shares": null,
            "book_valuer_per_share": null,
            "book_valuer_per_share_4q_avg": 0,
            "equity": null,
            "current_ratio": null,
            "debt_ratio": null,
            "inventory_turnover_ratio": null,
            "account_receivable_turnover_ratio": null,
            "reinvestment_rate": null,
            "research_to_sale_ratio": null,
            "price_fair": 0,
            "eps_avg_yearly": 0,
            "eps_latest_yearly": 0,
            "eps_growth_yearly": 0
        },
        "20042": {
            "year_quarter": 20042,
            "year": 2004,
            "quarter": 2,
            "eps": null,
            "eps_growth_year": null,
            "eps_4q": null,
            "eps_4q_growth_year": null,
            "roe": null,
            "roe_4q": 0,
            "gross_profit": null,
            "gross_margin": null,
            "gross_margin_4q_avg": 0,
            "net_income": null,
            "revenue": null,
            "common_shares": null,
            "book_valuer_per_share": null,
            "book_valuer_per_share_4q_avg": 0,
            "equity": null,
            "current_ratio": null,
            "debt_ratio": null,
            "inventory_turnover_ratio": null,
            "account_receivable_turnover_ratio": null,
            "reinvestment_rate": null,
            "research_to_sale_ratio": null,
            "price_fair": 0,
            "eps_avg_yearly": 0,
            "eps_latest_yearly": 0,
            "eps_growth_yearly": 0
        },
        "20043": {
            "year_quarter": 20043,
            "year": 2004,
            "quarter": 3,
            "eps": null,
            "eps_growth_year": null,
            "eps_4q": null,
            "eps_4q_growth_year": null,
            "roe": null,
            "roe_4q": 0,
            "gross_profit": null,
            "gross_margin": null,
            "gross_margin_4q_avg": 0,
            "net_income": null,
            "revenue": null,
            "common_shares": null,
            "book_valuer_per_share": null,
            "book_valuer_per_share_4q_avg": 0,
            "equity": null,
            "current_ratio": null,
            "debt_ratio": null,
            "inventory_turnover_ratio": null,
            "account_receivable_turnover_ratio": null,
            "reinvestment_rate": null,
            "research_to_sale_ratio": null,
            "price_fair": 0,
            "eps_avg_yearly": 0,
            "eps_latest_yearly": 0,
            "eps_growth_yearly": 0
        },
        "20044": {
            "year_quarter": 20044,
            "year": 2004,
            "quarter": 4,
            "eps": null,
            "eps_growth_year": null,
            "eps_4q": null,
            "eps_4q_growth_year": null,
            "roe": null,
            "roe_4q": 0,
            "gross_profit": null,
            "gross_margin": null,
            "gross_margin_4q_avg": 0,
            "net_income": null,
            "revenue": null,
            "common_shares": null,
            "book_valuer_per_share": null,
            "book_valuer_per_share_4q_avg": 0,
            "equity": null,
            "current_ratio": null,
            "debt_ratio": null,
            "inventory_turnover_ratio": null,
            "account_receivable_turnover_ratio": null,
            "reinvestment_rate": null,
            "research_to_sale_ratio": null,
            "price_fair": 0,
            "eps_avg_yearly": 0,
            "eps_latest_yearly": 0,
            "eps_growth_yearly": 0
        },
        "20051": {
            "year_quarter": 20051,
            "year": 2005,
            "quarter": 1,
            "eps": null,
            "eps_growth_year": null,
            "eps_4q": null,
            "eps_4q_growth_year": null,
            "roe": null,
            "roe_4q": 0,
            "gross_profit": null,
            "gross_margin": null,
            "gross_margin_4q_avg": 0,
            "net_income": null,
            "revenue": null,
            "common_shares": null,
            "book_valuer_per_share": null,
            "book_valuer_per_share_4q_avg": 0,
            "equity": null,
            "current_ratio": null,
            "debt_ratio": null,
            "inventory_turnover_ratio": null,
            "account_receivable_turnover_ratio": null,
            "reinvestment_rate": null,
            "research_to_sale_ratio": null,
            "price_fair": 0,
            "eps_avg_yearly": 0,
            "eps_latest_yearly": 0,
            "eps_growth_yearly": 0
        },
        "20052": {
            "year_quarter": 20052,
            "year": 2005,
            "quarter": 2,
            "eps": null,
            "eps_growth_year": null,
            "eps_4q": null,
            "eps_4q_growth_year": null,
            "roe": null,
            "roe_4q": 0,
            "gross_profit": null,
            "gross_margin": null,
            "gross_margin_4q_avg": 0,
            "net_income": null,
            "revenue": null,
            "common_shares": null,
            "book_valuer_per_share": null,
            "book_valuer_per_share_4q_avg": 0,
            "equity": null,
            "current_ratio": null,
            "debt_ratio": null,
            "inventory_turnover_ratio": null,
            "account_receivable_turnover_ratio": null,
            "reinvestment_rate": null,
            "research_to_sale_ratio": null,
            "price_fair": 0,
            "eps_avg_yearly": 0,
            "eps_latest_yearly": 0,
            "eps_growth_yearly": 0
        },
        "20053": {
            "year_quarter": 20053,
            "year": 2005,
            "quarter": 3,
            "eps": null,
            "eps_growth_year": null,
            "eps_4q": null,
            "eps_4q_growth_year": null,
            "roe": null,
            "roe_4q": 0,
            "gross_profit": null,
            "gross_margin": null,
            "gross_margin_4q_avg": 0,
            "net_income": null,
            "revenue": null,
            "common_shares": null,
            "book_valuer_per_share": null,
            "book_valuer_per_share_4q_avg": 0,
            "equity": null,
            "current_ratio": null,
            "debt_ratio": null,
            "inventory_turnover_ratio": null,
            "account_receivable_turnover_ratio": null,
            "reinvestment_rate": null,
            "research_to_sale_ratio": null,
            "price_fair": 0,
            "eps_avg_yearly": 0,
            "eps_latest_yearly": 0,
            "eps_growth_yearly": 0
        },
        "20054": {
            "year_quarter": 20054,
            "year": 2005,
            "quarter": 4,
            "eps": null,
            "eps_growth_year": null,
            "eps_4q": null,
            "eps_4q_growth_year": null,
            "roe": null,
            "roe_4q": 0,
            "gross_profit": null,
            "gross_margin": null,
            "gross_margin_4q_avg": 0,
            "net_income": null,
            "revenue": null,
            "common_shares": null,
            "book_valuer_per_share": null,
            "book_valuer_per_share_4q_avg": 0,
            "equity": null,
            "current_ratio": null,
            "debt_ratio": null,
            "inventory_turnover_ratio": null,
            "account_receivable_turnover_ratio": null,
            "reinvestment_rate": null,
            "research_to_sale_ratio": null,
            "price_fair": 0,
            "eps_avg_yearly": 0,
            "eps_latest_yearly": 0,
            "eps_growth_yearly": 0
        },
        "20061": {
            "year_quarter": 20061,
            "year": 2006,
            "quarter": 1,
            "eps": null,
            "eps_growth_year": null,
            "eps_4q": null,
            "eps_4q_growth_year": null,
            "roe": null,
            "roe_4q": 0,
            "gross_profit": null,
            "gross_margin": null,
            "gross_margin_4q_avg": 0,
            "net_income": null,
            "revenue": null,
            "common_shares": null,
            "book_valuer_per_share": null,
            "book_valuer_per_share_4q_avg": 0,
            "equity": null,
            "current_ratio": null,
            "debt_ratio": null,
            "inventory_turnover_ratio": null,
            "account_receivable_turnover_ratio": null,
            "reinvestment_rate": null,
            "research_to_sale_ratio": null,
            "price_fair": 0,
            "eps_avg_yearly": 0,
            "eps_latest_yearly": 0,
            "eps_growth_yearly": 0
        },
        "20062": {
            "year_quarter": 20062,
            "year": 2006,
            "quarter": 2,
            "eps": null,
            "eps_growth_year": null,
            "eps_4q": null,
            "eps_4q_growth_year": null,
            "roe": null,
            "roe_4q": 0,
            "gross_profit": null,
            "gross_margin": null,
            "gross_margin_4q_avg": 0,
            "net_income": null,
            "revenue": null,
            "common_shares": null,
            "book_valuer_per_share": null,
            "book_valuer_per_share_4q_avg": 0,
            "equity": null,
            "current_ratio": null,
            "debt_ratio": null,
            "inventory_turnover_ratio": null,
            "account_receivable_turnover_ratio": null,
            "reinvestment_rate": null,
            "research_to_sale_ratio": null,
            "price_fair": 0,
            "eps_avg_yearly": 0,
            "eps_latest_yearly": 0,
            "eps_growth_yearly": 0
        },
        "20063": {
            "year_quarter": 20063,
            "year": 2006,
            "quarter": 3,
            "eps": null,
            "eps_growth_year": null,
            "eps_4q": null,
            "eps_4q_growth_year": null,
            "roe": null,
            "roe_4q": 0,
            "gross_profit": null,
            "gross_margin": null,
            "gross_margin_4q_avg": 0,
            "net_income": null,
            "revenue": null,
            "common_shares": null,
            "book_valuer_per_share": null,
            "book_valuer_per_share_4q_avg": 0,
            "equity": null,
            "current_ratio": null,
            "debt_ratio": null,
            "inventory_turnover_ratio": null,
            "account_receivable_turnover_ratio": null,
            "reinvestment_rate": null,
            "research_to_sale_ratio": null,
            "price_fair": 0,
            "eps_avg_yearly": 0,
            "eps_latest_yearly": 0,
            "eps_growth_yearly": 0
        },
        "20064": {
            "year_quarter": 20064,
            "year": 2006,
            "quarter": 4,
            "eps": null,
            "eps_growth_year": null,
            "eps_4q": null,
            "eps_4q_growth_year": null,
            "roe": null,
            "roe_4q": 0,
            "gross_profit": null,
            "gross_margin": null,
            "gross_margin_4q_avg": 0,
            "net_income": null,
            "revenue": null,
            "common_shares": null,
            "book_valuer_per_share": null,
            "book_valuer_per_share_4q_avg": 0,
            "equity": null,
            "current_ratio": null,
            "debt_ratio": null,
            "inventory_turnover_ratio": null,
            "account_receivable_turnover_ratio": null,
            "reinvestment_rate": null,
            "research_to_sale_ratio": null,
            "price_fair": 0,
            "eps_avg_yearly": 0,
            "eps_latest_yearly": 0,
            "eps_growth_yearly": 0
        },
        "20071": {
            "year_quarter": 20071,
            "year": 2007,
            "quarter": 1,
            "eps": null,
            "eps_growth_year": null,
            "eps_4q": null,
            "eps_4q_growth_year": null,
            "roe": null,
            "roe_4q": 0,
            "gross_profit": null,
            "gross_margin": null,
            "gross_margin_4q_avg": 0,
            "net_income": null,
            "revenue": null,
            "common_shares": null,
            "book_valuer_per_share": null,
            "book_valuer_per_share_4q_avg": 0,
            "equity": null,
            "current_ratio": null,
            "debt_ratio": null,
            "inventory_turnover_ratio": null,
            "account_receivable_turnover_ratio": null,
            "reinvestment_rate": null,
            "research_to_sale_ratio": null,
            "price_fair": 0,
            "eps_avg_yearly": 0,
            "eps_latest_yearly": 0,
            "eps_growth_yearly": 0
        },
        "20072": {
            "year_quarter": 20072,
            "year": 2007,
            "quarter": 2,
            "eps": null,
            "eps_growth_year": null,
            "eps_4q": null,
            "eps_4q_growth_year": null,
            "roe": null,
            "roe_4q": 0,
            "gross_profit": null,
            "gross_margin": null,
            "gross_margin_4q_avg": 0,
            "net_income": null,
            "revenue": null,
            "common_shares": null,
            "book_valuer_per_share": null,
            "book_valuer_per_share_4q_avg": 0,
            "equity": null,
            "current_ratio": null,
            "debt_ratio": null,
            "inventory_turnover_ratio": null,
            "account_receivable_turnover_ratio": null,
            "reinvestment_rate": null,
            "research_to_sale_ratio": null,
            "price_fair": 0,
            "eps_avg_yearly": 0,
            "eps_latest_yearly": 0,
            "eps_growth_yearly": 0
        },
        "20073": {
            "year_quarter": 20073,
            "year": 2007,
            "quarter": 3,
            "eps": null,
            "eps_growth_year": null,
            "eps_4q": null,
            "eps_4q_growth_year": null,
            "roe": null,
            "roe_4q": 0,
            "gross_profit": null,
            "gross_margin": null,
            "gross_margin_4q_avg": 0,
            "net_income": null,
            "revenue": null,
            "common_shares": null,
            "book_valuer_per_share": null,
            "book_valuer_per_share_4q_avg": 0,
            "equity": null,
            "current_ratio": null,
            "debt_ratio": null,
            "inventory_turnover_ratio": null,
            "account_receivable_turnover_ratio": null,
            "reinvestment_rate": null,
            "research_to_sale_ratio": null,
            "price_fair": 0,
            "eps_avg_yearly": 0,
            "eps_latest_yearly": 0,
            "eps_growth_yearly": 0
        },
        "20074": {
            "year_quarter": 20074,
            "year": 2007,
            "quarter": 4,
            "eps": null,
            "eps_growth_year": null,
            "eps_4q": null,
            "eps_4q_growth_year": null,
            "roe": null,
            "roe_4q": 0,
            "gross_profit": null,
            "gross_margin": null,
            "gross_margin_4q_avg": 0,
            "net_income": null,
            "revenue": null,
            "common_shares": null,
            "book_valuer_per_share": null,
            "book_valuer_per_share_4q_avg": 0,
            "equity": null,
            "current_ratio": null,
            "debt_ratio": null,
            "inventory_turnover_ratio": null,
            "account_receivable_turnover_ratio": null,
            "reinvestment_rate": null,
            "research_to_sale_ratio": null,
            "price_fair": 0,
            "eps_avg_yearly": 0,
            "eps_latest_yearly": 0,
            "eps_growth_yearly": 0
        },
        "20081": {
            "year_quarter": 20081,
            "year": 2008,
            "quarter": 1,
            "eps": null,
            "eps_growth_year": null,
            "eps_4q": null,
            "eps_4q_growth_year": null,
            "roe": null,
            "roe_4q": 0,
            "gross_profit": null,
            "gross_margin": null,
            "gross_margin_4q_avg": 0,
            "net_income": null,
            "revenue": null,
            "common_shares": null,
            "book_valuer_per_share": null,
            "book_valuer_per_share_4q_avg": 0,
            "equity": null,
            "current_ratio": null,
            "debt_ratio": null,
            "inventory_turnover_ratio": null,
            "account_receivable_turnover_ratio": null,
            "reinvestment_rate": null,
            "research_to_sale_ratio": null,
            "price_fair": 0,
            "eps_avg_yearly": 0,
            "eps_latest_yearly": 0,
            "eps_growth_yearly": 0
        },
        "20082": {
            "year_quarter": 20082,
            "year": 2008,
            "quarter": 2,
            "eps": null,
            "eps_growth_year": null,
            "eps_4q": null,
            "eps_4q_growth_year": null,
            "roe": null,
            "roe_4q": 0,
            "gross_profit": null,
            "gross_margin": null,
            "gross_margin_4q_avg": 0,
            "net_income": null,
            "revenue": null,
            "common_shares": null,
            "book_valuer_per_share": null,
            "book_valuer_per_share_4q_avg": 0,
            "equity": null,
            "current_ratio": null,
            "debt_ratio": null,
            "inventory_turnover_ratio": null,
            "account_receivable_turnover_ratio": null,
            "reinvestment_rate": null,
            "research_to_sale_ratio": null,
            "price_fair": 0,
            "eps_avg_yearly": 0,
            "eps_latest_yearly": 0,
            "eps_growth_yearly": 0
        },
        "20083": {
            "year_quarter": 20083,
            "year": 2008,
            "quarter": 3,
            "eps": null,
            "eps_growth_year": null,
            "eps_4q": null,
            "eps_4q_growth_year": null,
            "roe": null,
            "roe_4q": 0,
            "gross_profit": null,
            "gross_margin": null,
            "gross_margin_4q_avg": 0,
            "net_income": null,
            "revenue": null,
            "common_shares": null,
            "book_valuer_per_share": null,
            "book_valuer_per_share_4q_avg": 0,
            "equity": null,
            "current_ratio": null,
            "debt_ratio": null,
            "inventory_turnover_ratio": null,
            "account_receivable_turnover_ratio": null,
            "reinvestment_rate": null,
            "research_to_sale_ratio": null,
            "price_fair": 0,
            "eps_avg_yearly": 0,
            "eps_latest_yearly": 0,
            "eps_growth_yearly": 0
        },
        "20084": {
            "year_quarter": 20084,
            "year": 2008,
            "quarter": 4,
            "eps": null,
            "eps_growth_year": null,
            "eps_4q": null,
            "eps_4q_growth_year": null,
            "roe": null,
            "roe_4q": 0,
            "gross_profit": null,
            "gross_margin": null,
            "gross_margin_4q_avg": 0,
            "net_income": null,
            "revenue": null,
            "common_shares": null,
            "book_valuer_per_share": null,
            "book_valuer_per_share_4q_avg": 0,
            "equity": null,
            "current_ratio": null,
            "debt_ratio": null,
            "inventory_turnover_ratio": null,
            "account_receivable_turnover_ratio": null,
            "reinvestment_rate": null,
            "research_to_sale_ratio": null,
            "price_fair": 0,
            "eps_avg_yearly": 0,
            "eps_latest_yearly": 0,
            "eps_growth_yearly": 0
        },
        "20091": {
            "year_quarter": 20091,
            "year": 2009,
            "quarter": 1,
            "eps": null,
            "eps_growth_year": null,
            "eps_4q": null,
            "eps_4q_growth_year": null,
            "roe": null,
            "roe_4q": 0,
            "gross_profit": null,
            "gross_margin": null,
            "gross_margin_4q_avg": 0,
            "net_income": null,
            "revenue": null,
            "common_shares": null,
            "book_valuer_per_share": null,
            "book_valuer_per_share_4q_avg": 0,
            "equity": null,
            "current_ratio": null,
            "debt_ratio": null,
            "inventory_turnover_ratio": null,
            "account_receivable_turnover_ratio": null,
            "reinvestment_rate": null,
            "research_to_sale_ratio": null,
            "price_fair": 0,
            "eps_avg_yearly": 0,
            "eps_latest_yearly": 0,
            "eps_growth_yearly": 0
        },
        "20092": {
            "year_quarter": 20092,
            "year": 2009,
            "quarter": 2,
            "eps": null,
            "eps_growth_year": null,
            "eps_4q": null,
            "eps_4q_growth_year": null,
            "roe": null,
            "roe_4q": 0,
            "gross_profit": null,
            "gross_margin": null,
            "gross_margin_4q_avg": 0,
            "net_income": null,
            "revenue": null,
            "common_shares": null,
            "book_valuer_per_share": null,
            "book_valuer_per_share_4q_avg": 0,
            "equity": null,
            "current_ratio": null,
            "debt_ratio": null,
            "inventory_turnover_ratio": null,
            "account_receivable_turnover_ratio": null,
            "reinvestment_rate": null,
            "research_to_sale_ratio": null,
            "price_fair": 0,
            "eps_avg_yearly": 0,
            "eps_latest_yearly": 0,
            "eps_growth_yearly": 0
        },
        "20093": {
            "year_quarter": 20093,
            "year": 2009,
            "quarter": 3,
            "eps": null,
            "eps_growth_year": null,
            "eps_4q": null,
            "eps_4q_growth_year": null,
            "roe": null,
            "roe_4q": 0,
            "gross_profit": null,
            "gross_margin": null,
            "gross_margin_4q_avg": 0,
            "net_income": null,
            "revenue": null,
            "common_shares": null,
            "book_valuer_per_share": null,
            "book_valuer_per_share_4q_avg": 0,
            "equity": null,
            "current_ratio": null,
            "debt_ratio": null,
            "inventory_turnover_ratio": null,
            "account_receivable_turnover_ratio": null,
            "reinvestment_rate": null,
            "research_to_sale_ratio": null,
            "price_fair": 0,
            "eps_avg_yearly": 0,
            "eps_latest_yearly": 0,
            "eps_growth_yearly": 0
        },
        "20094": {
            "year_quarter": 20094,
            "year": 2009,
            "quarter": 4,
            "eps": null,
            "eps_growth_year": null,
            "eps_4q": null,
            "eps_4q_growth_year": null,
            "roe": null,
            "roe_4q": 0,
            "gross_profit": null,
            "gross_margin": null,
            "gross_margin_4q_avg": 0,
            "net_income": null,
            "revenue": null,
            "common_shares": null,
            "book_valuer_per_share": null,
            "book_valuer_per_share_4q_avg": 0,
            "equity": null,
            "current_ratio": null,
            "debt_ratio": null,
            "inventory_turnover_ratio": null,
            "account_receivable_turnover_ratio": null,
            "reinvestment_rate": null,
            "research_to_sale_ratio": null,
            "price_fair": 0,
            "eps_avg_yearly": 0,
            "eps_latest_yearly": 0,
            "eps_growth_yearly": 0
        },
        "20101": {
            "year_quarter": 20101,
            "year": 2010,
            "quarter": 1,
            "eps": null,
            "eps_growth_year": null,
            "eps_4q": null,
            "eps_4q_growth_year": null,
            "roe": null,
            "roe_4q": 0,
            "gross_profit": null,
            "gross_margin": null,
            "gross_margin_4q_avg": 0,
            "net_income": null,
            "revenue": null,
            "common_shares": null,
            "book_valuer_per_share": null,
            "book_valuer_per_share_4q_avg": 0,
            "equity": null,
            "current_ratio": null,
            "debt_ratio": null,
            "inventory_turnover_ratio": null,
            "account_receivable_turnover_ratio": null,
            "reinvestment_rate": null,
            "research_to_sale_ratio": null,
            "price_fair": 0,
            "eps_avg_yearly": 0,
            "eps_latest_yearly": 0,
            "eps_growth_yearly": 0
        },
        "20102": {
            "year_quarter": 20102,
            "year": 2010,
            "quarter": 2,
            "eps": null,
            "eps_growth_year": null,
            "eps_4q": null,
            "eps_4q_growth_year": null,
            "roe": null,
            "roe_4q": 0,
            "gross_profit": null,
            "gross_margin": null,
            "gross_margin_4q_avg": 0,
            "net_income": null,
            "revenue": null,
            "common_shares": null,
            "book_valuer_per_share": null,
            "book_valuer_per_share_4q_avg": 0,
            "equity": null,
            "current_ratio": null,
            "debt_ratio": null,
            "inventory_turnover_ratio": null,
            "account_receivable_turnover_ratio": null,
            "reinvestment_rate": null,
            "research_to_sale_ratio": null,
            "price_fair": 0,
            "eps_avg_yearly": 0,
            "eps_latest_yearly": 0,
            "eps_growth_yearly": 0
        },
        "20103": {
            "year_quarter": 20103,
            "year": 2010,
            "quarter": 3,
            "eps": null,
            "eps_growth_year": null,
            "eps_4q": null,
            "eps_4q_growth_year": null,
            "roe": null,
            "roe_4q": 0,
            "gross_profit": null,
            "gross_margin": null,
            "gross_margin_4q_avg": 0,
            "net_income": null,
            "revenue": null,
            "common_shares": null,
            "book_valuer_per_share": null,
            "book_valuer_per_share_4q_avg": 0,
            "equity": null,
            "current_ratio": null,
            "debt_ratio": null,
            "inventory_turnover_ratio": null,
            "account_receivable_turnover_ratio": null,
            "reinvestment_rate": null,
            "research_to_sale_ratio": null,
            "price_fair": 0,
            "eps_avg_yearly": 0,
            "eps_latest_yearly": 0,
            "eps_growth_yearly": 0
        },
        "20104": {
            "year_quarter": 20104,
            "year": 2010,
            "quarter": 4,
            "eps": null,
            "eps_growth_year": null,
            "eps_4q": null,
            "eps_4q_growth_year": null,
            "roe": null,
            "roe_4q": 0,
            "gross_profit": null,
            "gross_margin": null,
            "gross_margin_4q_avg": 0,
            "net_income": null,
            "revenue": null,
            "common_shares": 3050000,
            "book_valuer_per_share": 9.5,
            "book_valuer_per_share_4q_avg": 2.38,
            "equity": 2898466,
            "current_ratio": 686.28,
            "debt_ratio": 8.35,
            "inventory_turnover_ratio": null,
            "account_receivable_turnover_ratio": null,
            "reinvestment_rate": null,
            "research_to_sale_ratio": null,
            "price_fair": 0,
            "eps_avg_yearly": 0,
            "eps_latest_yearly": 0,
            "eps_growth_yearly": 0
        },
        "20111": {
            "year_quarter": 20111,
            "year": 2011,
            "quarter": 1,
            "eps": null,
            "eps_growth_year": null,
            "eps_4q": null,
            "eps_4q_growth_year": null,
            "roe": null,
            "roe_4q": 0,
            "gross_profit": null,
            "gross_margin": null,
            "gross_margin_4q_avg": 0,
            "net_income": null,
            "revenue": null,
            "common_shares": null,
            "book_valuer_per_share": null,
            "book_valuer_per_share_4q_avg": 2.38,
            "equity": null,
            "current_ratio": null,
            "debt_ratio": null,
            "inventory_turnover_ratio": null,
            "account_receivable_turnover_ratio": null,
            "reinvestment_rate": null,
            "research_to_sale_ratio": null,
            "price_fair": 0,
            "eps_avg_yearly": 0,
            "eps_latest_yearly": 0,
            "eps_growth_yearly": 0
        },
        "20112": {
            "year_quarter": 20112,
            "year": 2011,
            "quarter": 2,
            "eps": null,
            "eps_growth_year": null,
            "eps_4q": null,
            "eps_4q_growth_year": null,
            "roe": null,
            "roe_4q": 0,
            "gross_profit": null,
            "gross_margin": null,
            "gross_margin_4q_avg": 0,
            "net_income": null,
            "revenue": null,
            "common_shares": null,
            "book_valuer_per_share": null,
            "book_valuer_per_share_4q_avg": 2.38,
            "equity": null,
            "current_ratio": null,
            "debt_ratio": null,
            "inventory_turnover_ratio": null,
            "account_receivable_turnover_ratio": null,
            "reinvestment_rate": null,
            "research_to_sale_ratio": null,
            "price_fair": 0,
            "eps_avg_yearly": 0,
            "eps_latest_yearly": 0,
            "eps_growth_yearly": 0
        },
        "20113": {
            "year_quarter": 20113,
            "year": 2011,
            "quarter": 3,
            "eps": null,
            "eps_growth_year": null,
            "eps_4q": null,
            "eps_4q_growth_year": null,
            "roe": null,
            "roe_4q": 0,
            "gross_profit": null,
            "gross_margin": null,
            "gross_margin_4q_avg": 0,
            "net_income": null,
            "revenue": null,
            "common_shares": null,
            "book_valuer_per_share": null,
            "book_valuer_per_share_4q_avg": 2.38,
            "equity": null,
            "current_ratio": null,
            "debt_ratio": null,
            "inventory_turnover_ratio": null,
            "account_receivable_turnover_ratio": null,
            "reinvestment_rate": null,
            "research_to_sale_ratio": null,
            "price_fair": 0,
            "eps_avg_yearly": 0,
            "eps_latest_yearly": 0,
            "eps_growth_yearly": 0
        },
        "20114": {
            "year_quarter": 20114,
            "year": 2011,
            "quarter": 4,
            "eps": null,
            "eps_growth_year": null,
            "eps_4q": null,
            "eps_4q_growth_year": null,
            "roe": null,
            "roe_4q": 0,
            "gross_profit": null,
            "gross_margin": null,
            "gross_margin_4q_avg": 0,
            "net_income": null,
            "revenue": null,
            "common_shares": 3600000,
            "book_valuer_per_share": 7.68,
            "book_valuer_per_share_4q_avg": 1.92,
            "equity": 2766121,
            "current_ratio": 178.39,
            "debt_ratio": 59.34,
            "inventory_turnover_ratio": null,
            "account_receivable_turnover_ratio": null,
            "reinvestment_rate": null,
            "research_to_sale_ratio": null,
            "price_fair": 0,
            "eps_avg_yearly": 0,
            "eps_latest_yearly": 0,
            "eps_growth_yearly": 0
        },
        "20121": {
            "year_quarter": 20121,
            "year": 2012,
            "quarter": 1,
            "eps": null,
            "eps_growth_year": null,
            "eps_4q": null,
            "eps_4q_growth_year": null,
            "roe": null,
            "roe_4q": 0,
            "gross_profit": null,
            "gross_margin": null,
            "gross_margin_4q_avg": 0,
            "net_income": null,
            "revenue": null,
            "common_shares": null,
            "book_valuer_per_share": null,
            "book_valuer_per_share_4q_avg": 1.92,
            "equity": null,
            "current_ratio": null,
            "debt_ratio": null,
            "inventory_turnover_ratio": null,
            "account_receivable_turnover_ratio": null,
            "reinvestment_rate": null,
            "research_to_sale_ratio": null,
            "price_fair": 0,
            "eps_avg_yearly": 0,
            "eps_latest_yearly": 0,
            "eps_growth_yearly": 0
        },
        "20122": {
            "year_quarter": 20122,
            "year": 2012,
            "quarter": 2,
            "eps": null,
            "eps_growth_year": null,
            "eps_4q": null,
            "eps_4q_growth_year": null,
            "roe": null,
            "roe_4q": 0,
            "gross_profit": null,
            "gross_margin": null,
            "gross_margin_4q_avg": 0,
            "net_income": null,
            "revenue": null,
            "common_shares": null,
            "book_valuer_per_share": null,
            "book_valuer_per_share_4q_avg": 1.92,
            "equity": null,
            "current_ratio": null,
            "debt_ratio": null,
            "inventory_turnover_ratio": null,
            "account_receivable_turnover_ratio": null,
            "reinvestment_rate": null,
            "research_to_sale_ratio": null,
            "price_fair": 0,
            "eps_avg_yearly": 0,
            "eps_latest_yearly": 0,
            "eps_growth_yearly": 0
        },
        "20123": {
            "year_quarter": 20123,
            "year": 2012,
            "quarter": 3,
            "eps": null,
            "eps_growth_year": null,
            "eps_4q": null,
            "eps_4q_growth_year": null,
            "roe": null,
            "roe_4q": 0,
            "gross_profit": null,
            "gross_margin": null,
            "gross_margin_4q_avg": 0,
            "net_income": null,
            "revenue": null,
            "common_shares": null,
            "book_valuer_per_share": null,
            "book_valuer_per_share_4q_avg": 1.92,
            "equity": null,
            "current_ratio": null,
            "debt_ratio": null,
            "inventory_turnover_ratio": null,
            "account_receivable_turnover_ratio": null,
            "reinvestment_rate": null,
            "research_to_sale_ratio": null,
            "price_fair": 0,
            "eps_avg_yearly": 0,
            "eps_latest_yearly": 0,
            "eps_growth_yearly": 0
        },
        "20124": {
            "year_quarter": 20124,
            "year": 2012,
            "quarter": 4,
            "eps": null,
            "eps_growth_year": null,
            "eps_4q": null,
            "eps_4q_growth_year": null,
            "roe": null,
            "roe_4q": 0,
            "gross_profit": null,
            "gross_margin": null,
            "gross_margin_4q_avg": 0,
            "net_income": null,
            "revenue": null,
            "common_shares": 3900000,
            "book_valuer_per_share": 6.1,
            "book_valuer_per_share_4q_avg": 1.53,
            "equity": 2391675,
            "current_ratio": 65.74,
            "debt_ratio": 62.03,
            "inventory_turnover_ratio": null,
            "account_receivable_turnover_ratio": null,
            "reinvestment_rate": null,
            "research_to_sale_ratio": null,
            "price_fair": 0,
            "eps_avg_yearly": 0,
            "eps_latest_yearly": 0,
            "eps_growth_yearly": 0
        },
        "20131": {
            "year_quarter": 20131,
            "year": 2013,
            "quarter": 1,
            "eps": null,
            "eps_growth_year": null,
            "eps_4q": null,
            "eps_4q_growth_year": null,
            "roe": null,
            "roe_4q": 0,
            "gross_profit": null,
            "gross_margin": null,
            "gross_margin_4q_avg": 0,
            "net_income": null,
            "revenue": null,
            "common_shares": null,
            "book_valuer_per_share": null,
            "book_valuer_per_share_4q_avg": 1.53,
            "equity": null,
            "current_ratio": null,
            "debt_ratio": null,
            "inventory_turnover_ratio": null,
            "account_receivable_turnover_ratio": null,
            "reinvestment_rate": null,
            "research_to_sale_ratio": null,
            "price_fair": 0,
            "eps_avg_yearly": 0,
            "eps_latest_yearly": 0,
            "eps_growth_yearly": 0
        },
        "20132": {
            "year_quarter": 20132,
            "year": 2013,
            "quarter": 2,
            "eps": null,
            "eps_growth_year": null,
            "eps_4q": null,
            "eps_4q_growth_year": null,
            "roe": null,
            "roe_4q": 0,
            "gross_profit": null,
            "gross_margin": null,
            "gross_margin_4q_avg": 0,
            "net_income": null,
            "revenue": null,
            "common_shares": null,
            "book_valuer_per_share": null,
            "book_valuer_per_share_4q_avg": 1.53,
            "equity": null,
            "current_ratio": null,
            "debt_ratio": null,
            "inventory_turnover_ratio": null,
            "account_receivable_turnover_ratio": null,
            "reinvestment_rate": null,
            "research_to_sale_ratio": null,
            "price_fair": 0,
            "eps_avg_yearly": 0,
            "eps_latest_yearly": 0,
            "eps_growth_yearly": 0
        },
        "20133": {
            "year_quarter": 20133,
            "year": 2013,
            "quarter": 3,
            "eps": null,
            "eps_growth_year": null,
            "eps_4q": null,
            "eps_4q_growth_year": null,
            "roe": null,
            "roe_4q": 0,
            "gross_profit": null,
            "gross_margin": null,
            "gross_margin_4q_avg": 0,
            "net_income": null,
            "revenue": null,
            "common_shares": null,
            "book_valuer_per_share": null,
            "book_valuer_per_share_4q_avg": 1.53,
            "equity": null,
            "current_ratio": null,
            "debt_ratio": null,
            "inventory_turnover_ratio": null,
            "account_receivable_turnover_ratio": null,
            "reinvestment_rate": null,
            "research_to_sale_ratio": null,
            "price_fair": 0,
            "eps_avg_yearly": 0,
            "eps_latest_yearly": 0,
            "eps_growth_yearly": 0
        },
        "20134": {
            "year_quarter": 20134,
            "year": 2013,
            "quarter": 4,
            "eps": null,
            "eps_growth_year": null,
            "eps_4q": null,
            "eps_4q_growth_year": null,
            "roe": null,
            "roe_4q": 0,
            "gross_profit": null,
            "gross_margin": null,
            "gross_margin_4q_avg": 0,
            "net_income": null,
            "revenue": null,
            "common_shares": 3900000,
            "book_valuer_per_share": null,
            "book_valuer_per_share_4q_avg": 0,
            "equity": 2661822,
            "current_ratio": null,
            "debt_ratio": null,
            "inventory_turnover_ratio": null,
            "account_receivable_turnover_ratio": null,
            "reinvestment_rate": null,
            "research_to_sale_ratio": null,
            "price_fair": 0,
            "eps_avg_yearly": 0,
            "eps_latest_yearly": 0,
            "eps_growth_yearly": 0
        },
        "20141": {
            "year_quarter": 20141,
            "year": 2014,
            "quarter": 1,
            "eps": null,
            "eps_growth_year": null,
            "eps_4q": null,
            "eps_4q_growth_year": null,
            "roe": null,
            "roe_4q": 0,
            "gross_profit": 212859,
            "gross_margin": null,
            "gross_margin_4q_avg": 0,
            "net_income": 92791,
            "revenue": 1515522,
            "common_shares": 3900000,
            "book_valuer_per_share": null,
            "book_valuer_per_share_4q_avg": 0,
            "equity": 2757131,
            "current_ratio": null,
            "debt_ratio": null,
            "inventory_turnover_ratio": null,
            "account_receivable_turnover_ratio": null,
            "reinvestment_rate": null,
            "research_to_sale_ratio": null,
            "price_fair": 0,
            "eps_avg_yearly": 0,
            "eps_latest_yearly": 0,
            "eps_growth_yearly": 0
        },
        "20142": {
            "year_quarter": 20142,
            "year": 2014,
            "quarter": 2,
            "eps": null,
            "eps_growth_year": null,
            "eps_4q": null,
            "eps_4q_growth_year": null,
            "roe": null,
            "roe_4q": 0,
            "gross_profit": 193299,
            "gross_margin": null,
            "gross_margin_4q_avg": 0,
            "net_income": 121305,
            "revenue": 1614193,
            "common_shares": 3003000,
            "book_valuer_per_share": null,
            "book_valuer_per_share_4q_avg": 0,
            "equity": 2882218,
            "current_ratio": null,
            "debt_ratio": null,
            "inventory_turnover_ratio": null,
            "account_receivable_turnover_ratio": null,
            "reinvestment_rate": null,
            "research_to_sale_ratio": null,
            "price_fair": 0,
            "eps_avg_yearly": 0,
            "eps_latest_yearly": 0,
            "eps_growth_yearly": 0
        },
        "20143": {
            "year_quarter": 20143,
            "year": 2014,
            "quarter": 3,
            "eps": null,
            "eps_growth_year": null,
            "eps_4q": null,
            "eps_4q_growth_year": null,
            "roe": null,
            "roe_4q": 0,
            "gross_profit": 54246,
            "gross_margin": null,
            "gross_margin_4q_avg": 0,
            "net_income": -58924,
            "revenue": 1541966,
            "common_shares": 3153150,
            "book_valuer_per_share": null,
            "book_valuer_per_share_4q_avg": 0,
            "equity": 2988459,
            "current_ratio": null,
            "debt_ratio": null,
            "inventory_turnover_ratio": null,
            "account_receivable_turnover_ratio": null,
            "reinvestment_rate": null,
            "research_to_sale_ratio": null,
            "price_fair": 0,
            "eps_avg_yearly": 0,
            "eps_latest_yearly": 0,
            "eps_growth_yearly": 0
        },
        "20144": {
            "year_quarter": 20144,
            "year": 2014,
            "quarter": 4,
            "eps": null,
            "eps_growth_year": null,
            "eps_4q": null,
            "eps_4q_growth_year": null,
            "roe": null,
            "roe_4q": 0,
            "gross_profit": 129402,
            "gross_margin": null,
            "gross_margin_4q_avg": 0,
            "net_income": 18069,
            "revenue": 1597344,
            "common_shares": 3153150,
            "book_valuer_per_share": 9.46,
            "book_valuer_per_share_4q_avg": 2.37,
            "equity": 3021543,
            "current_ratio": 84,
            "debt_ratio": 56.35,
            "inventory_turnover_ratio": null,
            "account_receivable_turnover_ratio": null,
            "reinvestment_rate": null,
            "research_to_sale_ratio": null,
            "price_fair": 0,
            "eps_avg_yearly": 0,
            "eps_latest_yearly": 0,
            "eps_growth_yearly": 0
        },
        "20151": {
            "year_quarter": 20151,
            "year": 2015,
            "quarter": 1,
            "eps": 0.11,
            "eps_growth_year": null,
            "eps_4q": 0.11,
            "eps_4q_growth_year": null,
            "roe": 1.2,
            "roe_4q": 1.2,
            "gross_profit": 140196,
            "gross_margin": 8.26,
            "gross_margin_4q_avg": 2.07,
            "net_income": 36431,
            "revenue": 1696327,
            "common_shares": 3153150,
            "book_valuer_per_share": 9.58,
            "book_valuer_per_share_4q_avg": 4.76,
            "equity": 3057974,
            "current_ratio": 86.09,
            "debt_ratio": 55.22,
            "inventory_turnover_ratio": 2.03,
            "account_receivable_turnover_ratio": 6.11,
            "reinvestment_rate": null,
            "research_to_sale_ratio": 1.15,
            "price_fair": 0,
            "eps_avg_yearly": 0,
            "eps_latest_yearly": 0,
            "eps_growth_yearly": 0
        },
        "20152": {
            "year_quarter": 20152,
            "year": 2015,
            "quarter": 2,
            "eps": -0.22,
            "eps_growth_year": null,
            "eps_4q": -0.1,
            "eps_4q_growth_year": null,
            "roe": -2.2,
            "roe_4q": -1.0000000000000002,
            "gross_profit": 41688,
            "gross_margin": 2.75,
            "gross_margin_4q_avg": 2.75,
            "net_income": -66521,
            "revenue": 1517042,
            "common_shares": 3153150,
            "book_valuer_per_share": 9.36,
            "book_valuer_per_share_4q_avg": 7.1,
            "equity": 2991774,
            "current_ratio": 39.24,
            "debt_ratio": 55.96,
            "inventory_turnover_ratio": 1.98,
            "account_receivable_turnover_ratio": 4.09,
            "reinvestment_rate": null,
            "research_to_sale_ratio": 1.46,
            "price_fair": 0,
            "eps_avg_yearly": 0,
            "eps_latest_yearly": 0,
            "eps_growth_yearly": 0
        },
        "20153": {
            "year_quarter": 20153,
            "year": 2015,
            "quarter": 3,
            "eps": 0.2,
            "eps_growth_year": null,
            "eps_4q": 0.09,
            "eps_4q_growth_year": null,
            "roe": 1.98,
            "roe_4q": 0.9799999999999998,
            "gross_profit": 173469,
            "gross_margin": 8.7,
            "gross_margin_4q_avg": 4.93,
            "net_income": 64771,
            "revenue": 1993195,
            "common_shares": 3153150,
            "book_valuer_per_share": 9.98,
            "book_valuer_per_share_4q_avg": 9.6,
            "equity": 3563664,
            "current_ratio": 56.3,
            "debt_ratio": 50.96,
            "inventory_turnover_ratio": 2.85,
            "account_receivable_turnover_ratio": 4.03,
            "reinvestment_rate": null,
            "research_to_sale_ratio": 1.24,
            "price_fair": 0,
            "eps_avg_yearly": 0,
            "eps_latest_yearly": 0,
            "eps_growth_yearly": 0
        },
        "20154": {
            "year_quarter": 20154,
            "year": 2015,
            "quarter": 4,
            "eps": 0.4,
            "eps_growth_year": null,
            "eps_4q": 0.49,
            "eps_4q_growth_year": null,
            "roe": 3.88,
            "roe_4q": 4.859999999999999,
            "gross_profit": 270357,
            "gross_margin": 14.02,
            "gross_margin_4q_avg": 8.43,
            "net_income": 141552,
            "revenue": 1928613,
            "common_shares": 3518550,
            "book_valuer_per_share": 10.38,
            "book_valuer_per_share_4q_avg": 9.83,
            "equity": 3729428,
            "current_ratio": 101.55,
            "debt_ratio": 50.1,
            "inventory_turnover_ratio": 2.48,
            "account_receivable_turnover_ratio": 4.71,
            "reinvestment_rate": null,
            "research_to_sale_ratio": 1.36,
            "price_fair": 56,
            "eps_avg_yearly": 1.6,
            "eps_latest_yearly": 1.6,
            "eps_growth_yearly": 400
        },
        "20161": {
            "year_quarter": 20161,
            "year": 2016,
            "quarter": 1,
            "eps": 0.55,
            "eps_growth_year": 400,
            "eps_4q": 0.94,
            "eps_4q_growth_year": 727.17,
            "roe": 5.1,
            "roe_4q": 8.760000000000002,
            "gross_profit": 363076,
            "gross_margin": 16.61,
            "gross_margin_4q_avg": 10.52,
            "net_income": 194994,
            "revenue": 2186465,
            "common_shares": 3518550,
            "book_valuer_per_share": 10.93,
            "book_valuer_per_share_4q_avg": 10.16,
            "equity": 3924375,
            "current_ratio": 104.13,
            "debt_ratio": 49.33,
            "inventory_turnover_ratio": 2.51,
            "account_receivable_turnover_ratio": 4.68,
            "reinvestment_rate": null,
            "research_to_sale_ratio": 0.94,
            "price_fair": 66.5,
            "eps_avg_yearly": 1.9,
            "eps_latest_yearly": 2.2,
            "eps_growth_yearly": 275
        },
        "20162": {
            "year_quarter": 20162,
            "year": 2016,
            "quarter": 2,
            "eps": 0.11,
            "eps_growth_year": null,
            "eps_4q": 1.02,
            "eps_4q_growth_year": null,
            "roe": 0.9,
            "roe_4q": 11.86,
            "gross_profit": 171284,
            "gross_margin": 8.44,
            "gross_margin_4q_avg": 11.94,
            "net_income": 39547,
            "revenue": 2029363,
            "common_shares": 4268550,
            "book_valuer_per_share": 11.23,
            "book_valuer_per_share_4q_avg": 10.63,
            "equity": 4886960,
            "current_ratio": 132.82,
            "debt_ratio": 47.2,
            "inventory_turnover_ratio": 2.81,
            "account_receivable_turnover_ratio": 3.1,
            "reinvestment_rate": null,
            "research_to_sale_ratio": 0.96,
            "price_fair": 49.47,
            "eps_avg_yearly": 1.41,
            "eps_latest_yearly": 0.44,
            "eps_growth_yearly": 76.67
        },
        "20163": {
            "year_quarter": 20163,
            "year": 2016,
            "quarter": 3,
            "eps": -0.48,
            "eps_growth_year": -340,
            "eps_4q": 0.39,
            "eps_4q_growth_year": 326.45,
            "roe": -4.23,
            "roe_4q": 5.649999999999999,
            "gross_profit": -137620,
            "gross_margin": -7.91,
            "gross_margin_4q_avg": 7.79,
            "net_income": -202614,
            "revenue": 1740085,
            "common_shares": 4268550,
            "book_valuer_per_share": 10.75,
            "book_valuer_per_share_4q_avg": 10.82,
            "equity": 4683916,
            "current_ratio": 115.44,
            "debt_ratio": 45.85,
            "inventory_turnover_ratio": 3.04,
            "account_receivable_turnover_ratio": 2.79,
            "reinvestment_rate": null,
            "research_to_sale_ratio": 1.16,
            "price_fair": 49.47,
            "eps_avg_yearly": 1.41,
            "eps_latest_yearly": 0.44,
            "eps_growth_yearly": 76.67
        },
        "20164": {
            "year_quarter": 20164,
            "year": 2016,
            "quarter": 4,
            "eps": -0.04,
            "eps_growth_year": -109.59,
            "eps_4q": 0.03,
            "eps_4q_growth_year": -93.8,
            "roe": -0.3,
            "roe_4q": 1.4699999999999993,
            "gross_profit": 74280,
            "gross_margin": 4.13,
            "gross_margin_4q_avg": 5.32,
            "net_income": -14179,
            "revenue": 1798588,
            "common_shares": 4268550,
            "book_valuer_per_share": 10.71,
            "book_valuer_per_share_4q_avg": 10.91,
            "equity": 4669847,
            "current_ratio": 84.47,
            "debt_ratio": 49.77,
            "inventory_turnover_ratio": 2.44,
            "account_receivable_turnover_ratio": 4.56,
            "reinvestment_rate": null,
            "research_to_sale_ratio": 0.84,
            "price_fair": 49.47,
            "eps_avg_yearly": 1.41,
            "eps_latest_yearly": 0.44,
            "eps_growth_yearly": 76.67
        },
        "20171": {
            "year_quarter": 20171,
            "year": 2017,
            "quarter": 1,
            "eps": -0.62,
            "eps_growth_year": -212.73,
            "eps_4q": -1.05,
            "eps_4q_growth_year": -211.75,
            "roe": -5.85,
            "roe_4q": -9.479999999999999,
            "gross_profit": -150283,
            "gross_margin": -8.85,
            "gross_margin_4q_avg": -1.05,
            "net_income": -265273,
            "revenue": 1698283,
            "common_shares": 4268550,
            "book_valuer_per_share": 10.08,
            "book_valuer_per_share_4q_avg": 10.69,
            "equity": 4403549,
            "current_ratio": 77.08,
            "debt_ratio": 52.08,
            "inventory_turnover_ratio": 2.6,
            "account_receivable_turnover_ratio": 6.8,
            "reinvestment_rate": null,
            "research_to_sale_ratio": 1.1,
            "price_fair": 49.47,
            "eps_avg_yearly": 1.41,
            "eps_latest_yearly": 0.44,
            "eps_growth_yearly": 76.67
        },
        "20172": {
            "year_quarter": 20172,
            "year": 2017,
            "quarter": 2,
            "eps": -0.41,
            "eps_growth_year": -472.73,
            "eps_4q": -1.55,
            "eps_4q_growth_year": -251.33,
            "roe": -4.01,
            "roe_4q": -14.39,
            "gross_profit": -32606,
            "gross_margin": -2.09,
            "gross_margin_4q_avg": -3.68,
            "net_income": -173341,
            "revenue": 1558160,
            "common_shares": 4268550,
            "book_valuer_per_share": 9.68,
            "book_valuer_per_share_4q_avg": 10.31,
            "equity": 4245255,
            "current_ratio": 74.99,
            "debt_ratio": 57.04,
            "inventory_turnover_ratio": 2.88,
            "account_receivable_turnover_ratio": 5.62,
            "reinvestment_rate": null,
            "research_to_sale_ratio": 1.85,
            "price_fair": 49.47,
            "eps_avg_yearly": 1.41,
            "eps_latest_yearly": 0.44,
            "eps_growth_yearly": 76.67
        },
        "20173": {
            "year_quarter": 20173,
            "year": 2017,
            "quarter": 3,
            "eps": -0.19,
            "eps_growth_year": null,
            "eps_4q": -1.26,
            "eps_4q_growth_year": -418.07,
            "roe": -1.79,
            "roe_4q": -11.95,
            "gross_profit": 54182,
            "gross_margin": 3.21,
            "gross_margin_4q_avg": -0.9,
            "net_income": -75310,
            "revenue": 1687862,
            "common_shares": 4268550,
            "book_valuer_per_share": 9.49,
            "book_valuer_per_share_4q_avg": 9.99,
            "equity": 4170011,
            "current_ratio": 64.88,
            "debt_ratio": 58.41,
            "inventory_turnover_ratio": 2.56,
            "account_receivable_turnover_ratio": 5.33,
            "reinvestment_rate": null,
            "research_to_sale_ratio": 1.26,
            "price_fair": 49.47,
            "eps_avg_yearly": 1.41,
            "eps_latest_yearly": 0.44,
            "eps_growth_yearly": 76.67
        },
        "20174": {
            "year_quarter": 20174,
            "year": 2017,
            "quarter": 4,
            "eps": -0.9,
            "eps_growth_year": null,
            "eps_4q": -1.99,
            "eps_4q_growth_year": -6687.54,
            "roe": -10.06,
            "roe_4q": -21.71,
            "gross_profit": -53693,
            "gross_margin": -3.17,
            "gross_margin_4q_avg": -2.73,
            "net_income": -426617,
            "revenue": 1691652,
            "common_shares": 4768550,
            "book_valuer_per_share": 8.7,
            "book_valuer_per_share_4q_avg": 9.49,
            "equity": 4314854,
            "current_ratio": 69.04,
            "debt_ratio": 57.99,
            "inventory_turnover_ratio": 2.31,
            "account_receivable_turnover_ratio": 4.71,
            "reinvestment_rate": null,
            "research_to_sale_ratio": 1.32,
            "price_fair": 49.47,
            "eps_avg_yearly": 1.41,
            "eps_latest_yearly": 0.44,
            "eps_growth_yearly": 76.67
        },
        "20181": {
            "year_quarter": 20181,
            "year": 2018,
            "quarter": 1,
            "eps": -0.52,
            "eps_growth_year": null,
            "eps_4q": -1.96,
            "eps_4q_growth_year": null,
            "roe": -5.94,
            "roe_4q": -21.799999999999997,
            "gross_profit": -163090,
            "gross_margin": -11.96,
            "gross_margin_4q_avg": -3.5,
            "net_income": -248537,
            "revenue": 1363760,
            "common_shares": 4768550,
            "book_valuer_per_share": 8.15,
            "book_valuer_per_share_4q_avg": 9.01,
            "equity": 4049389,
            "current_ratio": 60.06,
            "debt_ratio": 60.33,
            "inventory_turnover_ratio": 2.27,
            "account_receivable_turnover_ratio": 3.34,
            "reinvestment_rate": null,
            "research_to_sale_ratio": 1.52,
            "price_fair": 49.47,
            "eps_avg_yearly": 1.41,
            "eps_latest_yearly": 0.44,
            "eps_growth_yearly": 76.67
        },
        "20182": {
            "year_quarter": 20182,
            "year": 2018,
            "quarter": 2,
            "eps": -0.56,
            "eps_growth_year": null,
            "eps_4q": -2.15,
            "eps_4q_growth_year": null,
            "roe": -6.67,
            "roe_4q": -24.46,
            "gross_profit": -125811,
            "gross_margin": -12.53,
            "gross_margin_4q_avg": -6.11,
            "net_income": -261240,
            "revenue": 1004247,
            "common_shares": 4768550,
            "book_valuer_per_share": 7.57,
            "book_valuer_per_share_4q_avg": 8.48,
            "equity": 3786688,
            "current_ratio": 46.25,
            "debt_ratio": 63.25,
            "inventory_turnover_ratio": 1.82,
            "account_receivable_turnover_ratio": 2.71,
            "reinvestment_rate": null,
            "research_to_sale_ratio": 1.54,
            "price_fair": 49.47,
            "eps_avg_yearly": 1.41,
            "eps_latest_yearly": 0.44,
            "eps_growth_yearly": 76.67
        },
        "20183": {
            "year_quarter": 20183,
            "year": 2018,
            "quarter": 3,
            "eps": -0.62,
            "eps_growth_year": null,
            "eps_4q": -2.61,
            "eps_4q_growth_year": null,
            "roe": -7.44,
            "roe_4q": -30.11,
            "gross_profit": -343775,
            "gross_margin": -58.16,
            "gross_margin_4q_avg": -21.46,
            "net_income": -271342,
            "revenue": 591097,
            "common_shares": 4768550,
            "book_valuer_per_share": 6.93,
            "book_valuer_per_share_4q_avg": 7.84,
            "equity": 3511703,
            "current_ratio": 30.72,
            "debt_ratio": 62.9,
            "inventory_turnover_ratio": 1.95,
            "account_receivable_turnover_ratio": 2.98,
            "reinvestment_rate": null,
            "research_to_sale_ratio": 1.95,
            "price_fair": 49.47,
            "eps_avg_yearly": 1.41,
            "eps_latest_yearly": 0.44,
            "eps_growth_yearly": 76.67
        },
        "20184": {
            "year_quarter": 20184,
            "year": 2018,
            "quarter": 4,
            "eps": -0.72,
            "eps_growth_year": null,
            "eps_4q": -2.43,
            "eps_4q_growth_year": null,
            "roe": -10.57,
            "roe_4q": -30.62,
            "gross_profit": -24812,
            "gross_margin": -2.85,
            "gross_margin_4q_avg": -21.38,
            "net_income": -342190,
            "revenue": 871534,
            "common_shares": 4768550,
            "book_valuer_per_share": 6.22,
            "book_valuer_per_share_4q_avg": 7.22,
            "equity": 2964118,
            "current_ratio": 49.14,
            "debt_ratio": 64.29,
            "inventory_turnover_ratio": 2.05,
            "account_receivable_turnover_ratio": 3.97,
            "reinvestment_rate": null,
            "research_to_sale_ratio": 1.42,
            "price_fair": 49.47,
            "eps_avg_yearly": 1.41,
            "eps_latest_yearly": 0.44,
            "eps_growth_yearly": 76.67
        },
        "20191": {
            "year_quarter": 20191,
            "year": 2019,
            "quarter": 1,
            "eps": 0.06,
            "eps_growth_year": null,
            "eps_4q": -1.84,
            "eps_4q_growth_year": null,
            "roe": 0.94,
            "roe_4q": -23.740000000000002,
            "gross_profit": 132583,
            "gross_margin": 10.9,
            "gross_margin_4q_avg": -15.66,
            "net_income": 28069,
            "revenue": 1216199,
            "common_shares": 4768550,
            "book_valuer_per_share": 6.28,
            "book_valuer_per_share_4q_avg": 6.75,
            "equity": 2992458,
            "current_ratio": 42.68,
            "debt_ratio": 63.25,
            "inventory_turnover_ratio": 2.04,
            "account_receivable_turnover_ratio": 4.08,
            "reinvestment_rate": null,
            "research_to_sale_ratio": 0.76,
            "price_fair": 49.47,
            "eps_avg_yearly": 1.41,
            "eps_latest_yearly": 0.44,
            "eps_growth_yearly": 76.67
        },
        "20192": {
            "year_quarter": 20192,
            "year": 2019,
            "quarter": 2,
            "eps": -0.08,
            "eps_growth_year": null,
            "eps_4q": -2.03,
            "eps_4q_growth_year": null,
            "roe": -0.84,
            "roe_4q": -17.91,
            "gross_profit": 41564,
            "gross_margin": 4.07,
            "gross_margin_4q_avg": -11.51,
            "net_income": -25007,
            "revenue": 1021160,
            "common_shares": 3140167,
            "book_valuer_per_share": 9.45,
            "book_valuer_per_share_4q_avg": 7.22,
            "equity": 2967769,
            "current_ratio": 56.52,
            "debt_ratio": 65.99,
            "inventory_turnover_ratio": 2.02,
            "account_receivable_turnover_ratio": 3.51,
            "reinvestment_rate": null,
            "research_to_sale_ratio": 1.22,
            "price_fair": 49.47,
            "eps_avg_yearly": 1.41,
            "eps_latest_yearly": 0.44,
            "eps_growth_yearly": 76.67
        },
        "20193": {
            "year_quarter": 20193,
            "year": 2019,
            "quarter": 3,
            "eps": -0.26,
            "eps_growth_year": null,
            "eps_4q": -1.12,
            "eps_4q_growth_year": null,
            "roe": -2.67,
            "roe_4q": -13.14,
            "gross_profit": 43960,
            "gross_margin": 3.67,
            "gross_margin_4q_avg": 3.95,
            "net_income": -84392,
            "revenue": 1196298,
            "common_shares": 3790167,
            "book_valuer_per_share": 8.82,
            "book_valuer_per_share_4q_avg": 7.69,
            "equity": 3349122,
            "current_ratio": 62.54,
            "debt_ratio": 60.08,
            "inventory_turnover_ratio": 2.46,
            "account_receivable_turnover_ratio": 4.39,
            "reinvestment_rate": null,
            "research_to_sale_ratio": 0.99,
            "price_fair": 49.47,
            "eps_avg_yearly": 1.41,
            "eps_latest_yearly": 0.44,
            "eps_growth_yearly": 76.67
        },
        "20194": {
            "year_quarter": 20194,
            "year": 2019,
            "quarter": 4,
            "eps": -0.31,
            "eps_growth_year": null,
            "eps_4q": -0.53,
            "eps_4q_growth_year": null,
            "roe": -3.62,
            "roe_4q": -6.1899999999999995,
            "gross_profit": 1126,
            "gross_margin": 0.11,
            "gross_margin_4q_avg": 4.69,
            "net_income": -119085,
            "revenue": 1007217,
            "common_shares": 3790167,
            "book_valuer_per_share": 8.51,
            "book_valuer_per_share_4q_avg": 8.27,
            "equity": 3229696,
            "current_ratio": 44.71,
            "debt_ratio": 58.86,
            "inventory_turnover_ratio": 2.12,
            "account_receivable_turnover_ratio": 4.92,
            "reinvestment_rate": null,
            "research_to_sale_ratio": 1.68,
            "price_fair": 3.96,
            "eps_avg_yearly": 1.32,
            "eps_latest_yearly": 0.44,
            "eps_growth_yearly": -85
        },
        "20201": {
            "year_quarter": 20201,
            "year": 2020,
            "quarter": 1,
            "eps": -1.22,
            "eps_growth_year": -2133.33,
            "eps_4q": -1.82,
            "eps_4q_growth_year": null,
            "roe": -15.39,
            "roe_4q": -22.52,
            "gross_profit": 7505,
            "gross_margin": 0.75,
            "gross_margin_4q_avg": 2.15,
            "net_income": -462126,
            "revenue": 1004537,
            "common_shares": 3790167,
            "book_valuer_per_share": 7.29,
            "book_valuer_per_share_4q_avg": 8.52,
            "equity": 2774038,
            "current_ratio": 47.8,
            "debt_ratio": 62.6,
            "inventory_turnover_ratio": 2.21,
            "account_receivable_turnover_ratio": 5.85,
            "reinvestment_rate": null,
            "research_to_sale_ratio": 1.02,
            "price_fair": 1.32,
            "eps_avg_yearly": 0.44,
            "eps_latest_yearly": 0.44,
            "eps_growth_yearly": -320
        },
        "20202": {
            "year_quarter": 20202,
            "year": 2020,
            "quarter": 2,
            "eps": 0.15,
            "eps_growth_year": null,
            "eps_4q": -1.61,
            "eps_4q_growth_year": null,
            "roe": 2.05,
            "roe_4q": -19.630000000000003,
            "gross_profit": 139536,
            "gross_margin": 11.39,
            "gross_margin_4q_avg": 3.98,
            "net_income": 57586,
            "revenue": 1224678,
            "common_shares": 3790167,
            "book_valuer_per_share": 7.44,
            "book_valuer_per_share_4q_avg": 8.02,
            "equity": 2842353,
            "current_ratio": 50.4,
            "debt_ratio": 61.28,
            "inventory_turnover_ratio": 2.59,
            "account_receivable_turnover_ratio": 5.77,
            "reinvestment_rate": null,
            "research_to_sale_ratio": 1.12,
            "price_fair": 0,
            "eps_avg_yearly": 0,
            "eps_latest_yearly": 0,
            "eps_growth_yearly": 0
        },
        "20203": {
            "year_quarter": 20203,
            "year": 2020,
            "quarter": 3,
            "eps": 0.35,
            "eps_growth_year": null,
            "eps_4q": -1.04,
            "eps_4q_growth_year": null,
            "roe": 4.51,
            "roe_4q": -12.450000000000003,
            "gross_profit": 221118,
            "gross_margin": 16.37,
            "gross_margin_4q_avg": 7.16,
            "net_income": 131183,
            "revenue": 1350389,
            "common_shares": 3790167,
            "book_valuer_per_share": 7.79,
            "book_valuer_per_share_4q_avg": 7.76,
            "equity": 2973216,
            "current_ratio": 52.62,
            "debt_ratio": 59.34,
            "inventory_turnover_ratio": 2.49,
            "account_receivable_turnover_ratio": 3.96,
            "reinvestment_rate": null,
            "research_to_sale_ratio": 1.07,
            "price_fair": 49,
            "eps_avg_yearly": 1.4,
            "eps_latest_yearly": 1.4,
            "eps_growth_yearly": 533.33
        },
        "20204": {
            "year_quarter": 20204,
            "year": 2020,
            "quarter": 4,
            "eps": -0.03,
            "eps_growth_year": null,
            "eps_4q": -0.64,
            "eps_4q_growth_year": null,
            "roe": -0.3,
            "roe_4q": -9.13,
            "gross_profit": 120774,
            "gross_margin": 11.57,
            "gross_margin_4q_avg": 10.02,
            "net_income": -11509,
            "revenue": 1044225,
            "common_shares": 4457967,
            "book_valuer_per_share": 10.67,
            "book_valuer_per_share_4q_avg": 8.3,
            "equity": 4778334,
            "current_ratio": 163.82,
            "debt_ratio": 49.27,
            "inventory_turnover_ratio": 1.42,
            "account_receivable_turnover_ratio": 1.76,
            "reinvestment_rate": null,
            "research_to_sale_ratio": 0.89,
            "price_fair": 49,
            "eps_avg_yearly": 1.4,
            "eps_latest_yearly": 1.4,
            "eps_growth_yearly": 533.33
        },
        "20211": {
            "year_quarter": 20211,
            "year": 2021,
            "quarter": 1,
            "eps": 0,
            "eps_growth_year": null,
            "eps_4q": 0.4,
            "eps_4q_growth_year": null,
            "roe": 0.04,
            "roe_4q": 6.3,
            "gross_profit": 59639,
            "gross_margin": 5.25,
            "gross_margin_4q_avg": 11.15,
            "net_income": 1950,
            "revenue": 1136833,
            "common_shares": 4457967,
            "book_valuer_per_share": 10.67,
            "book_valuer_per_share_4q_avg": 9.14,
            "equity": 4780262,
            "current_ratio": 165.85,
            "debt_ratio": 47.07,
            "inventory_turnover_ratio": 1.21,
            "account_receivable_turnover_ratio": 1.35,
            "reinvestment_rate": null,
            "research_to_sale_ratio": 0.73,
            "price_fair": 49,
            "eps_avg_yearly": 1.4,
            "eps_latest_yearly": 1.4,
            "eps_growth_yearly": 533.33
        },
        "20212": {
            "year_quarter": 20212,
            "year": 2021,
            "quarter": 2,
            "eps": -0.21,
            "eps_growth_year": -240,
            "eps_4q": 0.06,
            "eps_4q_growth_year": null,
            "roe": -1.98,
            "roe_4q": 2.27,
            "gross_profit": 2328,
            "gross_margin": 0.17,
            "gross_margin_4q_avg": 8.34,
            "net_income": -93790,
            "revenue": 1369157,
            "common_shares": 4457967,
            "book_valuer_per_share": 10.46,
            "book_valuer_per_share_4q_avg": 9.9,
            "equity": 4686448,
            "current_ratio": 138.11,
            "debt_ratio": 51.73,
            "inventory_turnover_ratio": 1.28,
            "account_receivable_turnover_ratio": 1.42,
            "reinvestment_rate": null,
            "research_to_sale_ratio": 0.82,
            "price_fair": 49,
            "eps_avg_yearly": 1.4,
            "eps_latest_yearly": 1.4,
            "eps_growth_yearly": 533.33
        },
        "20213": {
            "year_quarter": 20213,
            "year": 2021,
            "quarter": 3,
            "eps": -0.24,
            "eps_growth_year": -168.57,
            "eps_4q": -0.47,
            "eps_4q_growth_year": null,
            "roe": -2.27,
            "roe_4q": -4.51,
            "gross_profit": 22341,
            "gross_margin": 1.59,
            "gross_margin_4q_avg": 4.65,
            "net_income": -105729,
            "revenue": 1405785,
            "common_shares": 4457967,
            "book_valuer_per_share": 10.22,
            "book_valuer_per_share_4q_avg": 10.51,
            "equity": 4619242,
            "current_ratio": 128.43,
            "debt_ratio": 50.36,
            "inventory_turnover_ratio": 1.2,
            "account_receivable_turnover_ratio": 1.66,
            "reinvestment_rate": null,
            "research_to_sale_ratio": 0.99,
            "price_fair": 49,
            "eps_avg_yearly": 1.4,
            "eps_latest_yearly": 1.4,
            "eps_growth_yearly": 533.33
        },
        "20214": {
            "year_quarter": 20214,
            "year": 2021,
            "quarter": 4,
            "eps": 0.55,
            "eps_growth_year": null,
            "eps_4q": 0.1,
            "eps_4q_growth_year": null,
            "roe": 5.03,
            "roe_4q": 0.8200000000000003,
            "gross_profit": 326956,
            "gross_margin": 14.56,
            "gross_margin_4q_avg": 5.39,
            "net_income": 245271,
            "revenue": 2245417,
            "common_shares": 4457967,
            "book_valuer_per_share": 11.51,
            "book_valuer_per_share_4q_avg": 10.72,
            "equity": 5129547,
            "current_ratio": 140.69,
            "debt_ratio": 49.86,
            "inventory_turnover_ratio": 1.41,
            "account_receivable_turnover_ratio": 2.92,
            "reinvestment_rate": null,
            "research_to_sale_ratio": 0.5,
            "price_fair": 49,
            "eps_avg_yearly": 1.4,
            "eps_latest_yearly": 1.4,
            "eps_growth_yearly": 533.33
        },
        "20221": {
            "year_quarter": 20221,
            "year": 2022,
            "quarter": 1,
            "eps": 0.06,
            "eps_growth_year": null,
            "eps_4q": 0.16,
            "eps_4q_growth_year": -58.85,
            "roe": 0.56,
            "roe_4q": 1.3399999999999999,
            "gross_profit": 143991,
            "gross_margin": 7.18,
            "gross_margin_4q_avg": 5.88,
            "net_income": 28877,
            "revenue": 2005719,
            "common_shares": 4457967,
            "book_valuer_per_share": 11.62,
            "book_valuer_per_share_4q_avg": 10.95,
            "equity": 5179994,
            "current_ratio": 102.18,
            "debt_ratio": 48.12,
            "inventory_turnover_ratio": 1.36,
            "account_receivable_turnover_ratio": 2.51,
            "reinvestment_rate": null,
            "research_to_sale_ratio": 0.48,
            "price_fair": 28.7,
            "eps_avg_yearly": 0.82,
            "eps_latest_yearly": 0.24,
            "eps_growth_yearly": 88.48
        },
        "20222": {
            "year_quarter": 20222,
            "year": 2022,
            "quarter": 2,
            "eps": 0.03,
            "eps_growth_year": null,
            "eps_4q": 0.4,
            "eps_4q_growth_year": 570.38,
            "roe": 0.28,
            "roe_4q": 3.6,
            "gross_profit": 124943,
            "gross_margin": 6.61,
            "gross_margin_4q_avg": 7.49,
            "net_income": 14395,
            "revenue": 1891369,
            "common_shares": 4457967,
            "book_valuer_per_share": 11.7,
            "book_valuer_per_share_4q_avg": 11.26,
            "equity": 5232447,
            "current_ratio": 98.58,
            "debt_ratio": 50.7,
            "inventory_turnover_ratio": 1.26,
            "account_receivable_turnover_ratio": 2.57,
            "reinvestment_rate": null,
            "research_to_sale_ratio": 0.62,
            "price_fair": 1.76,
            "eps_avg_yearly": 0.59,
            "eps_latest_yearly": 0.12,
            "eps_growth_yearly": -7.68
        },
        "20223": {
            "year_quarter": 20223,
            "year": 2022,
            "quarter": 3,
            "eps": 0.05,
            "eps_growth_year": null,
            "eps_4q": 0.65,
            "eps_4q_growth_year": null,
            "roe": 0.4,
            "roe_4q": 6.2700000000000005,
            "gross_profit": 119529,
            "gross_margin": 5.26,
            "gross_margin_4q_avg": 8.4,
            "net_income": 22533,
            "revenue": 2272608,
            "common_shares": 4762967,
            "book_valuer_per_share": 12.65,
            "book_valuer_per_share_4q_avg": 11.87,
            "equity": 6027323,
            "current_ratio": 121.42,
            "debt_ratio": 48.21,
            "inventory_turnover_ratio": 1.17,
            "account_receivable_turnover_ratio": 2.46,
            "reinvestment_rate": null,
            "research_to_sale_ratio": 0.46,
            "price_fair": 17.15,
            "eps_avg_yearly": 0.49,
            "eps_latest_yearly": 0.2,
            "eps_growth_yearly": 60.91
        },
        "20224": {
            "year_quarter": 20224,
            "year": 2022,
            "quarter": 4,
            "eps": 0.26,
            "eps_growth_year": -52.69,
            "eps_4q": 0.4,
            "eps_4q_growth_year": 283.24,
            "roe": 2.03,
            "roe_4q": 3.27,
            "gross_profit": 288076,
            "gross_margin": 10.16,
            "gross_margin_4q_avg": 7.3,
            "net_income": 123845,
            "revenue": 2835367,
            "common_shares": 4762967,
            "book_valuer_per_share": 12.91,
            "book_valuer_per_share_4q_avg": 12.22,
            "equity": 6150765,
            "current_ratio": 138.34,
            "debt_ratio": 45.61,
            "inventory_turnover_ratio": 1.36,
            "account_receivable_turnover_ratio": 2.46,
            "reinvestment_rate": null,
            "research_to_sale_ratio": 0.64,
            "price_fair": 21,
            "eps_avg_yearly": 0.6,
            "eps_latest_yearly": 1.04,
            "eps_growth_yearly": 384.73
        },
        "20231": {
            "year_quarter": 20231,
            "year": 2023,
            "quarter": 1,
            "eps": 0.37,
            "eps_growth_year": 516.67,
            "eps_4q": 0.71,
            "eps_4q_growth_year": 329.77,
            "roe": 2.82,
            "roe_4q": 5.53,
            "gross_profit": 208715,
            "gross_margin": 9.58,
            "gross_margin_4q_avg": 7.9,
            "net_income": 176102,
            "revenue": 2178973,
            "common_shares": 4762967,
            "book_valuer_per_share": 13.28,
            "book_valuer_per_share_4q_avg": 12.64,
            "equity": 6329871,
            "current_ratio": 135.69,
            "debt_ratio": 43.55,
            "inventory_turnover_ratio": 1.28,
            "account_receivable_turnover_ratio": 2.04,
            "reinvestment_rate": null,
            "research_to_sale_ratio": 0.52,
            "price_fair": 26.13,
            "eps_avg_yearly": 0.75,
            "eps_latest_yearly": 1.48,
            "eps_growth_yearly": 348.81
        }
    },
    "months": {
        "2014-09": {
            "month": "2014-09",
            "price": "20.33",
            "revenue": 520704
        },
        "2014-10": {
            "month": "2014-10",
            "price": "19.73",
            "revenue": 528408
        },
        "2014-11": {
            "month": "2014-11",
            "price": "17.94",
            "revenue": 587269
        },
        "2014-12": {
            "month": "2014-12",
            "price": "16.61",
            "revenue": 481326
        },
        "2015-01": {
            "month": "2015-01",
            "price": "15.42",
            "revenue": 640979
        },
        "2015-02": {
            "month": "2015-02",
            "price": "16.60",
            "revenue": 540012
        },
        "2015-03": {
            "month": "2015-03",
            "price": "19.60",
            "revenue": 514948
        },
        "2015-04": {
            "month": "2015-04",
            "price": "19.22",
            "revenue": 473379
        },
        "2015-05": {
            "month": "2015-05",
            "price": "18.43",
            "revenue": 501296
        },
        "2015-06": {
            "month": "2015-06",
            "price": "19.37",
            "revenue": 541979
        },
        "2015-07": {
            "month": "2015-07",
            "price": "18.95",
            "revenue": 698165
        },
        "2015-08": {
            "month": "2015-08",
            "price": "18.87",
            "revenue": 703280
        },
        "2015-09": {
            "month": "2015-09",
            "price": "16.92",
            "revenue": 593083
        },
        "2015-10": {
            "month": "2015-10",
            "price": "15.75",
            "revenue": 607072
        },
        "2015-11": {
            "month": "2015-11",
            "price": "16.96",
            "revenue": 640200
        },
        "2015-12": {
            "month": "2015-12",
            "price": "18.08",
            "revenue": 679911
        },
        "2016-01": {
            "month": "2016-01",
            "price": "14.70",
            "revenue": 694184
        },
        "2016-02": {
            "month": "2016-02",
            "price": "16.15",
            "revenue": 689294
        },
        "2016-03": {
            "month": "2016-03",
            "price": "16.45",
            "revenue": 799951
        },
        "2016-04": {
            "month": "2016-04",
            "price": "14.73",
            "revenue": 622776
        },
        "2016-05": {
            "month": "2016-05",
            "price": "14.56",
            "revenue": 641683
        },
        "2016-06": {
            "month": "2016-06",
            "price": "13.50",
            "revenue": 764598
        },
        "2016-07": {
            "month": "2016-07",
            "price": "13.22",
            "revenue": 619675
        },
        "2016-08": {
            "month": "2016-08",
            "price": "11.60",
            "revenue": 577184
        },
        "2016-09": {
            "month": "2016-09",
            "price": "11.26",
            "revenue": 552091
        },
        "2016-10": {
            "month": "2016-10",
            "price": "11.45",
            "revenue": 583258
        },
        "2016-11": {
            "month": "2016-11",
            "price": "10.08",
            "revenue": 610704
        },
        "2016-12": {
            "month": "2016-12",
            "price": "10.15",
            "revenue": 622190
        },
        "2017-01": {
            "month": "2017-01",
            "price": "10.36",
            "revenue": 619582
        },
        "2017-02": {
            "month": "2017-02",
            "price": "11.30",
            "revenue": 520765
        },
        "2017-03": {
            "month": "2017-03",
            "price": "10.79",
            "revenue": 557610
        },
        "2017-04": {
            "month": "2017-04",
            "price": "10.70",
            "revenue": 457755
        },
        "2017-05": {
            "month": "2017-05",
            "price": "11.01",
            "revenue": 542191
        },
        "2017-06": {
            "month": "2017-06",
            "price": "10.79",
            "revenue": 558468
        },
        "2017-07": {
            "month": "2017-07",
            "price": "10.29",
            "revenue": 566508
        },
        "2017-08": {
            "month": "2017-08",
            "price": "9.71",
            "revenue": 590952
        },
        "2017-09": {
            "month": "2017-09",
            "price": "9.92",
            "revenue": 530462
        },
        "2017-10": {
            "month": "2017-10",
            "price": "11.30",
            "revenue": 701892
        },
        "2017-11": {
            "month": "2017-11",
            "price": "11.64",
            "revenue": 538620
        },
        "2017-12": {
            "month": "2017-12",
            "price": "10.57",
            "revenue": 451173
        },
        "2018-01": {
            "month": "2018-01",
            "price": "10.14",
            "revenue": 434625
        },
        "2018-02": {
            "month": "2018-02",
            "price": "9.23",
            "revenue": 378246
        },
        "2018-03": {
            "month": "2018-03",
            "price": "9.27",
            "revenue": 550872
        },
        "2018-04": {
            "month": "2018-04",
            "price": "9.19",
            "revenue": 384158
        },
        "2018-05": {
            "month": "2018-05",
            "price": "10.53",
            "revenue": 403804
        },
        "2018-06": {
            "month": "2018-06",
            "price": "9.39",
            "revenue": 235907
        },
        "2018-07": {
            "month": "2018-07",
            "price": "8.23",
            "revenue": 207046
        },
        "2018-08": {
            "month": "2018-08",
            "price": "7.68",
            "revenue": 216769
        },
        "2018-09": {
            "month": "2018-09",
            "price": "7.64",
            "revenue": 169811
        },
        "2018-10": {
            "month": "2018-10",
            "price": "6.23",
            "revenue": 318615
        },
        "2018-11": {
            "month": "2018-11",
            "price": "6.40",
            "revenue": 318028
        },
        "2018-12": {
            "month": "2018-12",
            "price": "6.73",
            "revenue": 372837
        },
        "2019-01": {
            "month": "2019-01",
            "price": "6.54",
            "revenue": 363105
        },
        "2019-02": {
            "month": "2019-02",
            "price": "5.84",
            "revenue": 395621
        },
        "2019-03": {
            "month": "2019-03",
            "price": "5.97",
            "revenue": 456679
        },
        "2019-04": {
            "month": "2019-04",
            "price": "6.24",
            "revenue": 316081
        },
        "2019-05": {
            "month": "2019-05",
            "price": "6.55",
            "revenue": 327139
        },
        "2019-06": {
            "month": "2019-06",
            "price": "5.99",
            "revenue": 377940
        },
        "2019-07": {
            "month": "2019-07",
            "price": "8.81",
            "revenue": 449056
        },
        "2019-08": {
            "month": "2019-08",
            "price": "8.41",
            "revenue": 410308
        },
        "2019-09": {
            "month": "2019-09",
            "price": "7.74",
            "revenue": 353905
        },
        "2019-10": {
            "month": "2019-10",
            "price": "7.53",
            "revenue": 323028
        },
        "2019-11": {
            "month": "2019-11",
            "price": "7.64",
            "revenue": 305683
        },
        "2019-12": {
            "month": "2019-12",
            "price": "7.41",
            "revenue": 378507
        },
        "2020-01": {
            "month": "2020-01",
            "price": "7.64",
            "revenue": 314305
        },
        "2020-02": {
            "month": "2020-02",
            "price": "7.40",
            "revenue": 312900
        },
        "2020-03": {
            "month": "2020-03",
            "price": "5.52",
            "revenue": 377332
        },
        "2020-04": {
            "month": "2020-04",
            "price": "5.36",
            "revenue": 404688
        },
        "2020-05": {
            "month": "2020-05",
            "price": "6.13",
            "revenue": 405296
        },
        "2020-06": {
            "month": "2020-06",
            "price": "7.01",
            "revenue": 414694
        },
        "2020-07": {
            "month": "2020-07",
            "price": "11.87",
            "revenue": 445326
        },
        "2020-08": {
            "month": "2020-08",
            "price": "18.12",
            "revenue": 483053
        },
        "2020-09": {
            "month": "2020-09",
            "price": "26.06",
            "revenue": 437254
        },
        "2020-10": {
            "month": "2020-10",
            "price": "35.98",
            "revenue": 364547
        },
        "2020-11": {
            "month": "2020-11",
            "price": "37.24",
            "revenue": 378588
        },
        "2020-12": {
            "month": "2020-12",
            "price": "40.75",
            "revenue": 372985
        },
        "2021-01": {
            "month": "2021-01",
            "price": "36.38",
            "revenue": 363883
        },
        "2021-02": {
            "month": "2021-02",
            "price": "35.21",
            "revenue": 359176
        },
        "2021-03": {
            "month": "2021-03",
            "price": "40.89",
            "revenue": 413774
        },
        "2021-04": {
            "month": "2021-04",
            "price": "42.86",
            "revenue": 454450
        },
        "2021-05": {
            "month": "2021-05",
            "price": "33.86",
            "revenue": 484116
        },
        "2021-06": {
            "month": "2021-06",
            "price": "33.40",
            "revenue": 434782
        },
        "2021-07": {
            "month": "2021-07",
            "price": "33.20",
            "revenue": 455886
        },
        "2021-08": {
            "month": "2021-08",
            "price": "29.85",
            "revenue": 473962
        },
        "2021-09": {
            "month": "2021-09",
            "price": "29.50",
            "revenue": 475932
        },
        "2021-10": {
            "month": "2021-10",
            "price": "30.78",
            "revenue": 579275
        },
        "2021-11": {
            "month": "2021-11",
            "price": "37.34",
            "revenue": 877375
        },
        "2021-12": {
            "month": "2021-12",
            "price": "40.81",
            "revenue": 787111
        },
        "2022-01": {
            "month": "2022-01",
            "price": "39.68",
            "revenue": 724576
        },
        "2022-02": {
            "month": "2022-02",
            "price": "37.07",
            "revenue": 591635
        },
        "2022-03": {
            "month": "2022-03",
            "price": "39.98",
            "revenue": 689508
        },
        "2022-04": {
            "month": "2022-04",
            "price": "45.27",
            "revenue": 702186
        },
        "2022-05": {
            "month": "2022-05",
            "price": "37.74",
            "revenue": 533990
        },
        "2022-06": {
            "month": "2022-06",
            "price": "34.04",
            "revenue": 652291
        },
        "2022-07": {
            "month": "2022-07",
            "price": "32.99",
            "revenue": 757068
        },
        "2022-08": {
            "month": "2022-08",
            "price": "36.31",
            "revenue": 745150
        },
        "2022-09": {
            "month": "2022-09",
            "price": "40.05",
            "revenue": 773291
        },
        "2022-10": {
            "month": "2022-10",
            "price": "35.53",
            "revenue": 697572
        },
        "2022-11": {
            "month": "2022-11",
            "price": "33.20",
            "revenue": 998441
        },
        "2022-12": {
            "month": "2022-12",
            "price": "34.40",
            "revenue": 1139354
        },
        "2023-01": {
            "month": "2023-01",
            "price": "35.38",
            "revenue": 702245
        },
        "2023-02": {
            "month": "2023-02",
            "price": "37.40",
            "revenue": 653830
        },
        "2023-03": {
            "month": "2023-03",
            "price": "38.09",
            "revenue": 822898
        },
        "2023-04": {
            "month": "2023-04",
            "price": "38.33",
            "revenue": 872238
        }
    }
}
