{
    "summary": {
        "stock_name": "藥華藥",
        "stock_id": "6446",
        "category": "生技醫療",
        "main_business": "從事新藥之研究、開發、生產與銷售",
        "website_url": "http://www.pharmaessentia.com",
        "ceo": "黃正谷",
        "pe_ratio": -78,
        "report_year_from": 2011,
        "report_year_to": 2023,
        "age": 12,
        "eps_negative_percentage": 100,
        "eps_growth_avg": {
            "last_all": null,
            "last_2y": null,
            "last_4y": null,
            "last_8y": null,
            "last_12y": null,
            "last_16y": null,
            "last_20y": null,
            "at_2006_last_3y": null,
            "at_2007_last_3y": null,
            "at_2008_last_3y": null,
            "at_2009_last_3y": null,
            "at_2010_last_3y": null,
            "at_2011_last_3y": null,
            "at_2012_last_3y": null,
            "at_2013_last_3y": null,
            "at_2014_last_3y": null,
            "at_2015_last_3y": null,
            "at_2016_last_3y": null,
            "at_2017_last_3y": null,
            "at_2018_last_3y": null,
            "at_2019_last_3y": null,
            "at_2020_last_3y": null,
            "at_2021_last_3y": null,
            "at_2022_last_3y": null,
            "at_2023_last_3y": null,
            "at_2006_last_all": null,
            "at_2007_last_all": null,
            "at_2008_last_all": null,
            "at_2009_last_all": null,
            "at_2010_last_all": null,
            "at_2011_last_all": null,
            "at_2012_last_all": null,
            "at_2013_last_all": null,
            "at_2014_last_all": null,
            "at_2015_last_all": null,
            "at_2016_last_all": null,
            "at_2017_last_all": null,
            "at_2018_last_all": null,
            "at_2019_last_all": null,
            "at_2020_last_all": null,
            "at_2021_last_all": null,
            "at_2022_last_all": null,
            "at_2023_last_all": null
        },
        "latest_eps": -4.45,
        "latest_price": 345.5,
        "latest_roe": -9.71,
        "latest_gross_margin": 91.77,
        "latest_equity": 25238001,
        "latest_revenue": 1264835,
        "latest_gross_profit": 1160757,
        "latest_net_income": -202755,
        "latest_debt_ratio": 8.59,
        "latest_current_ratio": 1439.31,
        "latest_account_receivable_turnover_ratio": 1.25,
        "latest_inventory_turnover_ratio": 0.08,
        "latest_reinvestment_rate": null,
        "latest_research_to_sale_ratio": 37.62
    },
    "eps_dividends": {
        "2001": {
            "cash": 0,
            "stock": 0,
            "eps": 0
        },
        "2002": {
            "cash": 0,
            "stock": 0,
            "eps": 0
        },
        "2003": {
            "cash": 0,
            "stock": 0,
            "eps": 0
        },
        "2004": {
            "cash": 0,
            "stock": 0,
            "eps": 0
        },
        "2005": {
            "cash": 0,
            "stock": 0,
            "eps": 0
        },
        "2006": {
            "cash": 0,
            "stock": 0,
            "eps": 0
        },
        "2007": {
            "cash": 0,
            "stock": 0,
            "eps": 0
        },
        "2008": {
            "cash": 0,
            "stock": 0,
            "eps": 0
        },
        "2009": {
            "cash": 0,
            "stock": 0,
            "eps": 0
        },
        "2010": {
            "cash": 0,
            "stock": 0,
            "eps": 0
        },
        "2011": {
            "cash": 0,
            "stock": 0,
            "eps": 0
        },
        "2012": {
            "cash": 0,
            "stock": 0,
            "eps": 0
        },
        "2013": {
            "cash": 0,
            "stock": 0,
            "eps": 0
        },
        "2014": {
            "cash": 0,
            "stock": 0,
            "eps": 0
        },
        "2015": {
            "cash": 0,
            "stock": 0,
            "eps": -1.13
        },
        "2016": {
            "cash": 0,
            "stock": 0,
            "eps": -4.1
        },
        "2017": {
            "cash": 0,
            "stock": 0,
            "eps": -4.01
        },
        "2018": {
            "cash": 0,
            "stock": 0,
            "eps": -4.75
        },
        "2019": {
            "cash": 0,
            "stock": 0,
            "eps": -3.84
        },
        "2020": {
            "cash": 0,
            "stock": 0,
            "eps": -7.83
        },
        "2021": {
            "cash": 0,
            "stock": 0,
            "eps": -10.66
        },
        "2022": {
            "cash": 0,
            "stock": 0,
            "eps": -4.88
        },
        "2023": {
            "cash": 0,
            "stock": 0,
            "eps": -3.06
        }
    },
    "dividends": [],
    "prices": {
        "200101": "無",
        "200102": "無",
        "200103": "無",
        "200104": "無",
        "200105": "無",
        "200106": "無",
        "200107": "無",
        "200108": "無",
        "200109": "無",
        "200110": "無",
        "200111": "無",
        "200112": "無",
        "200201": "無",
        "200202": "無",
        "200203": "無",
        "200204": "無",
        "200205": "無",
        "200206": "無",
        "200207": "無",
        "200208": "無",
        "200209": "無",
        "200210": "無",
        "200211": "無",
        "200212": "無",
        "200301": "無",
        "200302": "無",
        "200303": "無",
        "200304": "無",
        "200305": "無",
        "200306": "無",
        "200307": "無",
        "200308": "無",
        "200309": "無",
        "200310": "無",
        "200311": "無",
        "200312": "無",
        "200401": "無",
        "200402": "無",
        "200403": "無",
        "200404": "無",
        "200405": "無",
        "200406": "無",
        "200407": "無",
        "200408": "無",
        "200409": "無",
        "200410": "無",
        "200411": "無",
        "200412": "無",
        "200501": "無",
        "200502": "無",
        "200503": "無",
        "200504": "無",
        "200505": "無",
        "200506": "無",
        "200507": "無",
        "200508": "無",
        "200509": "無",
        "200510": "無",
        "200511": "無",
        "200512": "無",
        "200601": "無",
        "200602": "無",
        "200603": "無",
        "200604": "無",
        "200605": "無",
        "200606": "無",
        "200607": "無",
        "200608": "無",
        "200609": "無",
        "200610": "無",
        "200611": "無",
        "200612": "無",
        "200701": "無",
        "200702": "無",
        "200703": "無",
        "200704": "無",
        "200705": "無",
        "200706": "無",
        "200707": "無",
        "200708": "無",
        "200709": "無",
        "200710": "無",
        "200711": "無",
        "200712": "無",
        "200801": "無",
        "200802": "無",
        "200803": "無",
        "200804": "無",
        "200805": "無",
        "200806": "無",
        "200807": "無",
        "200808": "無",
        "200809": "無",
        "200810": "無",
        "200811": "無",
        "200812": "無",
        "200901": "無",
        "200902": "無",
        "200903": "無",
        "200904": "無",
        "200905": "無",
        "200906": "無",
        "200907": "無",
        "200908": "無",
        "200909": "無",
        "200910": "無",
        "200911": "無",
        "200912": "無",
        "201001": "無",
        "201002": "無",
        "201003": "無",
        "201004": "無",
        "201005": "無",
        "201006": "無",
        "201007": "無",
        "201008": "無",
        "201009": "無",
        "201010": "無",
        "201011": "無",
        "201012": "無",
        "201101": "無",
        "201102": "無",
        "201103": "無",
        "201104": "無",
        "201105": "無",
        "201106": "無",
        "201107": "無",
        "201108": "無",
        "201109": "無",
        "201110": "無",
        "201111": "無",
        "201112": "無",
        "201201": "無",
        "201202": "無",
        "201203": "無",
        "201204": "無",
        "201205": "無",
        "201206": "無",
        "201207": "無",
        "201208": "無",
        "201209": "無",
        "201210": "無",
        "201211": "無",
        "201212": "無",
        "201301": "無",
        "201302": "無",
        "201303": "無",
        "201304": "無",
        "201305": "無",
        "201306": "無",
        "201307": "無",
        "201308": "無",
        "201309": "無",
        "201310": "無",
        "201311": "無",
        "201312": "無",
        "201401": "無",
        "201402": "無",
        "201403": "191.90",
        "201404": "148.14",
        "201405": "167.02",
        "201406": "196.99",
        "201407": "181.67",
        "201408": "163.04",
        "201409": "156.99",
        "201410": "151.63",
        "201411": "135.05",
        "201412": "140.70",
        "201501": "130.71",
        "201502": "126.79",
        "201503": "131.34",
        "201504": "117.49",
        "201505": "88.35",
        "201506": "78.40",
        "201507": "76.97",
        "201508": "62.54",
        "201509": "87.17",
        "201510": "88.81",
        "201511": "100.37",
        "201512": "179.13",
        "201601": "168.82",
        "201602": "170.45",
        "201603": "169.07",
        "201604": "169.99",
        "201605": "167.57",
        "201606": "206.63",
        "201607": "194.18",
        "201608": "178.48",
        "201609": "180.66",
        "201610": "175.52",
        "201611": "178.48",
        "201612": "167.71",
        "201701": "148.94",
        "201702": "154.17",
        "201703": "166.98",
        "201704": "153.28",
        "201705": "146.68",
        "201706": "143.35",
        "201707": "145.71",
        "201708": "142.54",
        "201709": "147.52",
        "201710": "145.16",
        "201711": "149.20",
        "201712": "144.81",
        "201801": "147.30",
        "201802": "166.15",
        "201803": "178.00",
        "201804": "173.39",
        "201805": "174.70",
        "201806": "184.18",
        "201807": "180.27",
        "201808": "175.52",
        "201809": "175.97",
        "201810": "169.93",
        "201811": "174.27",
        "201812": "180.17",
        "201901": "173.48",
        "201902": "175.85",
        "201903": "164.32",
        "201904": "155.68",
        "201905": "128.07",
        "201906": "119.82",
        "201907": "119.22",
        "201908": "121.60",
        "201909": "115.68",
        "201910": "111.52",
        "201911": "110.98",
        "201912": "103.37",
        "202001": "114.27",
        "202002": "104.37",
        "202003": "80.02",
        "202004": "83.75",
        "202005": "111.30",
        "202006": "115.12",
        "202007": "124.72",
        "202008": "110.57",
        "202009": "104.64",
        "202010": "94.82",
        "202011": "81.57",
        "202012": "97.16",
        "202101": "92.16",
        "202102": "103.79",
        "202103": "109.31",
        "202104": "91.94",
        "202105": "82.48",
        "202106": "89.40",
        "202107": "88.97",
        "202108": "93.63",
        "202109": "93.66",
        "202110": "86.90",
        "202111": "139.98",
        "202112": "306.30",
        "202201": "260.83",
        "202202": "282.17",
        "202203": "308.22",
        "202204": "310.89",
        "202205": "360.90",
        "202206": "455.60",
        "202207": "505.69",
        "202208": "575.96",
        "202209": "559.21",
        "202210": "463.30",
        "202211": "505.48",
        "202212": "511.64",
        "202301": "476.42",
        "202302": "499.61",
        "202303": "457.37",
        "202304": "407.00",
        "202305": "350.89",
        "202306": "338.50",
        "202307": "349.79",
        "202308": "336.68",
        "202309": "353.42"
    },
    "quarters": {
        "20011": {
            "year_quarter": 20011,
            "year": 2001,
            "quarter": 1,
            "eps": null,
            "eps_growth_year": null,
            "eps_4q": null,
            "eps_4q_growth_year": null,
            "roe": null,
            "roe_4q": 0,
            "gross_profit": null,
            "gross_margin": null,
            "gross_margin_4q_avg": 0,
            "net_income": null,
            "revenue": null,
            "common_shares": null,
            "book_valuer_per_share": null,
            "book_valuer_per_share_4q_avg": 0,
            "equity": null,
            "current_ratio": null,
            "debt_ratio": null,
            "inventory_turnover_ratio": null,
            "account_receivable_turnover_ratio": null,
            "reinvestment_rate": null,
            "research_to_sale_ratio": null,
            "price_fair": 0,
            "eps_avg_yearly": 0,
            "eps_latest_yearly": 0,
            "eps_growth_yearly": 0
        },
        "20012": {
            "year_quarter": 20012,
            "year": 2001,
            "quarter": 2,
            "eps": null,
            "eps_growth_year": null,
            "eps_4q": null,
            "eps_4q_growth_year": null,
            "roe": null,
            "roe_4q": 0,
            "gross_profit": null,
            "gross_margin": null,
            "gross_margin_4q_avg": 0,
            "net_income": null,
            "revenue": null,
            "common_shares": null,
            "book_valuer_per_share": null,
            "book_valuer_per_share_4q_avg": 0,
            "equity": null,
            "current_ratio": null,
            "debt_ratio": null,
            "inventory_turnover_ratio": null,
            "account_receivable_turnover_ratio": null,
            "reinvestment_rate": null,
            "research_to_sale_ratio": null,
            "price_fair": 0,
            "eps_avg_yearly": 0,
            "eps_latest_yearly": 0,
            "eps_growth_yearly": 0
        },
        "20013": {
            "year_quarter": 20013,
            "year": 2001,
            "quarter": 3,
            "eps": null,
            "eps_growth_year": null,
            "eps_4q": null,
            "eps_4q_growth_year": null,
            "roe": null,
            "roe_4q": 0,
            "gross_profit": null,
            "gross_margin": null,
            "gross_margin_4q_avg": 0,
            "net_income": null,
            "revenue": null,
            "common_shares": null,
            "book_valuer_per_share": null,
            "book_valuer_per_share_4q_avg": 0,
            "equity": null,
            "current_ratio": null,
            "debt_ratio": null,
            "inventory_turnover_ratio": null,
            "account_receivable_turnover_ratio": null,
            "reinvestment_rate": null,
            "research_to_sale_ratio": null,
            "price_fair": 0,
            "eps_avg_yearly": 0,
            "eps_latest_yearly": 0,
            "eps_growth_yearly": 0
        },
        "20014": {
            "year_quarter": 20014,
            "year": 2001,
            "quarter": 4,
            "eps": null,
            "eps_growth_year": null,
            "eps_4q": null,
            "eps_4q_growth_year": null,
            "roe": null,
            "roe_4q": 0,
            "gross_profit": null,
            "gross_margin": null,
            "gross_margin_4q_avg": 0,
            "net_income": null,
            "revenue": null,
            "common_shares": null,
            "book_valuer_per_share": null,
            "book_valuer_per_share_4q_avg": 0,
            "equity": null,
            "current_ratio": null,
            "debt_ratio": null,
            "inventory_turnover_ratio": null,
            "account_receivable_turnover_ratio": null,
            "reinvestment_rate": null,
            "research_to_sale_ratio": null,
            "price_fair": 0,
            "eps_avg_yearly": 0,
            "eps_latest_yearly": 0,
            "eps_growth_yearly": 0
        },
        "20021": {
            "year_quarter": 20021,
            "year": 2002,
            "quarter": 1,
            "eps": null,
            "eps_growth_year": null,
            "eps_4q": null,
            "eps_4q_growth_year": null,
            "roe": null,
            "roe_4q": 0,
            "gross_profit": null,
            "gross_margin": null,
            "gross_margin_4q_avg": 0,
            "net_income": null,
            "revenue": null,
            "common_shares": null,
            "book_valuer_per_share": null,
            "book_valuer_per_share_4q_avg": 0,
            "equity": null,
            "current_ratio": null,
            "debt_ratio": null,
            "inventory_turnover_ratio": null,
            "account_receivable_turnover_ratio": null,
            "reinvestment_rate": null,
            "research_to_sale_ratio": null,
            "price_fair": 0,
            "eps_avg_yearly": 0,
            "eps_latest_yearly": 0,
            "eps_growth_yearly": 0
        },
        "20022": {
            "year_quarter": 20022,
            "year": 2002,
            "quarter": 2,
            "eps": null,
            "eps_growth_year": null,
            "eps_4q": null,
            "eps_4q_growth_year": null,
            "roe": null,
            "roe_4q": 0,
            "gross_profit": null,
            "gross_margin": null,
            "gross_margin_4q_avg": 0,
            "net_income": null,
            "revenue": null,
            "common_shares": null,
            "book_valuer_per_share": null,
            "book_valuer_per_share_4q_avg": 0,
            "equity": null,
            "current_ratio": null,
            "debt_ratio": null,
            "inventory_turnover_ratio": null,
            "account_receivable_turnover_ratio": null,
            "reinvestment_rate": null,
            "research_to_sale_ratio": null,
            "price_fair": 0,
            "eps_avg_yearly": 0,
            "eps_latest_yearly": 0,
            "eps_growth_yearly": 0
        },
        "20023": {
            "year_quarter": 20023,
            "year": 2002,
            "quarter": 3,
            "eps": null,
            "eps_growth_year": null,
            "eps_4q": null,
            "eps_4q_growth_year": null,
            "roe": null,
            "roe_4q": 0,
            "gross_profit": null,
            "gross_margin": null,
            "gross_margin_4q_avg": 0,
            "net_income": null,
            "revenue": null,
            "common_shares": null,
            "book_valuer_per_share": null,
            "book_valuer_per_share_4q_avg": 0,
            "equity": null,
            "current_ratio": null,
            "debt_ratio": null,
            "inventory_turnover_ratio": null,
            "account_receivable_turnover_ratio": null,
            "reinvestment_rate": null,
            "research_to_sale_ratio": null,
            "price_fair": 0,
            "eps_avg_yearly": 0,
            "eps_latest_yearly": 0,
            "eps_growth_yearly": 0
        },
        "20024": {
            "year_quarter": 20024,
            "year": 2002,
            "quarter": 4,
            "eps": null,
            "eps_growth_year": null,
            "eps_4q": null,
            "eps_4q_growth_year": null,
            "roe": null,
            "roe_4q": 0,
            "gross_profit": null,
            "gross_margin": null,
            "gross_margin_4q_avg": 0,
            "net_income": null,
            "revenue": null,
            "common_shares": null,
            "book_valuer_per_share": null,
            "book_valuer_per_share_4q_avg": 0,
            "equity": null,
            "current_ratio": null,
            "debt_ratio": null,
            "inventory_turnover_ratio": null,
            "account_receivable_turnover_ratio": null,
            "reinvestment_rate": null,
            "research_to_sale_ratio": null,
            "price_fair": 0,
            "eps_avg_yearly": 0,
            "eps_latest_yearly": 0,
            "eps_growth_yearly": 0
        },
        "20031": {
            "year_quarter": 20031,
            "year": 2003,
            "quarter": 1,
            "eps": null,
            "eps_growth_year": null,
            "eps_4q": null,
            "eps_4q_growth_year": null,
            "roe": null,
            "roe_4q": 0,
            "gross_profit": null,
            "gross_margin": null,
            "gross_margin_4q_avg": 0,
            "net_income": null,
            "revenue": null,
            "common_shares": null,
            "book_valuer_per_share": null,
            "book_valuer_per_share_4q_avg": 0,
            "equity": null,
            "current_ratio": null,
            "debt_ratio": null,
            "inventory_turnover_ratio": null,
            "account_receivable_turnover_ratio": null,
            "reinvestment_rate": null,
            "research_to_sale_ratio": null,
            "price_fair": 0,
            "eps_avg_yearly": 0,
            "eps_latest_yearly": 0,
            "eps_growth_yearly": 0
        },
        "20032": {
            "year_quarter": 20032,
            "year": 2003,
            "quarter": 2,
            "eps": null,
            "eps_growth_year": null,
            "eps_4q": null,
            "eps_4q_growth_year": null,
            "roe": null,
            "roe_4q": 0,
            "gross_profit": null,
            "gross_margin": null,
            "gross_margin_4q_avg": 0,
            "net_income": null,
            "revenue": null,
            "common_shares": null,
            "book_valuer_per_share": null,
            "book_valuer_per_share_4q_avg": 0,
            "equity": null,
            "current_ratio": null,
            "debt_ratio": null,
            "inventory_turnover_ratio": null,
            "account_receivable_turnover_ratio": null,
            "reinvestment_rate": null,
            "research_to_sale_ratio": null,
            "price_fair": 0,
            "eps_avg_yearly": 0,
            "eps_latest_yearly": 0,
            "eps_growth_yearly": 0
        },
        "20033": {
            "year_quarter": 20033,
            "year": 2003,
            "quarter": 3,
            "eps": null,
            "eps_growth_year": null,
            "eps_4q": null,
            "eps_4q_growth_year": null,
            "roe": null,
            "roe_4q": 0,
            "gross_profit": null,
            "gross_margin": null,
            "gross_margin_4q_avg": 0,
            "net_income": null,
            "revenue": null,
            "common_shares": null,
            "book_valuer_per_share": null,
            "book_valuer_per_share_4q_avg": 0,
            "equity": null,
            "current_ratio": null,
            "debt_ratio": null,
            "inventory_turnover_ratio": null,
            "account_receivable_turnover_ratio": null,
            "reinvestment_rate": null,
            "research_to_sale_ratio": null,
            "price_fair": 0,
            "eps_avg_yearly": 0,
            "eps_latest_yearly": 0,
            "eps_growth_yearly": 0
        },
        "20034": {
            "year_quarter": 20034,
            "year": 2003,
            "quarter": 4,
            "eps": null,
            "eps_growth_year": null,
            "eps_4q": null,
            "eps_4q_growth_year": null,
            "roe": null,
            "roe_4q": 0,
            "gross_profit": null,
            "gross_margin": null,
            "gross_margin_4q_avg": 0,
            "net_income": null,
            "revenue": null,
            "common_shares": null,
            "book_valuer_per_share": null,
            "book_valuer_per_share_4q_avg": 0,
            "equity": null,
            "current_ratio": null,
            "debt_ratio": null,
            "inventory_turnover_ratio": null,
            "account_receivable_turnover_ratio": null,
            "reinvestment_rate": null,
            "research_to_sale_ratio": null,
            "price_fair": 0,
            "eps_avg_yearly": 0,
            "eps_latest_yearly": 0,
            "eps_growth_yearly": 0
        },
        "20041": {
            "year_quarter": 20041,
            "year": 2004,
            "quarter": 1,
            "eps": null,
            "eps_growth_year": null,
            "eps_4q": null,
            "eps_4q_growth_year": null,
            "roe": null,
            "roe_4q": 0,
            "gross_profit": null,
            "gross_margin": null,
            "gross_margin_4q_avg": 0,
            "net_income": null,
            "revenue": null,
            "common_shares": null,
            "book_valuer_per_share": null,
            "book_valuer_per_share_4q_avg": 0,
            "equity": null,
            "current_ratio": null,
            "debt_ratio": null,
            "inventory_turnover_ratio": null,
            "account_receivable_turnover_ratio": null,
            "reinvestment_rate": null,
            "research_to_sale_ratio": null,
            "price_fair": 0,
            "eps_avg_yearly": 0,
            "eps_latest_yearly": 0,
            "eps_growth_yearly": 0
        },
        "20042": {
            "year_quarter": 20042,
            "year": 2004,
            "quarter": 2,
            "eps": null,
            "eps_growth_year": null,
            "eps_4q": null,
            "eps_4q_growth_year": null,
            "roe": null,
            "roe_4q": 0,
            "gross_profit": null,
            "gross_margin": null,
            "gross_margin_4q_avg": 0,
            "net_income": null,
            "revenue": null,
            "common_shares": null,
            "book_valuer_per_share": null,
            "book_valuer_per_share_4q_avg": 0,
            "equity": null,
            "current_ratio": null,
            "debt_ratio": null,
            "inventory_turnover_ratio": null,
            "account_receivable_turnover_ratio": null,
            "reinvestment_rate": null,
            "research_to_sale_ratio": null,
            "price_fair": 0,
            "eps_avg_yearly": 0,
            "eps_latest_yearly": 0,
            "eps_growth_yearly": 0
        },
        "20043": {
            "year_quarter": 20043,
            "year": 2004,
            "quarter": 3,
            "eps": null,
            "eps_growth_year": null,
            "eps_4q": null,
            "eps_4q_growth_year": null,
            "roe": null,
            "roe_4q": 0,
            "gross_profit": null,
            "gross_margin": null,
            "gross_margin_4q_avg": 0,
            "net_income": null,
            "revenue": null,
            "common_shares": null,
            "book_valuer_per_share": null,
            "book_valuer_per_share_4q_avg": 0,
            "equity": null,
            "current_ratio": null,
            "debt_ratio": null,
            "inventory_turnover_ratio": null,
            "account_receivable_turnover_ratio": null,
            "reinvestment_rate": null,
            "research_to_sale_ratio": null,
            "price_fair": 0,
            "eps_avg_yearly": 0,
            "eps_latest_yearly": 0,
            "eps_growth_yearly": 0
        },
        "20044": {
            "year_quarter": 20044,
            "year": 2004,
            "quarter": 4,
            "eps": null,
            "eps_growth_year": null,
            "eps_4q": null,
            "eps_4q_growth_year": null,
            "roe": null,
            "roe_4q": 0,
            "gross_profit": null,
            "gross_margin": null,
            "gross_margin_4q_avg": 0,
            "net_income": null,
            "revenue": null,
            "common_shares": null,
            "book_valuer_per_share": null,
            "book_valuer_per_share_4q_avg": 0,
            "equity": null,
            "current_ratio": null,
            "debt_ratio": null,
            "inventory_turnover_ratio": null,
            "account_receivable_turnover_ratio": null,
            "reinvestment_rate": null,
            "research_to_sale_ratio": null,
            "price_fair": 0,
            "eps_avg_yearly": 0,
            "eps_latest_yearly": 0,
            "eps_growth_yearly": 0
        },
        "20051": {
            "year_quarter": 20051,
            "year": 2005,
            "quarter": 1,
            "eps": null,
            "eps_growth_year": null,
            "eps_4q": null,
            "eps_4q_growth_year": null,
            "roe": null,
            "roe_4q": 0,
            "gross_profit": null,
            "gross_margin": null,
            "gross_margin_4q_avg": 0,
            "net_income": null,
            "revenue": null,
            "common_shares": null,
            "book_valuer_per_share": null,
            "book_valuer_per_share_4q_avg": 0,
            "equity": null,
            "current_ratio": null,
            "debt_ratio": null,
            "inventory_turnover_ratio": null,
            "account_receivable_turnover_ratio": null,
            "reinvestment_rate": null,
            "research_to_sale_ratio": null,
            "price_fair": 0,
            "eps_avg_yearly": 0,
            "eps_latest_yearly": 0,
            "eps_growth_yearly": 0
        },
        "20052": {
            "year_quarter": 20052,
            "year": 2005,
            "quarter": 2,
            "eps": null,
            "eps_growth_year": null,
            "eps_4q": null,
            "eps_4q_growth_year": null,
            "roe": null,
            "roe_4q": 0,
            "gross_profit": null,
            "gross_margin": null,
            "gross_margin_4q_avg": 0,
            "net_income": null,
            "revenue": null,
            "common_shares": null,
            "book_valuer_per_share": null,
            "book_valuer_per_share_4q_avg": 0,
            "equity": null,
            "current_ratio": null,
            "debt_ratio": null,
            "inventory_turnover_ratio": null,
            "account_receivable_turnover_ratio": null,
            "reinvestment_rate": null,
            "research_to_sale_ratio": null,
            "price_fair": 0,
            "eps_avg_yearly": 0,
            "eps_latest_yearly": 0,
            "eps_growth_yearly": 0
        },
        "20053": {
            "year_quarter": 20053,
            "year": 2005,
            "quarter": 3,
            "eps": null,
            "eps_growth_year": null,
            "eps_4q": null,
            "eps_4q_growth_year": null,
            "roe": null,
            "roe_4q": 0,
            "gross_profit": null,
            "gross_margin": null,
            "gross_margin_4q_avg": 0,
            "net_income": null,
            "revenue": null,
            "common_shares": null,
            "book_valuer_per_share": null,
            "book_valuer_per_share_4q_avg": 0,
            "equity": null,
            "current_ratio": null,
            "debt_ratio": null,
            "inventory_turnover_ratio": null,
            "account_receivable_turnover_ratio": null,
            "reinvestment_rate": null,
            "research_to_sale_ratio": null,
            "price_fair": 0,
            "eps_avg_yearly": 0,
            "eps_latest_yearly": 0,
            "eps_growth_yearly": 0
        },
        "20054": {
            "year_quarter": 20054,
            "year": 2005,
            "quarter": 4,
            "eps": null,
            "eps_growth_year": null,
            "eps_4q": null,
            "eps_4q_growth_year": null,
            "roe": null,
            "roe_4q": 0,
            "gross_profit": null,
            "gross_margin": null,
            "gross_margin_4q_avg": 0,
            "net_income": null,
            "revenue": null,
            "common_shares": null,
            "book_valuer_per_share": null,
            "book_valuer_per_share_4q_avg": 0,
            "equity": null,
            "current_ratio": null,
            "debt_ratio": null,
            "inventory_turnover_ratio": null,
            "account_receivable_turnover_ratio": null,
            "reinvestment_rate": null,
            "research_to_sale_ratio": null,
            "price_fair": 0,
            "eps_avg_yearly": 0,
            "eps_latest_yearly": 0,
            "eps_growth_yearly": 0
        },
        "20061": {
            "year_quarter": 20061,
            "year": 2006,
            "quarter": 1,
            "eps": null,
            "eps_growth_year": null,
            "eps_4q": null,
            "eps_4q_growth_year": null,
            "roe": null,
            "roe_4q": 0,
            "gross_profit": null,
            "gross_margin": null,
            "gross_margin_4q_avg": 0,
            "net_income": null,
            "revenue": null,
            "common_shares": null,
            "book_valuer_per_share": null,
            "book_valuer_per_share_4q_avg": 0,
            "equity": null,
            "current_ratio": null,
            "debt_ratio": null,
            "inventory_turnover_ratio": null,
            "account_receivable_turnover_ratio": null,
            "reinvestment_rate": null,
            "research_to_sale_ratio": null,
            "price_fair": 0,
            "eps_avg_yearly": 0,
            "eps_latest_yearly": 0,
            "eps_growth_yearly": 0
        },
        "20062": {
            "year_quarter": 20062,
            "year": 2006,
            "quarter": 2,
            "eps": null,
            "eps_growth_year": null,
            "eps_4q": null,
            "eps_4q_growth_year": null,
            "roe": null,
            "roe_4q": 0,
            "gross_profit": null,
            "gross_margin": null,
            "gross_margin_4q_avg": 0,
            "net_income": null,
            "revenue": null,
            "common_shares": null,
            "book_valuer_per_share": null,
            "book_valuer_per_share_4q_avg": 0,
            "equity": null,
            "current_ratio": null,
            "debt_ratio": null,
            "inventory_turnover_ratio": null,
            "account_receivable_turnover_ratio": null,
            "reinvestment_rate": null,
            "research_to_sale_ratio": null,
            "price_fair": 0,
            "eps_avg_yearly": 0,
            "eps_latest_yearly": 0,
            "eps_growth_yearly": 0
        },
        "20063": {
            "year_quarter": 20063,
            "year": 2006,
            "quarter": 3,
            "eps": null,
            "eps_growth_year": null,
            "eps_4q": null,
            "eps_4q_growth_year": null,
            "roe": null,
            "roe_4q": 0,
            "gross_profit": null,
            "gross_margin": null,
            "gross_margin_4q_avg": 0,
            "net_income": null,
            "revenue": null,
            "common_shares": null,
            "book_valuer_per_share": null,
            "book_valuer_per_share_4q_avg": 0,
            "equity": null,
            "current_ratio": null,
            "debt_ratio": null,
            "inventory_turnover_ratio": null,
            "account_receivable_turnover_ratio": null,
            "reinvestment_rate": null,
            "research_to_sale_ratio": null,
            "price_fair": 0,
            "eps_avg_yearly": 0,
            "eps_latest_yearly": 0,
            "eps_growth_yearly": 0
        },
        "20064": {
            "year_quarter": 20064,
            "year": 2006,
            "quarter": 4,
            "eps": null,
            "eps_growth_year": null,
            "eps_4q": null,
            "eps_4q_growth_year": null,
            "roe": null,
            "roe_4q": 0,
            "gross_profit": null,
            "gross_margin": null,
            "gross_margin_4q_avg": 0,
            "net_income": null,
            "revenue": null,
            "common_shares": null,
            "book_valuer_per_share": null,
            "book_valuer_per_share_4q_avg": 0,
            "equity": null,
            "current_ratio": null,
            "debt_ratio": null,
            "inventory_turnover_ratio": null,
            "account_receivable_turnover_ratio": null,
            "reinvestment_rate": null,
            "research_to_sale_ratio": null,
            "price_fair": 0,
            "eps_avg_yearly": 0,
            "eps_latest_yearly": 0,
            "eps_growth_yearly": 0
        },
        "20071": {
            "year_quarter": 20071,
            "year": 2007,
            "quarter": 1,
            "eps": null,
            "eps_growth_year": null,
            "eps_4q": null,
            "eps_4q_growth_year": null,
            "roe": null,
            "roe_4q": 0,
            "gross_profit": null,
            "gross_margin": null,
            "gross_margin_4q_avg": 0,
            "net_income": null,
            "revenue": null,
            "common_shares": null,
            "book_valuer_per_share": null,
            "book_valuer_per_share_4q_avg": 0,
            "equity": null,
            "current_ratio": null,
            "debt_ratio": null,
            "inventory_turnover_ratio": null,
            "account_receivable_turnover_ratio": null,
            "reinvestment_rate": null,
            "research_to_sale_ratio": null,
            "price_fair": 0,
            "eps_avg_yearly": 0,
            "eps_latest_yearly": 0,
            "eps_growth_yearly": 0
        },
        "20072": {
            "year_quarter": 20072,
            "year": 2007,
            "quarter": 2,
            "eps": null,
            "eps_growth_year": null,
            "eps_4q": null,
            "eps_4q_growth_year": null,
            "roe": null,
            "roe_4q": 0,
            "gross_profit": null,
            "gross_margin": null,
            "gross_margin_4q_avg": 0,
            "net_income": null,
            "revenue": null,
            "common_shares": null,
            "book_valuer_per_share": null,
            "book_valuer_per_share_4q_avg": 0,
            "equity": null,
            "current_ratio": null,
            "debt_ratio": null,
            "inventory_turnover_ratio": null,
            "account_receivable_turnover_ratio": null,
            "reinvestment_rate": null,
            "research_to_sale_ratio": null,
            "price_fair": 0,
            "eps_avg_yearly": 0,
            "eps_latest_yearly": 0,
            "eps_growth_yearly": 0
        },
        "20073": {
            "year_quarter": 20073,
            "year": 2007,
            "quarter": 3,
            "eps": null,
            "eps_growth_year": null,
            "eps_4q": null,
            "eps_4q_growth_year": null,
            "roe": null,
            "roe_4q": 0,
            "gross_profit": null,
            "gross_margin": null,
            "gross_margin_4q_avg": 0,
            "net_income": null,
            "revenue": null,
            "common_shares": null,
            "book_valuer_per_share": null,
            "book_valuer_per_share_4q_avg": 0,
            "equity": null,
            "current_ratio": null,
            "debt_ratio": null,
            "inventory_turnover_ratio": null,
            "account_receivable_turnover_ratio": null,
            "reinvestment_rate": null,
            "research_to_sale_ratio": null,
            "price_fair": 0,
            "eps_avg_yearly": 0,
            "eps_latest_yearly": 0,
            "eps_growth_yearly": 0
        },
        "20074": {
            "year_quarter": 20074,
            "year": 2007,
            "quarter": 4,
            "eps": null,
            "eps_growth_year": null,
            "eps_4q": null,
            "eps_4q_growth_year": null,
            "roe": null,
            "roe_4q": 0,
            "gross_profit": null,
            "gross_margin": null,
            "gross_margin_4q_avg": 0,
            "net_income": null,
            "revenue": null,
            "common_shares": null,
            "book_valuer_per_share": null,
            "book_valuer_per_share_4q_avg": 0,
            "equity": null,
            "current_ratio": null,
            "debt_ratio": null,
            "inventory_turnover_ratio": null,
            "account_receivable_turnover_ratio": null,
            "reinvestment_rate": null,
            "research_to_sale_ratio": null,
            "price_fair": 0,
            "eps_avg_yearly": 0,
            "eps_latest_yearly": 0,
            "eps_growth_yearly": 0
        },
        "20081": {
            "year_quarter": 20081,
            "year": 2008,
            "quarter": 1,
            "eps": null,
            "eps_growth_year": null,
            "eps_4q": null,
            "eps_4q_growth_year": null,
            "roe": null,
            "roe_4q": 0,
            "gross_profit": null,
            "gross_margin": null,
            "gross_margin_4q_avg": 0,
            "net_income": null,
            "revenue": null,
            "common_shares": null,
            "book_valuer_per_share": null,
            "book_valuer_per_share_4q_avg": 0,
            "equity": null,
            "current_ratio": null,
            "debt_ratio": null,
            "inventory_turnover_ratio": null,
            "account_receivable_turnover_ratio": null,
            "reinvestment_rate": null,
            "research_to_sale_ratio": null,
            "price_fair": 0,
            "eps_avg_yearly": 0,
            "eps_latest_yearly": 0,
            "eps_growth_yearly": 0
        },
        "20082": {
            "year_quarter": 20082,
            "year": 2008,
            "quarter": 2,
            "eps": null,
            "eps_growth_year": null,
            "eps_4q": null,
            "eps_4q_growth_year": null,
            "roe": null,
            "roe_4q": 0,
            "gross_profit": null,
            "gross_margin": null,
            "gross_margin_4q_avg": 0,
            "net_income": null,
            "revenue": null,
            "common_shares": null,
            "book_valuer_per_share": null,
            "book_valuer_per_share_4q_avg": 0,
            "equity": null,
            "current_ratio": null,
            "debt_ratio": null,
            "inventory_turnover_ratio": null,
            "account_receivable_turnover_ratio": null,
            "reinvestment_rate": null,
            "research_to_sale_ratio": null,
            "price_fair": 0,
            "eps_avg_yearly": 0,
            "eps_latest_yearly": 0,
            "eps_growth_yearly": 0
        },
        "20083": {
            "year_quarter": 20083,
            "year": 2008,
            "quarter": 3,
            "eps": null,
            "eps_growth_year": null,
            "eps_4q": null,
            "eps_4q_growth_year": null,
            "roe": null,
            "roe_4q": 0,
            "gross_profit": null,
            "gross_margin": null,
            "gross_margin_4q_avg": 0,
            "net_income": null,
            "revenue": null,
            "common_shares": null,
            "book_valuer_per_share": null,
            "book_valuer_per_share_4q_avg": 0,
            "equity": null,
            "current_ratio": null,
            "debt_ratio": null,
            "inventory_turnover_ratio": null,
            "account_receivable_turnover_ratio": null,
            "reinvestment_rate": null,
            "research_to_sale_ratio": null,
            "price_fair": 0,
            "eps_avg_yearly": 0,
            "eps_latest_yearly": 0,
            "eps_growth_yearly": 0
        },
        "20084": {
            "year_quarter": 20084,
            "year": 2008,
            "quarter": 4,
            "eps": null,
            "eps_growth_year": null,
            "eps_4q": null,
            "eps_4q_growth_year": null,
            "roe": null,
            "roe_4q": 0,
            "gross_profit": null,
            "gross_margin": null,
            "gross_margin_4q_avg": 0,
            "net_income": null,
            "revenue": null,
            "common_shares": null,
            "book_valuer_per_share": null,
            "book_valuer_per_share_4q_avg": 0,
            "equity": null,
            "current_ratio": null,
            "debt_ratio": null,
            "inventory_turnover_ratio": null,
            "account_receivable_turnover_ratio": null,
            "reinvestment_rate": null,
            "research_to_sale_ratio": null,
            "price_fair": 0,
            "eps_avg_yearly": 0,
            "eps_latest_yearly": 0,
            "eps_growth_yearly": 0
        },
        "20091": {
            "year_quarter": 20091,
            "year": 2009,
            "quarter": 1,
            "eps": null,
            "eps_growth_year": null,
            "eps_4q": null,
            "eps_4q_growth_year": null,
            "roe": null,
            "roe_4q": 0,
            "gross_profit": null,
            "gross_margin": null,
            "gross_margin_4q_avg": 0,
            "net_income": null,
            "revenue": null,
            "common_shares": null,
            "book_valuer_per_share": null,
            "book_valuer_per_share_4q_avg": 0,
            "equity": null,
            "current_ratio": null,
            "debt_ratio": null,
            "inventory_turnover_ratio": null,
            "account_receivable_turnover_ratio": null,
            "reinvestment_rate": null,
            "research_to_sale_ratio": null,
            "price_fair": 0,
            "eps_avg_yearly": 0,
            "eps_latest_yearly": 0,
            "eps_growth_yearly": 0
        },
        "20092": {
            "year_quarter": 20092,
            "year": 2009,
            "quarter": 2,
            "eps": null,
            "eps_growth_year": null,
            "eps_4q": null,
            "eps_4q_growth_year": null,
            "roe": null,
            "roe_4q": 0,
            "gross_profit": null,
            "gross_margin": null,
            "gross_margin_4q_avg": 0,
            "net_income": null,
            "revenue": null,
            "common_shares": null,
            "book_valuer_per_share": null,
            "book_valuer_per_share_4q_avg": 0,
            "equity": null,
            "current_ratio": null,
            "debt_ratio": null,
            "inventory_turnover_ratio": null,
            "account_receivable_turnover_ratio": null,
            "reinvestment_rate": null,
            "research_to_sale_ratio": null,
            "price_fair": 0,
            "eps_avg_yearly": 0,
            "eps_latest_yearly": 0,
            "eps_growth_yearly": 0
        },
        "20093": {
            "year_quarter": 20093,
            "year": 2009,
            "quarter": 3,
            "eps": null,
            "eps_growth_year": null,
            "eps_4q": null,
            "eps_4q_growth_year": null,
            "roe": null,
            "roe_4q": 0,
            "gross_profit": null,
            "gross_margin": null,
            "gross_margin_4q_avg": 0,
            "net_income": null,
            "revenue": null,
            "common_shares": null,
            "book_valuer_per_share": null,
            "book_valuer_per_share_4q_avg": 0,
            "equity": null,
            "current_ratio": null,
            "debt_ratio": null,
            "inventory_turnover_ratio": null,
            "account_receivable_turnover_ratio": null,
            "reinvestment_rate": null,
            "research_to_sale_ratio": null,
            "price_fair": 0,
            "eps_avg_yearly": 0,
            "eps_latest_yearly": 0,
            "eps_growth_yearly": 0
        },
        "20094": {
            "year_quarter": 20094,
            "year": 2009,
            "quarter": 4,
            "eps": null,
            "eps_growth_year": null,
            "eps_4q": null,
            "eps_4q_growth_year": null,
            "roe": null,
            "roe_4q": 0,
            "gross_profit": null,
            "gross_margin": null,
            "gross_margin_4q_avg": 0,
            "net_income": null,
            "revenue": null,
            "common_shares": null,
            "book_valuer_per_share": null,
            "book_valuer_per_share_4q_avg": 0,
            "equity": null,
            "current_ratio": null,
            "debt_ratio": null,
            "inventory_turnover_ratio": null,
            "account_receivable_turnover_ratio": null,
            "reinvestment_rate": null,
            "research_to_sale_ratio": null,
            "price_fair": 0,
            "eps_avg_yearly": 0,
            "eps_latest_yearly": 0,
            "eps_growth_yearly": 0
        },
        "20101": {
            "year_quarter": 20101,
            "year": 2010,
            "quarter": 1,
            "eps": null,
            "eps_growth_year": null,
            "eps_4q": null,
            "eps_4q_growth_year": null,
            "roe": null,
            "roe_4q": 0,
            "gross_profit": null,
            "gross_margin": null,
            "gross_margin_4q_avg": 0,
            "net_income": null,
            "revenue": null,
            "common_shares": null,
            "book_valuer_per_share": null,
            "book_valuer_per_share_4q_avg": 0,
            "equity": null,
            "current_ratio": null,
            "debt_ratio": null,
            "inventory_turnover_ratio": null,
            "account_receivable_turnover_ratio": null,
            "reinvestment_rate": null,
            "research_to_sale_ratio": null,
            "price_fair": 0,
            "eps_avg_yearly": 0,
            "eps_latest_yearly": 0,
            "eps_growth_yearly": 0
        },
        "20102": {
            "year_quarter": 20102,
            "year": 2010,
            "quarter": 2,
            "eps": null,
            "eps_growth_year": null,
            "eps_4q": null,
            "eps_4q_growth_year": null,
            "roe": null,
            "roe_4q": 0,
            "gross_profit": null,
            "gross_margin": null,
            "gross_margin_4q_avg": 0,
            "net_income": null,
            "revenue": null,
            "common_shares": null,
            "book_valuer_per_share": null,
            "book_valuer_per_share_4q_avg": 0,
            "equity": null,
            "current_ratio": null,
            "debt_ratio": null,
            "inventory_turnover_ratio": null,
            "account_receivable_turnover_ratio": null,
            "reinvestment_rate": null,
            "research_to_sale_ratio": null,
            "price_fair": 0,
            "eps_avg_yearly": 0,
            "eps_latest_yearly": 0,
            "eps_growth_yearly": 0
        },
        "20103": {
            "year_quarter": 20103,
            "year": 2010,
            "quarter": 3,
            "eps": null,
            "eps_growth_year": null,
            "eps_4q": null,
            "eps_4q_growth_year": null,
            "roe": null,
            "roe_4q": 0,
            "gross_profit": null,
            "gross_margin": null,
            "gross_margin_4q_avg": 0,
            "net_income": null,
            "revenue": null,
            "common_shares": null,
            "book_valuer_per_share": null,
            "book_valuer_per_share_4q_avg": 0,
            "equity": null,
            "current_ratio": null,
            "debt_ratio": null,
            "inventory_turnover_ratio": null,
            "account_receivable_turnover_ratio": null,
            "reinvestment_rate": null,
            "research_to_sale_ratio": null,
            "price_fair": 0,
            "eps_avg_yearly": 0,
            "eps_latest_yearly": 0,
            "eps_growth_yearly": 0
        },
        "20104": {
            "year_quarter": 20104,
            "year": 2010,
            "quarter": 4,
            "eps": null,
            "eps_growth_year": null,
            "eps_4q": null,
            "eps_4q_growth_year": null,
            "roe": null,
            "roe_4q": 0,
            "gross_profit": null,
            "gross_margin": null,
            "gross_margin_4q_avg": 0,
            "net_income": null,
            "revenue": null,
            "common_shares": 1208985,
            "book_valuer_per_share": 2.02,
            "book_valuer_per_share_4q_avg": 0.51,
            "equity": 244187,
            "current_ratio": 266.37,
            "debt_ratio": 21.27,
            "inventory_turnover_ratio": null,
            "account_receivable_turnover_ratio": null,
            "reinvestment_rate": null,
            "research_to_sale_ratio": null,
            "price_fair": 0,
            "eps_avg_yearly": 0,
            "eps_latest_yearly": 0,
            "eps_growth_yearly": 0
        },
        "20111": {
            "year_quarter": 20111,
            "year": 2011,
            "quarter": 1,
            "eps": null,
            "eps_growth_year": null,
            "eps_4q": null,
            "eps_4q_growth_year": null,
            "roe": null,
            "roe_4q": 0,
            "gross_profit": null,
            "gross_margin": null,
            "gross_margin_4q_avg": 0,
            "net_income": null,
            "revenue": null,
            "common_shares": null,
            "book_valuer_per_share": null,
            "book_valuer_per_share_4q_avg": 0.51,
            "equity": null,
            "current_ratio": null,
            "debt_ratio": null,
            "inventory_turnover_ratio": null,
            "account_receivable_turnover_ratio": null,
            "reinvestment_rate": null,
            "research_to_sale_ratio": null,
            "price_fair": 0,
            "eps_avg_yearly": 0,
            "eps_latest_yearly": 0,
            "eps_growth_yearly": 0
        },
        "20112": {
            "year_quarter": 20112,
            "year": 2011,
            "quarter": 2,
            "eps": null,
            "eps_growth_year": null,
            "eps_4q": null,
            "eps_4q_growth_year": null,
            "roe": null,
            "roe_4q": 0,
            "gross_profit": null,
            "gross_margin": null,
            "gross_margin_4q_avg": 0,
            "net_income": null,
            "revenue": null,
            "common_shares": null,
            "book_valuer_per_share": null,
            "book_valuer_per_share_4q_avg": 0.51,
            "equity": null,
            "current_ratio": null,
            "debt_ratio": null,
            "inventory_turnover_ratio": null,
            "account_receivable_turnover_ratio": null,
            "reinvestment_rate": null,
            "research_to_sale_ratio": null,
            "price_fair": 0,
            "eps_avg_yearly": 0,
            "eps_latest_yearly": 0,
            "eps_growth_yearly": 0
        },
        "20113": {
            "year_quarter": 20113,
            "year": 2011,
            "quarter": 3,
            "eps": null,
            "eps_growth_year": null,
            "eps_4q": null,
            "eps_4q_growth_year": null,
            "roe": null,
            "roe_4q": 0,
            "gross_profit": null,
            "gross_margin": null,
            "gross_margin_4q_avg": 0,
            "net_income": null,
            "revenue": null,
            "common_shares": null,
            "book_valuer_per_share": null,
            "book_valuer_per_share_4q_avg": 0.51,
            "equity": null,
            "current_ratio": null,
            "debt_ratio": null,
            "inventory_turnover_ratio": null,
            "account_receivable_turnover_ratio": null,
            "reinvestment_rate": null,
            "research_to_sale_ratio": null,
            "price_fair": 0,
            "eps_avg_yearly": 0,
            "eps_latest_yearly": 0,
            "eps_growth_yearly": 0
        },
        "20114": {
            "year_quarter": 20114,
            "year": 2011,
            "quarter": 4,
            "eps": null,
            "eps_growth_year": null,
            "eps_4q": null,
            "eps_4q_growth_year": null,
            "roe": null,
            "roe_4q": 0,
            "gross_profit": null,
            "gross_margin": null,
            "gross_margin_4q_avg": 0,
            "net_income": null,
            "revenue": null,
            "common_shares": 1208985,
            "book_valuer_per_share": 0.34,
            "book_valuer_per_share_4q_avg": 0.09,
            "equity": 40531,
            "current_ratio": 74.43,
            "debt_ratio": 89.24,
            "inventory_turnover_ratio": null,
            "account_receivable_turnover_ratio": null,
            "reinvestment_rate": null,
            "research_to_sale_ratio": null,
            "price_fair": 0,
            "eps_avg_yearly": 0,
            "eps_latest_yearly": 0,
            "eps_growth_yearly": 0
        },
        "20121": {
            "year_quarter": 20121,
            "year": 2012,
            "quarter": 1,
            "eps": null,
            "eps_growth_year": null,
            "eps_4q": null,
            "eps_4q_growth_year": null,
            "roe": null,
            "roe_4q": 0,
            "gross_profit": null,
            "gross_margin": null,
            "gross_margin_4q_avg": 0,
            "net_income": null,
            "revenue": null,
            "common_shares": null,
            "book_valuer_per_share": null,
            "book_valuer_per_share_4q_avg": 0.09,
            "equity": null,
            "current_ratio": null,
            "debt_ratio": null,
            "inventory_turnover_ratio": null,
            "account_receivable_turnover_ratio": null,
            "reinvestment_rate": null,
            "research_to_sale_ratio": null,
            "price_fair": 0,
            "eps_avg_yearly": 0,
            "eps_latest_yearly": 0,
            "eps_growth_yearly": 0
        },
        "20122": {
            "year_quarter": 20122,
            "year": 2012,
            "quarter": 2,
            "eps": null,
            "eps_growth_year": null,
            "eps_4q": null,
            "eps_4q_growth_year": null,
            "roe": null,
            "roe_4q": 0,
            "gross_profit": null,
            "gross_margin": null,
            "gross_margin_4q_avg": 0,
            "net_income": null,
            "revenue": null,
            "common_shares": 1208985,
            "book_valuer_per_share": null,
            "book_valuer_per_share_4q_avg": 0.09,
            "equity": -84547,
            "current_ratio": null,
            "debt_ratio": null,
            "inventory_turnover_ratio": null,
            "account_receivable_turnover_ratio": null,
            "reinvestment_rate": null,
            "research_to_sale_ratio": null,
            "price_fair": 0,
            "eps_avg_yearly": 0,
            "eps_latest_yearly": 0,
            "eps_growth_yearly": 0
        },
        "20123": {
            "year_quarter": 20123,
            "year": 2012,
            "quarter": 3,
            "eps": null,
            "eps_growth_year": null,
            "eps_4q": null,
            "eps_4q_growth_year": null,
            "roe": null,
            "roe_4q": 0,
            "gross_profit": null,
            "gross_margin": null,
            "gross_margin_4q_avg": 0,
            "net_income": null,
            "revenue": null,
            "common_shares": null,
            "book_valuer_per_share": null,
            "book_valuer_per_share_4q_avg": 0.09,
            "equity": null,
            "current_ratio": null,
            "debt_ratio": null,
            "inventory_turnover_ratio": null,
            "account_receivable_turnover_ratio": null,
            "reinvestment_rate": null,
            "research_to_sale_ratio": null,
            "price_fair": 0,
            "eps_avg_yearly": 0,
            "eps_latest_yearly": 0,
            "eps_growth_yearly": 0
        },
        "20124": {
            "year_quarter": 20124,
            "year": 2012,
            "quarter": 4,
            "eps": null,
            "eps_growth_year": null,
            "eps_4q": null,
            "eps_4q_growth_year": null,
            "roe": null,
            "roe_4q": 0,
            "gross_profit": null,
            "gross_margin": null,
            "gross_margin_4q_avg": 0,
            "net_income": null,
            "revenue": null,
            "common_shares": 1681000,
            "book_valuer_per_share": 3.27,
            "book_valuer_per_share_4q_avg": 0.82,
            "equity": 548941,
            "current_ratio": 239.75,
            "debt_ratio": 25.19,
            "inventory_turnover_ratio": null,
            "account_receivable_turnover_ratio": null,
            "reinvestment_rate": null,
            "research_to_sale_ratio": null,
            "price_fair": 0,
            "eps_avg_yearly": 0,
            "eps_latest_yearly": 0,
            "eps_growth_yearly": 0
        },
        "20131": {
            "year_quarter": 20131,
            "year": 2013,
            "quarter": 1,
            "eps": null,
            "eps_growth_year": null,
            "eps_4q": null,
            "eps_4q_growth_year": null,
            "roe": null,
            "roe_4q": 0,
            "gross_profit": null,
            "gross_margin": null,
            "gross_margin_4q_avg": 0,
            "net_income": null,
            "revenue": null,
            "common_shares": null,
            "book_valuer_per_share": null,
            "book_valuer_per_share_4q_avg": 0.82,
            "equity": null,
            "current_ratio": null,
            "debt_ratio": null,
            "inventory_turnover_ratio": null,
            "account_receivable_turnover_ratio": null,
            "reinvestment_rate": null,
            "research_to_sale_ratio": null,
            "price_fair": 0,
            "eps_avg_yearly": 0,
            "eps_latest_yearly": 0,
            "eps_growth_yearly": 0
        },
        "20132": {
            "year_quarter": 20132,
            "year": 2013,
            "quarter": 2,
            "eps": null,
            "eps_growth_year": null,
            "eps_4q": null,
            "eps_4q_growth_year": null,
            "roe": null,
            "roe_4q": 0,
            "gross_profit": null,
            "gross_margin": null,
            "gross_margin_4q_avg": 0,
            "net_income": null,
            "revenue": null,
            "common_shares": 1681000,
            "book_valuer_per_share": 4.53,
            "book_valuer_per_share_4q_avg": 1.95,
            "equity": 778598,
            "current_ratio": 1390.75,
            "debt_ratio": 4.71,
            "inventory_turnover_ratio": null,
            "account_receivable_turnover_ratio": null,
            "reinvestment_rate": null,
            "research_to_sale_ratio": null,
            "price_fair": 0,
            "eps_avg_yearly": 0,
            "eps_latest_yearly": 0,
            "eps_growth_yearly": 0
        },
        "20133": {
            "year_quarter": 20133,
            "year": 2013,
            "quarter": 3,
            "eps": null,
            "eps_growth_year": null,
            "eps_4q": null,
            "eps_4q_growth_year": null,
            "roe": null,
            "roe_4q": 0,
            "gross_profit": null,
            "gross_margin": null,
            "gross_margin_4q_avg": 0,
            "net_income": null,
            "revenue": null,
            "common_shares": null,
            "book_valuer_per_share": null,
            "book_valuer_per_share_4q_avg": 1.95,
            "equity": null,
            "current_ratio": null,
            "debt_ratio": null,
            "inventory_turnover_ratio": null,
            "account_receivable_turnover_ratio": null,
            "reinvestment_rate": null,
            "research_to_sale_ratio": null,
            "price_fair": 0,
            "eps_avg_yearly": 0,
            "eps_latest_yearly": 0,
            "eps_growth_yearly": 0
        },
        "20134": {
            "year_quarter": 20134,
            "year": 2013,
            "quarter": 4,
            "eps": null,
            "eps_growth_year": null,
            "eps_4q": null,
            "eps_4q_growth_year": null,
            "roe": null,
            "roe_4q": 0,
            "gross_profit": null,
            "gross_margin": null,
            "gross_margin_4q_avg": 0,
            "net_income": null,
            "revenue": null,
            "common_shares": 1868520,
            "book_valuer_per_share": 11.34,
            "book_valuer_per_share_4q_avg": 3.97,
            "equity": 2129611,
            "current_ratio": 2484.4,
            "debt_ratio": 3.53,
            "inventory_turnover_ratio": null,
            "account_receivable_turnover_ratio": null,
            "reinvestment_rate": null,
            "research_to_sale_ratio": null,
            "price_fair": 0,
            "eps_avg_yearly": 0,
            "eps_latest_yearly": 0,
            "eps_growth_yearly": 0
        },
        "20141": {
            "year_quarter": 20141,
            "year": 2014,
            "quarter": 1,
            "eps": null,
            "eps_growth_year": null,
            "eps_4q": null,
            "eps_4q_growth_year": null,
            "roe": null,
            "roe_4q": 0,
            "gross_profit": null,
            "gross_margin": null,
            "gross_margin_4q_avg": 0,
            "net_income": null,
            "revenue": null,
            "common_shares": null,
            "book_valuer_per_share": null,
            "book_valuer_per_share_4q_avg": 3.97,
            "equity": null,
            "current_ratio": null,
            "debt_ratio": null,
            "inventory_turnover_ratio": null,
            "account_receivable_turnover_ratio": null,
            "reinvestment_rate": null,
            "research_to_sale_ratio": null,
            "price_fair": 0,
            "eps_avg_yearly": 0,
            "eps_latest_yearly": 0,
            "eps_growth_yearly": 0
        },
        "20142": {
            "year_quarter": 20142,
            "year": 2014,
            "quarter": 2,
            "eps": null,
            "eps_growth_year": null,
            "eps_4q": null,
            "eps_4q_growth_year": null,
            "roe": null,
            "roe_4q": 0,
            "gross_profit": null,
            "gross_margin": null,
            "gross_margin_4q_avg": 0,
            "net_income": null,
            "revenue": null,
            "common_shares": 1877310,
            "book_valuer_per_share": 9.57,
            "book_valuer_per_share_4q_avg": 5.23,
            "equity": 1816274,
            "current_ratio": 1658.37,
            "debt_ratio": 10.28,
            "inventory_turnover_ratio": null,
            "account_receivable_turnover_ratio": null,
            "reinvestment_rate": null,
            "research_to_sale_ratio": null,
            "price_fair": 0,
            "eps_avg_yearly": 0,
            "eps_latest_yearly": 0,
            "eps_growth_yearly": 0
        },
        "20143": {
            "year_quarter": 20143,
            "year": 2014,
            "quarter": 3,
            "eps": null,
            "eps_growth_year": null,
            "eps_4q": null,
            "eps_4q_growth_year": null,
            "roe": null,
            "roe_4q": 0,
            "gross_profit": 284,
            "gross_margin": null,
            "gross_margin_4q_avg": 0,
            "net_income": -188483,
            "revenue": 2333,
            "common_shares": 1883618,
            "book_valuer_per_share": 8.89,
            "book_valuer_per_share_4q_avg": 7.45,
            "equity": 1675418,
            "current_ratio": 2382.04,
            "debt_ratio": 9.1,
            "inventory_turnover_ratio": null,
            "account_receivable_turnover_ratio": null,
            "reinvestment_rate": null,
            "research_to_sale_ratio": null,
            "price_fair": 0,
            "eps_avg_yearly": 0,
            "eps_latest_yearly": 0,
            "eps_growth_yearly": 0
        },
        "20144": {
            "year_quarter": 20144,
            "year": 2014,
            "quarter": 4,
            "eps": null,
            "eps_growth_year": null,
            "eps_4q": null,
            "eps_4q_growth_year": null,
            "roe": null,
            "roe_4q": 0,
            "gross_profit": -1669,
            "gross_margin": null,
            "gross_margin_4q_avg": 0,
            "net_income": -250169,
            "revenue": 860,
            "common_shares": 1888828,
            "book_valuer_per_share": 7.76,
            "book_valuer_per_share_4q_avg": 6.56,
            "equity": 1468565,
            "current_ratio": 1474.04,
            "debt_ratio": 11.47,
            "inventory_turnover_ratio": null,
            "account_receivable_turnover_ratio": null,
            "reinvestment_rate": null,
            "research_to_sale_ratio": null,
            "price_fair": 0,
            "eps_avg_yearly": 0,
            "eps_latest_yearly": 0,
            "eps_growth_yearly": 0
        },
        "20151": {
            "year_quarter": 20151,
            "year": 2015,
            "quarter": 1,
            "eps": null,
            "eps_growth_year": null,
            "eps_4q": null,
            "eps_4q_growth_year": null,
            "roe": null,
            "roe_4q": 0,
            "gross_profit": -6018,
            "gross_margin": null,
            "gross_margin_4q_avg": 0,
            "net_income": -150304,
            "revenue": 1116,
            "common_shares": 1891822,
            "book_valuer_per_share": 7.07,
            "book_valuer_per_share_4q_avg": 8.32,
            "equity": 1338206,
            "current_ratio": 1994.85,
            "debt_ratio": 10.68,
            "inventory_turnover_ratio": null,
            "account_receivable_turnover_ratio": null,
            "reinvestment_rate": null,
            "research_to_sale_ratio": null,
            "price_fair": 0,
            "eps_avg_yearly": 0,
            "eps_latest_yearly": 0,
            "eps_growth_yearly": 0
        },
        "20152": {
            "year_quarter": 20152,
            "year": 2015,
            "quarter": 2,
            "eps": -1.13,
            "eps_growth_year": null,
            "eps_4q": -1.13,
            "eps_4q_growth_year": null,
            "roe": -17.34,
            "roe_4q": -17.34,
            "gross_profit": -2552,
            "gross_margin": -59.86,
            "gross_margin_4q_avg": -14.97,
            "net_income": -215324,
            "revenue": 4263,
            "common_shares": 1897121,
            "book_valuer_per_share": 6.03,
            "book_valuer_per_share_4q_avg": 7.44,
            "equity": 1145801,
            "current_ratio": 703.96,
            "debt_ratio": 17.27,
            "inventory_turnover_ratio": 0.15,
            "account_receivable_turnover_ratio": 2.01,
            "reinvestment_rate": null,
            "research_to_sale_ratio": null,
            "price_fair": 0,
            "eps_avg_yearly": 0,
            "eps_latest_yearly": 0,
            "eps_growth_yearly": 0
        },
        "20153": {
            "year_quarter": 20153,
            "year": 2015,
            "quarter": 3,
            "eps": null,
            "eps_growth_year": null,
            "eps_4q": null,
            "eps_4q_growth_year": null,
            "roe": null,
            "roe_4q": -17.34,
            "gross_profit": -1665,
            "gross_margin": null,
            "gross_margin_4q_avg": -14.97,
            "net_income": -202712,
            "revenue": 2786,
            "common_shares": 1899542,
            "book_valuer_per_share": 5.06,
            "book_valuer_per_share_4q_avg": 6.48,
            "equity": 961534,
            "current_ratio": 425.31,
            "debt_ratio": 23.58,
            "inventory_turnover_ratio": null,
            "account_receivable_turnover_ratio": null,
            "reinvestment_rate": null,
            "research_to_sale_ratio": null,
            "price_fair": 0,
            "eps_avg_yearly": 0,
            "eps_latest_yearly": 0,
            "eps_growth_yearly": 0
        },
        "20154": {
            "year_quarter": 20154,
            "year": 2015,
            "quarter": 4,
            "eps": null,
            "eps_growth_year": null,
            "eps_4q": null,
            "eps_4q_growth_year": null,
            "roe": null,
            "roe_4q": -17.34,
            "gross_profit": -20231,
            "gross_margin": null,
            "gross_margin_4q_avg": -14.97,
            "net_income": -284861,
            "revenue": 3424,
            "common_shares": 1902832,
            "book_valuer_per_share": 3.62,
            "book_valuer_per_share_4q_avg": 5.45,
            "equity": 689561,
            "current_ratio": 242.87,
            "debt_ratio": 33.73,
            "inventory_turnover_ratio": null,
            "account_receivable_turnover_ratio": null,
            "reinvestment_rate": null,
            "research_to_sale_ratio": null,
            "price_fair": 0,
            "eps_avg_yearly": 0,
            "eps_latest_yearly": 0,
            "eps_growth_yearly": 0
        },
        "20161": {
            "year_quarter": 20161,
            "year": 2016,
            "quarter": 1,
            "eps": -0.88,
            "eps_growth_year": null,
            "eps_4q": -1.96,
            "eps_4q_growth_year": null,
            "roe": -16.92,
            "roe_4q": -34.260000000000005,
            "gross_profit": -388,
            "gross_margin": -75.78,
            "gross_margin_4q_avg": -33.91,
            "net_income": -166985,
            "revenue": 512,
            "common_shares": 1952832,
            "book_valuer_per_share": 6.57,
            "book_valuer_per_share_4q_avg": 5.32,
            "equity": 1283718,
            "current_ratio": 585.61,
            "debt_ratio": 18.9,
            "inventory_turnover_ratio": 0.04,
            "account_receivable_turnover_ratio": 2.11,
            "reinvestment_rate": null,
            "research_to_sale_ratio": 26828.52,
            "price_fair": 0,
            "eps_avg_yearly": 0,
            "eps_latest_yearly": 0,
            "eps_growth_yearly": 0
        },
        "20162": {
            "year_quarter": 20162,
            "year": 2016,
            "quarter": 2,
            "eps": -1.07,
            "eps_growth_year": null,
            "eps_4q": -1.91,
            "eps_4q_growth_year": null,
            "roe": -16.52,
            "roe_4q": -33.44,
            "gross_profit": 2177,
            "gross_margin": 97.97,
            "gross_margin_4q_avg": 5.55,
            "net_income": -210644,
            "revenue": 2222,
            "common_shares": 1981301,
            "book_valuer_per_share": 6.39,
            "book_valuer_per_share_4q_avg": 5.41,
            "equity": 1266618,
            "current_ratio": 1576.91,
            "debt_ratio": 11.52,
            "inventory_turnover_ratio": 0,
            "account_receivable_turnover_ratio": 72.85,
            "reinvestment_rate": null,
            "research_to_sale_ratio": 7586.81,
            "price_fair": 0,
            "eps_avg_yearly": 0,
            "eps_latest_yearly": 0,
            "eps_growth_yearly": 0
        },
        "20163": {
            "year_quarter": 20163,
            "year": 2016,
            "quarter": 3,
            "eps": -1.06,
            "eps_growth_year": null,
            "eps_4q": -2.78,
            "eps_4q_growth_year": null,
            "roe": -7.99,
            "roe_4q": -41.43,
            "gross_profit": 2796,
            "gross_margin": 251.44,
            "gross_margin_4q_avg": 68.41,
            "net_income": -229455,
            "revenue": 1112,
            "common_shares": 2183487,
            "book_valuer_per_share": 20.51,
            "book_valuer_per_share_4q_avg": 9.27,
            "equity": 4479067,
            "current_ratio": 5094.12,
            "debt_ratio": 3.94,
            "inventory_turnover_ratio": -0.07,
            "account_receivable_turnover_ratio": 3.3,
            "reinvestment_rate": null,
            "research_to_sale_ratio": 15994.78,
            "price_fair": 0,
            "eps_avg_yearly": 0,
            "eps_latest_yearly": 0,
            "eps_growth_yearly": 0
        },
        "20164": {
            "year_quarter": 20164,
            "year": 2016,
            "quarter": 4,
            "eps": -1.09,
            "eps_growth_year": null,
            "eps_4q": -3.87,
            "eps_4q_growth_year": null,
            "roe": -5.44,
            "roe_4q": -46.870000000000005,
            "gross_profit": -249,
            "gross_margin": -15.3,
            "gross_margin_4q_avg": 64.58,
            "net_income": -237834,
            "revenue": 1627,
            "common_shares": 2184601,
            "book_valuer_per_share": 19.55,
            "book_valuer_per_share_4q_avg": 13.26,
            "equity": 4270385,
            "current_ratio": 3199.91,
            "debt_ratio": 5.07,
            "inventory_turnover_ratio": 0.07,
            "account_receivable_turnover_ratio": 2.04,
            "reinvestment_rate": null,
            "research_to_sale_ratio": 12417.46,
            "price_fair": 0,
            "eps_avg_yearly": 0,
            "eps_latest_yearly": 0,
            "eps_growth_yearly": 0
        },
        "20171": {
            "year_quarter": 20171,
            "year": 2017,
            "quarter": 1,
            "eps": -1.04,
            "eps_growth_year": null,
            "eps_4q": -4.14,
            "eps_4q_growth_year": null,
            "roe": -5.4,
            "roe_4q": -35.349999999999994,
            "gross_profit": 56,
            "gross_margin": 9.79,
            "gross_margin_4q_avg": 85.98,
            "net_income": -225943,
            "revenue": 572,
            "common_shares": 2185388,
            "book_valuer_per_share": 18.74,
            "book_valuer_per_share_4q_avg": 16.3,
            "equity": 4096063,
            "current_ratio": 5095.33,
            "debt_ratio": 4.09,
            "inventory_turnover_ratio": 0.02,
            "account_receivable_turnover_ratio": 1.14,
            "reinvestment_rate": null,
            "research_to_sale_ratio": 32989.16,
            "price_fair": 0,
            "eps_avg_yearly": 0,
            "eps_latest_yearly": 0,
            "eps_growth_yearly": 0
        },
        "20172": {
            "year_quarter": 20172,
            "year": 2017,
            "quarter": 2,
            "eps": -0.94,
            "eps_growth_year": null,
            "eps_4q": -4.1,
            "eps_4q_growth_year": null,
            "roe": -5.13,
            "roe_4q": -23.96,
            "gross_profit": 1379,
            "gross_margin": 94.39,
            "gross_margin_4q_avg": 85.08,
            "net_income": -204706,
            "revenue": 1461,
            "common_shares": 2188127,
            "book_valuer_per_share": 17.74,
            "book_valuer_per_share_4q_avg": 19.14,
            "equity": 3882433,
            "current_ratio": 5483.47,
            "debt_ratio": 4.03,
            "inventory_turnover_ratio": 0,
            "account_receivable_turnover_ratio": 5.64,
            "reinvestment_rate": null,
            "research_to_sale_ratio": 9831.62,
            "price_fair": 0,
            "eps_avg_yearly": 0,
            "eps_latest_yearly": 0,
            "eps_growth_yearly": 0
        },
        "20173": {
            "year_quarter": 20173,
            "year": 2017,
            "quarter": 3,
            "eps": -0.89,
            "eps_growth_year": null,
            "eps_4q": -3.94,
            "eps_4q_growth_year": null,
            "roe": -5.1,
            "roe_4q": -21.07,
            "gross_profit": 315,
            "gross_margin": 60.69,
            "gross_margin_4q_avg": 37.39,
            "net_income": -193318,
            "revenue": 519,
            "common_shares": 2188850,
            "book_valuer_per_share": 16.89,
            "book_valuer_per_share_4q_avg": 18.23,
            "equity": 3696276,
            "current_ratio": 3629.95,
            "debt_ratio": 4.92,
            "inventory_turnover_ratio": 0,
            "account_receivable_turnover_ratio": 1.95,
            "reinvestment_rate": null,
            "research_to_sale_ratio": 30277.46,
            "price_fair": 0,
            "eps_avg_yearly": 0,
            "eps_latest_yearly": 0,
            "eps_growth_yearly": 0
        },
        "20174": {
            "year_quarter": 20174,
            "year": 2017,
            "quarter": 4,
            "eps": -1.14,
            "eps_growth_year": null,
            "eps_4q": -3.99,
            "eps_4q_growth_year": null,
            "roe": -6.94,
            "roe_4q": -22.57,
            "gross_profit": 2547,
            "gross_margin": 171.75,
            "gross_margin_4q_avg": 84.16,
            "net_income": -248341,
            "revenue": 1483,
            "common_shares": 2187208,
            "book_valuer_per_share": 15.81,
            "book_valuer_per_share_4q_avg": 17.3,
            "equity": 3457485,
            "current_ratio": 2767.52,
            "debt_ratio": 5.77,
            "inventory_turnover_ratio": -0.02,
            "account_receivable_turnover_ratio": 5.49,
            "reinvestment_rate": null,
            "research_to_sale_ratio": 13070.8,
            "price_fair": 0,
            "eps_avg_yearly": 0,
            "eps_latest_yearly": 0,
            "eps_growth_yearly": 0
        },
        "20181": {
            "year_quarter": 20181,
            "year": 2018,
            "quarter": 1,
            "eps": -1.06,
            "eps_growth_year": null,
            "eps_4q": -4.01,
            "eps_4q_growth_year": null,
            "roe": -6.91,
            "roe_4q": -24.080000000000002,
            "gross_profit": 306,
            "gross_margin": 49.59,
            "gross_margin_4q_avg": 94.11,
            "net_income": -231656,
            "revenue": 617,
            "common_shares": 2187208,
            "book_valuer_per_share": 14.85,
            "book_valuer_per_share_4q_avg": 16.32,
            "equity": 3248768,
            "current_ratio": 3084.14,
            "debt_ratio": 5.54,
            "inventory_turnover_ratio": 0.01,
            "account_receivable_turnover_ratio": 1.38,
            "reinvestment_rate": null,
            "research_to_sale_ratio": 26816.86,
            "price_fair": 0,
            "eps_avg_yearly": 0,
            "eps_latest_yearly": 0,
            "eps_growth_yearly": 0
        },
        "20182": {
            "year_quarter": 20182,
            "year": 2018,
            "quarter": 2,
            "eps": -0.95,
            "eps_growth_year": null,
            "eps_4q": -4.03,
            "eps_4q_growth_year": null,
            "roe": -6.63,
            "roe_4q": -25.58,
            "gross_profit": -5,
            "gross_margin": -0.46,
            "gross_margin_4q_avg": 70.39,
            "net_income": -208380,
            "revenue": 1076,
            "common_shares": 2190088,
            "book_valuer_per_share": 13.86,
            "book_valuer_per_share_4q_avg": 15.35,
            "equity": 3036279,
            "current_ratio": 3028.84,
            "debt_ratio": 5.68,
            "inventory_turnover_ratio": 0.02,
            "account_receivable_turnover_ratio": 2.45,
            "reinvestment_rate": null,
            "research_to_sale_ratio": 13959.57,
            "price_fair": 0,
            "eps_avg_yearly": 0,
            "eps_latest_yearly": 0,
            "eps_growth_yearly": 0
        },
        "20183": {
            "year_quarter": 20183,
            "year": 2018,
            "quarter": 3,
            "eps": -1.11,
            "eps_growth_year": null,
            "eps_4q": -4.25,
            "eps_4q_growth_year": null,
            "roe": -8.26,
            "roe_4q": -28.740000000000002,
            "gross_profit": -653,
            "gross_margin": -112.2,
            "gross_margin_4q_avg": 27.17,
            "net_income": -241958,
            "revenue": 582,
            "common_shares": 2191260,
            "book_valuer_per_share": 12.87,
            "book_valuer_per_share_4q_avg": 14.35,
            "equity": 2819949,
            "current_ratio": 2321.82,
            "debt_ratio": 6.55,
            "inventory_turnover_ratio": 0.02,
            "account_receivable_turnover_ratio": 2.21,
            "reinvestment_rate": null,
            "research_to_sale_ratio": 31903.44,
            "price_fair": 0,
            "eps_avg_yearly": 0,
            "eps_latest_yearly": 0,
            "eps_growth_yearly": 0
        },
        "20184": {
            "year_quarter": 20184,
            "year": 2018,
            "quarter": 4,
            "eps": -1.63,
            "eps_growth_year": null,
            "eps_4q": -4.75,
            "eps_4q_growth_year": null,
            "roe": -13.52,
            "roe_4q": -35.32,
            "gross_profit": -1806,
            "gross_margin": -7.54,
            "gross_margin_4q_avg": -17.65,
            "net_income": -357766,
            "revenue": 23961,
            "common_shares": 2190849,
            "book_valuer_per_share": 11.28,
            "book_valuer_per_share_4q_avg": 13.22,
            "equity": 2471959,
            "current_ratio": 922.71,
            "debt_ratio": 11.87,
            "inventory_turnover_ratio": 0.51,
            "account_receivable_turnover_ratio": 2.05,
            "reinvestment_rate": null,
            "research_to_sale_ratio": 1186.8,
            "price_fair": 0,
            "eps_avg_yearly": 0,
            "eps_latest_yearly": 0,
            "eps_growth_yearly": 0
        },
        "20191": {
            "year_quarter": 20191,
            "year": 2019,
            "quarter": 1,
            "eps": -1.27,
            "eps_growth_year": null,
            "eps_4q": -4.96,
            "eps_4q_growth_year": null,
            "roe": -11.84,
            "roe_4q": -40.25,
            "gross_profit": 36101,
            "gross_margin": 101.65,
            "gross_margin_4q_avg": -4.64,
            "net_income": -278323,
            "revenue": 35515,
            "common_shares": 2190849,
            "book_valuer_per_share": 10.18,
            "book_valuer_per_share_4q_avg": 12.05,
            "equity": 2230458,
            "current_ratio": 787.3,
            "debt_ratio": 21.98,
            "inventory_turnover_ratio": -0.02,
            "account_receivable_turnover_ratio": 1.43,
            "reinvestment_rate": null,
            "research_to_sale_ratio": 638.16,
            "price_fair": 0,
            "eps_avg_yearly": 0,
            "eps_latest_yearly": 0,
            "eps_growth_yearly": 0
        },
        "20192": {
            "year_quarter": 20192,
            "year": 2019,
            "quarter": 2,
            "eps": -0.92,
            "eps_growth_year": null,
            "eps_4q": -4.93,
            "eps_4q_growth_year": null,
            "roe": -9.38,
            "roe_4q": -42.99999999999999,
            "gross_profit": 65481,
            "gross_margin": 94.69,
            "gross_margin_4q_avg": 19.15,
            "net_income": -201697,
            "revenue": 69150,
            "common_shares": 2191048,
            "book_valuer_per_share": 9.44,
            "book_valuer_per_share_4q_avg": 10.94,
            "equity": 2069294,
            "current_ratio": 638.58,
            "debt_ratio": 24.16,
            "inventory_turnover_ratio": 0.06,
            "account_receivable_turnover_ratio": 1.08,
            "reinvestment_rate": null,
            "research_to_sale_ratio": 239.02,
            "price_fair": 0,
            "eps_avg_yearly": 0,
            "eps_latest_yearly": 0,
            "eps_growth_yearly": 0
        },
        "20193": {
            "year_quarter": 20193,
            "year": 2019,
            "quarter": 3,
            "eps": -1.26,
            "eps_growth_year": null,
            "eps_4q": -5.08,
            "eps_4q_growth_year": null,
            "roe": -14.12,
            "roe_4q": -48.86,
            "gross_profit": 2220,
            "gross_margin": 128.25,
            "gross_margin_4q_avg": 79.26,
            "net_income": -275366,
            "revenue": 1731,
            "common_shares": 2192766,
            "book_valuer_per_share": 8.35,
            "book_valuer_per_share_4q_avg": 9.81,
            "equity": 1829966,
            "current_ratio": 442.41,
            "debt_ratio": 28.67,
            "inventory_turnover_ratio": -0,
            "account_receivable_turnover_ratio": 0.03,
            "reinvestment_rate": null,
            "research_to_sale_ratio": 6977.41,
            "price_fair": 0,
            "eps_avg_yearly": 0,
            "eps_latest_yearly": 0,
            "eps_growth_yearly": 0
        },
        "20194": {
            "year_quarter": 20194,
            "year": 2019,
            "quarter": 4,
            "eps": -0.39,
            "eps_growth_year": null,
            "eps_4q": -3.75,
            "eps_4q_growth_year": null,
            "roe": -4.29,
            "roe_4q": -39.629999999999995,
            "gross_profit": 140187,
            "gross_margin": 70.34,
            "gross_margin_4q_avg": 98.73,
            "net_income": -87608,
            "revenue": 199296,
            "common_shares": 2250438,
            "book_valuer_per_share": 10.02,
            "book_valuer_per_share_4q_avg": 9.5,
            "equity": 2255076,
            "current_ratio": 570.02,
            "debt_ratio": 23.8,
            "inventory_turnover_ratio": 0.27,
            "account_receivable_turnover_ratio": 1.99,
            "reinvestment_rate": null,
            "research_to_sale_ratio": 63.66,
            "price_fair": 0,
            "eps_avg_yearly": 0,
            "eps_latest_yearly": 0,
            "eps_growth_yearly": 0
        },
        "20201": {
            "year_quarter": 20201,
            "year": 2020,
            "quarter": 1,
            "eps": -1.3,
            "eps_growth_year": null,
            "eps_4q": -3.8,
            "eps_4q_growth_year": null,
            "roe": -13.74,
            "roe_4q": -41.53,
            "gross_profit": -367,
            "gross_margin": -51.69,
            "gross_margin_4q_avg": 60.4,
            "net_income": -291579,
            "revenue": 710,
            "common_shares": 2250539,
            "book_valuer_per_share": 8.84,
            "book_valuer_per_share_4q_avg": 9.16,
            "equity": 1988733,
            "current_ratio": 500.98,
            "debt_ratio": 25.23,
            "inventory_turnover_ratio": 0,
            "account_receivable_turnover_ratio": 0.01,
            "reinvestment_rate": null,
            "research_to_sale_ratio": 22181.41,
            "price_fair": 0,
            "eps_avg_yearly": 0,
            "eps_latest_yearly": 0,
            "eps_growth_yearly": 0
        },
        "20202": {
            "year_quarter": 20202,
            "year": 2020,
            "quarter": 2,
            "eps": -0.92,
            "eps_growth_year": null,
            "eps_4q": -3.56,
            "eps_4q_growth_year": null,
            "roe": -7.78,
            "roe_4q": -39.93,
            "gross_profit": 56035,
            "gross_margin": 42.89,
            "gross_margin_4q_avg": 47.45,
            "net_income": -207744,
            "revenue": 130645,
            "common_shares": 2418869,
            "book_valuer_per_share": 13.86,
            "book_valuer_per_share_4q_avg": 10.27,
            "equity": 3353499,
            "current_ratio": 457.48,
            "debt_ratio": 24.46,
            "inventory_turnover_ratio": 0.21,
            "account_receivable_turnover_ratio": 0.61,
            "reinvestment_rate": null,
            "research_to_sale_ratio": 112.29,
            "price_fair": 0,
            "eps_avg_yearly": 0,
            "eps_latest_yearly": 0,
            "eps_growth_yearly": 0
        },
        "20203": {
            "year_quarter": 20203,
            "year": 2020,
            "quarter": 3,
            "eps": -2.42,
            "eps_growth_year": null,
            "eps_4q": -4.57,
            "eps_4q_growth_year": null,
            "roe": -14.78,
            "roe_4q": -40.589999999999996,
            "gross_profit": -13464,
            "gross_margin": -10.07,
            "gross_margin_4q_avg": 12.87,
            "net_income": -617084,
            "revenue": 133657,
            "common_shares": 2632031,
            "book_valuer_per_share": 18.99,
            "book_valuer_per_share_4q_avg": 12.93,
            "equity": 4998185,
            "current_ratio": 565.78,
            "debt_ratio": 21.81,
            "inventory_turnover_ratio": 0.34,
            "account_receivable_turnover_ratio": 0.36,
            "reinvestment_rate": null,
            "research_to_sale_ratio": 188.7,
            "price_fair": 0,
            "eps_avg_yearly": 0,
            "eps_latest_yearly": 0,
            "eps_growth_yearly": 0
        },
        "20204": {
            "year_quarter": 20204,
            "year": 2020,
            "quarter": 4,
            "eps": -3.19,
            "eps_growth_year": null,
            "eps_4q": -7.48,
            "eps_4q_growth_year": null,
            "roe": -18.65,
            "roe_4q": -54.95,
            "gross_profit": 141730,
            "gross_margin": 48.5,
            "gross_margin_4q_avg": 7.41,
            "net_income": -831735,
            "revenue": 292245,
            "common_shares": 2634183,
            "book_valuer_per_share": 15.05,
            "book_valuer_per_share_4q_avg": 14.19,
            "equity": 3919710,
            "current_ratio": 381.65,
            "debt_ratio": 29.13,
            "inventory_turnover_ratio": 0.35,
            "account_receivable_turnover_ratio": 0.76,
            "reinvestment_rate": null,
            "research_to_sale_ratio": 125.23,
            "price_fair": 0,
            "eps_avg_yearly": 0,
            "eps_latest_yearly": 0,
            "eps_growth_yearly": 0
        },
        "20211": {
            "year_quarter": 20211,
            "year": 2021,
            "quarter": 1,
            "eps": -2.63,
            "eps_growth_year": null,
            "eps_4q": -9.01,
            "eps_4q_growth_year": null,
            "roe": -19.32,
            "roe_4q": -60.53,
            "gross_profit": 22070,
            "gross_margin": 22.59,
            "gross_margin_4q_avg": 25.98,
            "net_income": -683178,
            "revenue": 97678,
            "common_shares": 2634478,
            "book_valuer_per_share": 12.14,
            "book_valuer_per_share_4q_avg": 15.01,
            "equity": 3152554,
            "current_ratio": 318.2,
            "debt_ratio": 33.5,
            "inventory_turnover_ratio": 0.18,
            "account_receivable_turnover_ratio": 0.23,
            "reinvestment_rate": null,
            "research_to_sale_ratio": 202,
            "price_fair": 0,
            "eps_avg_yearly": 0,
            "eps_latest_yearly": 0,
            "eps_growth_yearly": 0
        },
        "20212": {
            "year_quarter": 20212,
            "year": 2021,
            "quarter": 2,
            "eps": -2.08,
            "eps_growth_year": null,
            "eps_4q": -10.29,
            "eps_4q_growth_year": null,
            "roe": -18.75,
            "roe_4q": -71.5,
            "gross_profit": 17052,
            "gross_margin": 19.65,
            "gross_margin_4q_avg": 20.17,
            "net_income": -540678,
            "revenue": 86762,
            "common_shares": 2635393,
            "book_valuer_per_share": 10.07,
            "book_valuer_per_share_4q_avg": 14.06,
            "equity": 2616062,
            "current_ratio": 290.86,
            "debt_ratio": 35.47,
            "inventory_turnover_ratio": 0.14,
            "account_receivable_turnover_ratio": 0.22,
            "reinvestment_rate": null,
            "research_to_sale_ratio": 308.1,
            "price_fair": 0,
            "eps_avg_yearly": 0,
            "eps_latest_yearly": 0,
            "eps_growth_yearly": 0
        },
        "20213": {
            "year_quarter": 20213,
            "year": 2021,
            "quarter": 3,
            "eps": -2.7,
            "eps_growth_year": null,
            "eps_4q": -10.61,
            "eps_4q_growth_year": null,
            "roe": -30.82,
            "roe_4q": -87.53999999999999,
            "gross_profit": 23809,
            "gross_margin": 25.86,
            "gross_margin_4q_avg": 29.15,
            "net_income": -700333,
            "revenue": 92062,
            "common_shares": 2635393,
            "book_valuer_per_share": 7.43,
            "book_valuer_per_share_4q_avg": 11.17,
            "equity": 1928439,
            "current_ratio": 209.47,
            "debt_ratio": 44.56,
            "inventory_turnover_ratio": 0.12,
            "account_receivable_turnover_ratio": 0.23,
            "reinvestment_rate": null,
            "research_to_sale_ratio": 342.69,
            "price_fair": 0,
            "eps_avg_yearly": 0,
            "eps_latest_yearly": 0,
            "eps_growth_yearly": 0
        },
        "20214": {
            "year_quarter": 20214,
            "year": 2021,
            "quarter": 4,
            "eps": -3.25,
            "eps_growth_year": null,
            "eps_4q": -10.29,
            "eps_4q_growth_year": null,
            "roe": -28.7,
            "roe_4q": -97.59,
            "gross_profit": 214719,
            "gross_margin": 56.5,
            "gross_margin_4q_avg": 31.15,
            "net_income": -886799,
            "revenue": 380004,
            "common_shares": 2769036,
            "book_valuer_per_share": 15.57,
            "book_valuer_per_share_4q_avg": 11.3,
            "equity": 4250381,
            "current_ratio": 348.92,
            "debt_ratio": 31.43,
            "inventory_turnover_ratio": 0.22,
            "account_receivable_turnover_ratio": 0.89,
            "reinvestment_rate": null,
            "research_to_sale_ratio": 129.65,
            "price_fair": 0,
            "eps_avg_yearly": 0,
            "eps_latest_yearly": 0,
            "eps_growth_yearly": 0
        },
        "20221": {
            "year_quarter": 20221,
            "year": 2022,
            "quarter": 1,
            "eps": -1.96,
            "eps_growth_year": null,
            "eps_4q": -9.65,
            "eps_4q_growth_year": null,
            "roe": -13.08,
            "roe_4q": -91.35,
            "gross_profit": 131017,
            "gross_margin": 52.04,
            "gross_margin_4q_avg": 38.51,
            "net_income": -540858,
            "revenue": 251744,
            "common_shares": 2774348,
            "book_valuer_per_share": 14.53,
            "book_valuer_per_share_4q_avg": 11.9,
            "equity": 4018820,
            "current_ratio": 446.06,
            "debt_ratio": 27.48,
            "inventory_turnover_ratio": 0.13,
            "account_receivable_turnover_ratio": 0.52,
            "reinvestment_rate": null,
            "research_to_sale_ratio": 102.51,
            "price_fair": 0,
            "eps_avg_yearly": 0,
            "eps_latest_yearly": 0,
            "eps_growth_yearly": 0
        },
        "20222": {
            "year_quarter": 20222,
            "year": 2022,
            "quarter": 2,
            "eps": -0.98,
            "eps_growth_year": null,
            "eps_4q": -8.46,
            "eps_4q_growth_year": null,
            "roe": -5.7,
            "roe_4q": -78.30000000000001,
            "gross_profit": 580954,
            "gross_margin": 59.42,
            "gross_margin_4q_avg": 48.46,
            "net_income": -274702,
            "revenue": 977725,
            "common_shares": 2849566,
            "book_valuer_per_share": 19.77,
            "book_valuer_per_share_4q_avg": 14.33,
            "equity": 5614622,
            "current_ratio": 581.09,
            "debt_ratio": 23.54,
            "inventory_turnover_ratio": 0.45,
            "account_receivable_turnover_ratio": 1.61,
            "reinvestment_rate": null,
            "research_to_sale_ratio": 31.98,
            "price_fair": 0,
            "eps_avg_yearly": 0,
            "eps_latest_yearly": 0,
            "eps_growth_yearly": 0
        },
        "20223": {
            "year_quarter": 20223,
            "year": 2022,
            "quarter": 3,
            "eps": -1.44,
            "eps_growth_year": null,
            "eps_4q": -7.43,
            "eps_4q_growth_year": null,
            "roe": -7.42,
            "roe_4q": -54.900000000000006,
            "gross_profit": 615556,
            "gross_margin": 75.92,
            "gross_margin_4q_avg": 60.97,
            "net_income": -408847,
            "revenue": 810840,
            "common_shares": 2851441,
            "book_valuer_per_share": 19.03,
            "book_valuer_per_share_4q_avg": 17.23,
            "equity": 5410400,
            "current_ratio": 463.21,
            "debt_ratio": 27.14,
            "inventory_turnover_ratio": 0.22,
            "account_receivable_turnover_ratio": 1.17,
            "reinvestment_rate": null,
            "research_to_sale_ratio": 50.62,
            "price_fair": 0,
            "eps_avg_yearly": 0,
            "eps_latest_yearly": 0,
            "eps_growth_yearly": 0
        },
        "20224": {
            "year_quarter": 20224,
            "year": 2022,
            "quarter": 4,
            "eps": -0.5,
            "eps_growth_year": null,
            "eps_4q": -4.56,
            "eps_4q_growth_year": null,
            "roe": -1.71,
            "roe_4q": -27.909999999999997,
            "gross_profit": 742227,
            "gross_margin": 88.18,
            "gross_margin_4q_avg": 68.89,
            "net_income": -150403,
            "revenue": 841733,
            "common_shares": 3024556,
            "book_valuer_per_share": 40.26,
            "book_valuer_per_share_4q_avg": 23.4,
            "equity": 12141215,
            "current_ratio": 524.44,
            "debt_ratio": 20.81,
            "inventory_turnover_ratio": 0.09,
            "account_receivable_turnover_ratio": 1.14,
            "reinvestment_rate": null,
            "research_to_sale_ratio": 52.84,
            "price_fair": 0,
            "eps_avg_yearly": 0,
            "eps_latest_yearly": 0,
            "eps_growth_yearly": 0
        },
        "20231": {
            "year_quarter": 20231,
            "year": 2023,
            "quarter": 1,
            "eps": -2.44,
            "eps_growth_year": null,
            "eps_4q": -5.16,
            "eps_4q_growth_year": null,
            "roe": -6.06,
            "roe_4q": -20.89,
            "gross_profit": 754476,
            "gross_margin": 85,
            "gross_margin_4q_avg": 77.13,
            "net_income": -735541,
            "revenue": 887647,
            "common_shares": 3053598,
            "book_valuer_per_share": 39.9,
            "book_valuer_per_share_4q_avg": 29.74,
            "equity": 12148887,
            "current_ratio": 368.98,
            "debt_ratio": 26.69,
            "inventory_turnover_ratio": 0.12,
            "account_receivable_turnover_ratio": 1.07,
            "reinvestment_rate": null,
            "research_to_sale_ratio": 43.96,
            "price_fair": 0,
            "eps_avg_yearly": 0,
            "eps_latest_yearly": 0,
            "eps_growth_yearly": 0
        },
        "20232": {
            "year_quarter": 20232,
            "year": 2023,
            "quarter": 2,
            "eps": -0.62,
            "eps_growth_year": null,
            "eps_4q": -4.45,
            "eps_4q_growth_year": null,
            "roe": -1.08,
            "roe_4q": -16.27,
            "gross_profit": 1160757,
            "gross_margin": 91.77,
            "gross_margin_4q_avg": 85.22,
            "net_income": -202755,
            "revenue": 1264835,
            "common_shares": 3395044,
            "book_valuer_per_share": 75.03,
            "book_valuer_per_share_4q_avg": 43.56,
            "equity": 25238001,
            "current_ratio": 1439.31,
            "debt_ratio": 8.59,
            "inventory_turnover_ratio": 0.08,
            "account_receivable_turnover_ratio": 1.25,
            "reinvestment_rate": null,
            "research_to_sale_ratio": 37.62,
            "price_fair": 0,
            "eps_avg_yearly": 0,
            "eps_latest_yearly": 0,
            "eps_growth_yearly": 0
        }
    },
    "months": {
        "2014-03": {
            "month": "2014-03",
            "price": "191.90",
            "revenue": 2308
        },
        "2014-04": {
            "month": "2014-04",
            "price": "148.14",
            "revenue": 0
        },
        "2014-05": {
            "month": "2014-05",
            "price": "167.02",
            "revenue": 0
        },
        "2014-06": {
            "month": "2014-06",
            "price": "196.99",
            "revenue": 4838
        },
        "2014-07": {
            "month": "2014-07",
            "price": "181.67",
            "revenue": 179
        },
        "2014-08": {
            "month": "2014-08",
            "price": "163.04",
            "revenue": 53
        },
        "2014-09": {
            "month": "2014-09",
            "price": "156.99",
            "revenue": 2101
        },
        "2014-10": {
            "month": "2014-10",
            "price": "151.63",
            "revenue": 149
        },
        "2014-11": {
            "month": "2014-11",
            "price": "135.05",
            "revenue": 195
        },
        "2014-12": {
            "month": "2014-12",
            "price": "140.70",
            "revenue": 516
        },
        "2015-01": {
            "month": "2015-01",
            "price": "130.71",
            "revenue": 134
        },
        "2015-02": {
            "month": "2015-02",
            "price": "126.79",
            "revenue": 99
        },
        "2015-03": {
            "month": "2015-03",
            "price": "131.34",
            "revenue": 883
        },
        "2015-04": {
            "month": "2015-04",
            "price": "117.49",
            "revenue": 101
        },
        "2015-05": {
            "month": "2015-05",
            "price": "88.35",
            "revenue": 106
        },
        "2015-06": {
            "month": "2015-06",
            "price": "78.40",
            "revenue": 4056
        },
        "2015-07": {
            "month": "2015-07",
            "price": "76.97",
            "revenue": 113
        },
        "2015-08": {
            "month": "2015-08",
            "price": "62.54",
            "revenue": 2553
        },
        "2015-09": {
            "month": "2015-09",
            "price": "87.17",
            "revenue": 120
        },
        "2015-10": {
            "month": "2015-10",
            "price": "88.81",
            "revenue": 2663
        },
        "2015-11": {
            "month": "2015-11",
            "price": "100.37",
            "revenue": 629
        },
        "2015-12": {
            "month": "2015-12",
            "price": "179.13",
            "revenue": 131
        },
        "2016-01": {
            "month": "2016-01",
            "price": "168.82",
            "revenue": 209
        },
        "2016-02": {
            "month": "2016-02",
            "price": "170.45",
            "revenue": 143
        },
        "2016-03": {
            "month": "2016-03",
            "price": "169.07",
            "revenue": 160
        },
        "2016-04": {
            "month": "2016-04",
            "price": "169.99",
            "revenue": 1054
        },
        "2016-05": {
            "month": "2016-05",
            "price": "167.57",
            "revenue": 782
        },
        "2016-06": {
            "month": "2016-06",
            "price": "206.63",
            "revenue": 386
        },
        "2016-07": {
            "month": "2016-07",
            "price": "194.18",
            "revenue": 204
        },
        "2016-08": {
            "month": "2016-08",
            "price": "178.48",
            "revenue": 104
        },
        "2016-09": {
            "month": "2016-09",
            "price": "180.66",
            "revenue": 804
        },
        "2016-10": {
            "month": "2016-10",
            "price": "175.52",
            "revenue": 85
        },
        "2016-11": {
            "month": "2016-11",
            "price": "178.48",
            "revenue": 91
        },
        "2016-12": {
            "month": "2016-12",
            "price": "167.71",
            "revenue": 1451
        },
        "2017-01": {
            "month": "2017-01",
            "price": "148.94",
            "revenue": 97
        },
        "2017-02": {
            "month": "2017-02",
            "price": "154.17",
            "revenue": 144
        },
        "2017-03": {
            "month": "2017-03",
            "price": "166.98",
            "revenue": 331
        },
        "2017-04": {
            "month": "2017-04",
            "price": "153.28",
            "revenue": 623
        },
        "2017-05": {
            "month": "2017-05",
            "price": "146.68",
            "revenue": 301
        },
        "2017-06": {
            "month": "2017-06",
            "price": "143.35",
            "revenue": 536
        },
        "2017-07": {
            "month": "2017-07",
            "price": "145.71",
            "revenue": 165
        },
        "2017-08": {
            "month": "2017-08",
            "price": "142.54",
            "revenue": 227
        },
        "2017-09": {
            "month": "2017-09",
            "price": "147.52",
            "revenue": 129
        },
        "2017-10": {
            "month": "2017-10",
            "price": "145.16",
            "revenue": 163
        },
        "2017-11": {
            "month": "2017-11",
            "price": "149.20",
            "revenue": 505
        },
        "2017-12": {
            "month": "2017-12",
            "price": "144.81",
            "revenue": 814
        },
        "2018-01": {
            "month": "2018-01",
            "price": "147.30",
            "revenue": 114
        },
        "2018-02": {
            "month": "2018-02",
            "price": "166.15",
            "revenue": 57
        },
        "2018-03": {
            "month": "2018-03",
            "price": "178.00",
            "revenue": 446
        },
        "2018-04": {
            "month": "2018-04",
            "price": "173.39",
            "revenue": 141
        },
        "2018-05": {
            "month": "2018-05",
            "price": "174.70",
            "revenue": 868
        },
        "2018-06": {
            "month": "2018-06",
            "price": "184.18",
            "revenue": 67
        },
        "2018-07": {
            "month": "2018-07",
            "price": "180.27",
            "revenue": 337
        },
        "2018-08": {
            "month": "2018-08",
            "price": "175.52",
            "revenue": 189
        },
        "2018-09": {
            "month": "2018-09",
            "price": "175.97",
            "revenue": 56
        },
        "2018-10": {
            "month": "2018-10",
            "price": "169.93",
            "revenue": 531
        },
        "2018-11": {
            "month": "2018-11",
            "price": "174.27",
            "revenue": 265
        },
        "2018-12": {
            "month": "2018-12",
            "price": "180.17",
            "revenue": 23165
        },
        "2019-01": {
            "month": "2019-01",
            "price": "173.48",
            "revenue": 148
        },
        "2019-02": {
            "month": "2019-02",
            "price": "175.85",
            "revenue": 8998
        },
        "2019-03": {
            "month": "2019-03",
            "price": "164.32",
            "revenue": 26369
        },
        "2019-04": {
            "month": "2019-04",
            "price": "155.68",
            "revenue": 55
        },
        "2019-05": {
            "month": "2019-05",
            "price": "128.07",
            "revenue": 69063
        },
        "2019-06": {
            "month": "2019-06",
            "price": "119.82",
            "revenue": 32
        },
        "2019-07": {
            "month": "2019-07",
            "price": "119.22",
            "revenue": 677
        },
        "2019-08": {
            "month": "2019-08",
            "price": "121.60",
            "revenue": 454
        },
        "2019-09": {
            "month": "2019-09",
            "price": "115.68",
            "revenue": 600
        },
        "2019-10": {
            "month": "2019-10",
            "price": "111.52",
            "revenue": 28
        },
        "2019-11": {
            "month": "2019-11",
            "price": "110.98",
            "revenue": 42
        },
        "2019-12": {
            "month": "2019-12",
            "price": "103.37",
            "revenue": 199226
        },
        "2020-01": {
            "month": "2020-01",
            "price": "114.27",
            "revenue": 132
        },
        "2020-02": {
            "month": "2020-02",
            "price": "104.37",
            "revenue": 95
        },
        "2020-03": {
            "month": "2020-03",
            "price": "80.02",
            "revenue": 483
        },
        "2020-04": {
            "month": "2020-04",
            "price": "83.75",
            "revenue": 1080
        },
        "2020-05": {
            "month": "2020-05",
            "price": "111.30",
            "revenue": 83456
        },
        "2020-06": {
            "month": "2020-06",
            "price": "115.12",
            "revenue": 46108
        },
        "2020-07": {
            "month": "2020-07",
            "price": "124.72",
            "revenue": 46636
        },
        "2020-08": {
            "month": "2020-08",
            "price": "110.57",
            "revenue": 39194
        },
        "2020-09": {
            "month": "2020-09",
            "price": "104.64",
            "revenue": 47828
        },
        "2020-10": {
            "month": "2020-10",
            "price": "94.82",
            "revenue": 38318
        },
        "2020-11": {
            "month": "2020-11",
            "price": "81.57",
            "revenue": 218748
        },
        "2020-12": {
            "month": "2020-12",
            "price": "97.16",
            "revenue": 38472
        },
        "2021-01": {
            "month": "2021-01",
            "price": "92.16",
            "revenue": 31094
        },
        "2021-02": {
            "month": "2021-02",
            "price": "103.79",
            "revenue": 33675
        },
        "2021-03": {
            "month": "2021-03",
            "price": "109.31",
            "revenue": 32909
        },
        "2021-04": {
            "month": "2021-04",
            "price": "91.94",
            "revenue": 29974
        },
        "2021-05": {
            "month": "2021-05",
            "price": "82.48",
            "revenue": 32168
        },
        "2021-06": {
            "month": "2021-06",
            "price": "89.40",
            "revenue": 24620
        },
        "2021-07": {
            "month": "2021-07",
            "price": "88.97",
            "revenue": 33618
        },
        "2021-08": {
            "month": "2021-08",
            "price": "93.63",
            "revenue": 30766
        },
        "2021-09": {
            "month": "2021-09",
            "price": "93.66",
            "revenue": 27678
        },
        "2021-10": {
            "month": "2021-10",
            "price": "86.90",
            "revenue": 42398
        },
        "2021-11": {
            "month": "2021-11",
            "price": "139.98",
            "revenue": 225350
        },
        "2021-12": {
            "month": "2021-12",
            "price": "306.30",
            "revenue": 111793
        },
        "2022-01": {
            "month": "2022-01",
            "price": "260.83",
            "revenue": 64651
        },
        "2022-02": {
            "month": "2022-02",
            "price": "282.17",
            "revenue": 55023
        },
        "2022-03": {
            "month": "2022-03",
            "price": "308.22",
            "revenue": 132070
        },
        "2022-04": {
            "month": "2022-04",
            "price": "310.89",
            "revenue": 353334
        },
        "2022-05": {
            "month": "2022-05",
            "price": "360.90",
            "revenue": 347722
        },
        "2022-06": {
            "month": "2022-06",
            "price": "455.60",
            "revenue": 276669
        },
        "2022-07": {
            "month": "2022-07",
            "price": "505.69",
            "revenue": 348489
        },
        "2022-08": {
            "month": "2022-08",
            "price": "575.96",
            "revenue": 207200
        },
        "2022-09": {
            "month": "2022-09",
            "price": "559.21",
            "revenue": 255151
        },
        "2022-10": {
            "month": "2022-10",
            "price": "463.30",
            "revenue": 274863
        },
        "2022-11": {
            "month": "2022-11",
            "price": "505.48",
            "revenue": 315947
        },
        "2022-12": {
            "month": "2022-12",
            "price": "511.64",
            "revenue": 250922
        },
        "2023-01": {
            "month": "2023-01",
            "price": "476.42",
            "revenue": 232370
        },
        "2023-02": {
            "month": "2023-02",
            "price": "499.61",
            "revenue": 307618
        },
        "2023-03": {
            "month": "2023-03",
            "price": "457.37",
            "revenue": 347660
        },
        "2023-04": {
            "month": "2023-04",
            "price": "407.00",
            "revenue": 337413
        },
        "2023-05": {
            "month": "2023-05",
            "price": "350.89",
            "revenue": 418256
        },
        "2023-06": {
            "month": "2023-06",
            "price": "338.50",
            "revenue": 509165
        },
        "2023-07": {
            "month": "2023-07",
            "price": "349.79",
            "revenue": 445805
        },
        "2023-08": {
            "month": "2023-08",
            "price": "336.68",
            "revenue": 458657
        }
    }
}
