{
    "summary": {
        "stock_name": "鈺邦",
        "stock_id": "6449",
        "category": "電子零組件",
        "main_business": "鋁捲繞固態電容之研究、開發、製造及銷售。<br>貼片式鋁捲繞固態電容之研究、開發、製造及銷售。<br>堆疊型鋁晶片固態電容之研究、開發、製造及銷售。",
        "website_url": "http://www.apaq.com.tw/",
        "ceo": "林溪東",
        "pe_ratio": 22,
        "report_year_from": 2011,
        "report_year_to": 2023,
        "age": 13,
        "eps_negative_percentage": 0,
        "eps_growth_avg": {
            "last_all": 10.04,
            "last_2y": 6.64,
            "last_4y": 15.91,
            "last_8y": 10.04,
            "last_12y": null,
            "last_16y": null,
            "last_20y": null,
            "at_2006_last_3y": null,
            "at_2007_last_3y": null,
            "at_2008_last_3y": null,
            "at_2009_last_3y": null,
            "at_2010_last_3y": null,
            "at_2011_last_3y": null,
            "at_2012_last_3y": null,
            "at_2013_last_3y": null,
            "at_2014_last_3y": null,
            "at_2015_last_3y": null,
            "at_2016_last_3y": null,
            "at_2017_last_3y": null,
            "at_2018_last_3y": 2.71,
            "at_2019_last_3y": -12.27,
            "at_2020_last_3y": 9.44,
            "at_2021_last_3y": 14.83,
            "at_2022_last_3y": 20.41,
            "at_2023_last_3y": 26.95,
            "at_2024_last_3y": 26.95,
            "at_2006_last_all": null,
            "at_2007_last_all": null,
            "at_2008_last_all": null,
            "at_2009_last_all": null,
            "at_2010_last_all": null,
            "at_2011_last_all": null,
            "at_2012_last_all": null,
            "at_2013_last_all": null,
            "at_2014_last_all": null,
            "at_2015_last_all": null,
            "at_2016_last_all": 16.35,
            "at_2017_last_all": 7.8,
            "at_2018_last_all": 2.71,
            "at_2019_last_all": -3.48,
            "at_2020_last_all": 11.74,
            "at_2021_last_all": 11.82,
            "at_2022_last_all": 11.56,
            "at_2023_last_all": 10.04,
            "at_2024_last_all": 10.04
        },
        "latest_eps": 3.73,
        "latest_price": 82.1,
        "latest_roe": 11.65,
        "latest_gross_margin": 30.03,
        "latest_equity": 2914375,
        "latest_revenue": 816848,
        "latest_gross_profit": 245274,
        "latest_net_income": 61235,
        "latest_debt_ratio": 40.79,
        "latest_current_ratio": 187.77,
        "latest_account_receivable_turnover_ratio": 0.65,
        "latest_inventory_turnover_ratio": 0.81,
        "latest_reinvestment_rate": 12.26,
        "latest_research_to_sale_ratio": 4.01
    },
    "eps_dividends": {
        "2001": {
            "cash": 0,
            "stock": 0,
            "eps": 0
        },
        "2002": {
            "cash": 0,
            "stock": 0,
            "eps": 0
        },
        "2003": {
            "cash": 0,
            "stock": 0,
            "eps": 0
        },
        "2004": {
            "cash": 0,
            "stock": 0,
            "eps": 0
        },
        "2005": {
            "cash": 0,
            "stock": 0,
            "eps": 0
        },
        "2006": {
            "cash": 0,
            "stock": 0,
            "eps": 0
        },
        "2007": {
            "cash": 0,
            "stock": 0,
            "eps": 0
        },
        "2008": {
            "cash": 0,
            "stock": 0,
            "eps": 0
        },
        "2009": {
            "cash": 0,
            "stock": 0,
            "eps": 0
        },
        "2010": {
            "cash": 0,
            "stock": 0,
            "eps": 0
        },
        "2011": {
            "cash": 0,
            "stock": 0,
            "eps": 0
        },
        "2012": {
            "cash": 0,
            "stock": 0,
            "eps": 0
        },
        "2013": {
            "cash": 0,
            "stock": 0,
            "eps": 0
        },
        "2014": {
            "cash": 0.8,
            "stock": 0,
            "eps": 2.18
        },
        "2015": {
            "cash": 1.6,
            "stock": 0,
            "eps": 2.87
        },
        "2016": {
            "cash": 1.6,
            "stock": 0,
            "eps": 2.9
        },
        "2017": {
            "cash": 1.8,
            "stock": 0,
            "eps": 2.63
        },
        "2018": {
            "cash": 1.87,
            "stock": 0,
            "eps": 2.3
        },
        "2019": {
            "cash": 1,
            "stock": 0,
            "eps": 1.65
        },
        "2020": {
            "cash": 1,
            "stock": 0,
            "eps": 3.1
        },
        "2021": {
            "cash": 1.9,
            "stock": 0,
            "eps": 3.48
        },
        "2022": {
            "cash": 2,
            "stock": 0,
            "eps": 3.82
        },
        "2023": {
            "cash": 2.3,
            "stock": 0,
            "eps": 3.74
        },
        "2024": {
            "cash": 2.3,
            "stock": 0,
            "eps": 0
        }
    },
    "dividends": {
        "2014-09-22": {
            "cash": 0.8,
            "stock": 0
        },
        "2015-08-12": {
            "cash": 1.6,
            "stock": 0
        },
        "2016-07-29": {
            "cash": 1.6,
            "stock": 0
        },
        "2017-08-10": {
            "cash": 1.8,
            "stock": 0
        },
        "2018-09-18": {
            "cash": 1.87,
            "stock": 0
        },
        "2019-09-04": {
            "cash": 1,
            "stock": 0
        },
        "2020-08-28": {
            "cash": 1,
            "stock": 0
        },
        "2021-10-04": {
            "cash": 1.9,
            "stock": 0
        },
        "2022-07-29": {
            "cash": 2,
            "stock": 0
        },
        "2023-08-08": {
            "cash": 2.3,
            "stock": 0
        },
        "2024-02-20": {
            "cash": 2.3,
            "stock": 0
        }
    },
    "prices": {
        "200101": "無",
        "200102": "無",
        "200103": "無",
        "200104": "無",
        "200105": "無",
        "200106": "無",
        "200107": "無",
        "200108": "無",
        "200109": "無",
        "200110": "無",
        "200111": "無",
        "200112": "無",
        "200201": "無",
        "200202": "無",
        "200203": "無",
        "200204": "無",
        "200205": "無",
        "200206": "無",
        "200207": "無",
        "200208": "無",
        "200209": "無",
        "200210": "無",
        "200211": "無",
        "200212": "無",
        "200301": "無",
        "200302": "無",
        "200303": "無",
        "200304": "無",
        "200305": "無",
        "200306": "無",
        "200307": "無",
        "200308": "無",
        "200309": "無",
        "200310": "無",
        "200311": "無",
        "200312": "無",
        "200401": "無",
        "200402": "無",
        "200403": "無",
        "200404": "無",
        "200405": "無",
        "200406": "無",
        "200407": "無",
        "200408": "無",
        "200409": "無",
        "200410": "無",
        "200411": "無",
        "200412": "無",
        "200501": "無",
        "200502": "無",
        "200503": "無",
        "200504": "無",
        "200505": "無",
        "200506": "無",
        "200507": "無",
        "200508": "無",
        "200509": "無",
        "200510": "無",
        "200511": "無",
        "200512": "無",
        "200601": "無",
        "200602": "無",
        "200603": "無",
        "200604": "無",
        "200605": "無",
        "200606": "無",
        "200607": "無",
        "200608": "無",
        "200609": "無",
        "200610": "無",
        "200611": "無",
        "200612": "無",
        "200701": "無",
        "200702": "無",
        "200703": "無",
        "200704": "無",
        "200705": "無",
        "200706": "無",
        "200707": "無",
        "200708": "無",
        "200709": "無",
        "200710": "無",
        "200711": "無",
        "200712": "無",
        "200801": "無",
        "200802": "無",
        "200803": "無",
        "200804": "無",
        "200805": "無",
        "200806": "無",
        "200807": "無",
        "200808": "無",
        "200809": "無",
        "200810": "無",
        "200811": "無",
        "200812": "無",
        "200901": "無",
        "200902": "無",
        "200903": "無",
        "200904": "無",
        "200905": "無",
        "200906": "無",
        "200907": "無",
        "200908": "無",
        "200909": "無",
        "200910": "無",
        "200911": "無",
        "200912": "無",
        "201001": "無",
        "201002": "無",
        "201003": "無",
        "201004": "無",
        "201005": "無",
        "201006": "無",
        "201007": "無",
        "201008": "無",
        "201009": "無",
        "201010": "無",
        "201011": "無",
        "201012": "無",
        "201101": "無",
        "201102": "無",
        "201103": "無",
        "201104": "無",
        "201105": "無",
        "201106": "無",
        "201107": "無",
        "201108": "無",
        "201109": "無",
        "201110": "無",
        "201111": "無",
        "201112": "無",
        "201201": "無",
        "201202": "無",
        "201203": "無",
        "201204": "無",
        "201205": "無",
        "201206": "無",
        "201207": "無",
        "201208": "無",
        "201209": "無",
        "201210": "無",
        "201211": "無",
        "201212": "無",
        "201301": "無",
        "201302": "無",
        "201303": "無",
        "201304": "無",
        "201305": "無",
        "201306": "無",
        "201307": "無",
        "201308": "無",
        "201309": "無",
        "201310": "無",
        "201311": "無",
        "201312": "無",
        "201401": "無",
        "201402": "34.94",
        "201403": "35.25",
        "201404": "38.79",
        "201405": "36.05",
        "201406": "37.40",
        "201407": "39.25",
        "201408": "38.25",
        "201409": "40.55",
        "201410": "40.44",
        "201411": "37.99",
        "201412": "41.91",
        "201501": "41.45",
        "201502": "41.01",
        "201503": "40.41",
        "201504": "36.90",
        "201505": "34.03",
        "201506": "33.41",
        "201507": "29.06",
        "201508": "24.85",
        "201509": "28.92",
        "201510": "29.03",
        "201511": "27.15",
        "201512": "30.00",
        "201601": "28.49",
        "201602": "29.52",
        "201603": "30.05",
        "201604": "27.71",
        "201605": "24.10",
        "201606": "25.18",
        "201607": "27.68",
        "201608": "28.86",
        "201609": "30.30",
        "201610": "32.55",
        "201611": "30.97",
        "201612": "30.90",
        "201701": "31.18",
        "201702": "35.56",
        "201703": "36.02",
        "201704": "34.30",
        "201705": "33.58",
        "201706": "35.82",
        "201707": "34.91",
        "201708": "36.47",
        "201709": "40.09",
        "201710": "41.10",
        "201711": "41.82",
        "201712": "52.05",
        "201801": "57.18",
        "201802": "57.21",
        "201803": "61.43",
        "201804": "59.82",
        "201805": "65.06",
        "201806": "69.38",
        "201807": "63.51",
        "201808": "51.75",
        "201809": "40.78",
        "201810": "31.88",
        "201811": "30.16",
        "201812": "30.77",
        "201901": "31.15",
        "201902": "33.35",
        "201903": "32.55",
        "201904": "32.94",
        "201905": "29.46",
        "201906": "28.47",
        "201907": "29.77",
        "201908": "29.76",
        "201909": "32.69",
        "201910": "37.36",
        "201911": "35.80",
        "201912": "39.32",
        "202001": "37.92",
        "202002": "33.94",
        "202003": "25.99",
        "202004": "28.85",
        "202005": "30.86",
        "202006": "30.85",
        "202007": "33.69",
        "202008": "45.47",
        "202009": "50.90",
        "202010": "52.31",
        "202011": "53.23",
        "202012": "55.79",
        "202101": "55.82",
        "202102": "55.96",
        "202103": "62.65",
        "202104": "68.03",
        "202105": "61.11",
        "202106": "59.97",
        "202107": "60.54",
        "202108": "55.30",
        "202109": "52.28",
        "202110": "49.82",
        "202111": "54.25",
        "202112": "57.13",
        "202201": "57.99",
        "202202": "58.05",
        "202203": "56.82",
        "202204": "54.89",
        "202205": "51.24",
        "202206": "50.16",
        "202207": "41.90",
        "202208": "40.16",
        "202209": "40.26",
        "202210": "40.24",
        "202211": "40.90",
        "202212": "42.39",
        "202301": "42.17",
        "202302": "45.35",
        "202303": "52.18",
        "202304": "52.88",
        "202305": "52.15",
        "202306": "52.12",
        "202307": "57.32",
        "202308": "65.38",
        "202309": "72.02",
        "202310": "66.54",
        "202311": "63.81",
        "202312": "68.57"
    },
    "quarters": {
        "20011": {
            "year_quarter": 20011,
            "year": 2001,
            "quarter": 1,
            "eps": null,
            "eps_growth_year": null,
            "eps_4q": null,
            "eps_4q_growth_year": null,
            "roe": null,
            "roe_4q": 0,
            "gross_profit": null,
            "gross_margin": null,
            "gross_margin_4q_avg": 0,
            "net_income": null,
            "net_income_4q": null,
            "revenue": null,
            "revenue_4q": null,
            "common_shares": null,
            "book_valuer_per_share": null,
            "book_valuer_per_share_4q_avg": 0,
            "equity": null,
            "current_ratio": null,
            "debt_ratio": null,
            "inventory_turnover_ratio": null,
            "account_receivable_turnover_ratio": null,
            "reinvestment_rate": null,
            "research_to_sale_ratio": null,
            "price_fair": 0,
            "eps_avg_yearly": 0,
            "eps_latest_yearly": 0,
            "eps_growth_yearly": 0
        },
        "20012": {
            "year_quarter": 20012,
            "year": 2001,
            "quarter": 2,
            "eps": null,
            "eps_growth_year": null,
            "eps_4q": null,
            "eps_4q_growth_year": null,
            "roe": null,
            "roe_4q": 0,
            "gross_profit": null,
            "gross_margin": null,
            "gross_margin_4q_avg": 0,
            "net_income": null,
            "net_income_4q": null,
            "revenue": null,
            "revenue_4q": null,
            "common_shares": null,
            "book_valuer_per_share": null,
            "book_valuer_per_share_4q_avg": 0,
            "equity": null,
            "current_ratio": null,
            "debt_ratio": null,
            "inventory_turnover_ratio": null,
            "account_receivable_turnover_ratio": null,
            "reinvestment_rate": null,
            "research_to_sale_ratio": null,
            "price_fair": 0,
            "eps_avg_yearly": 0,
            "eps_latest_yearly": 0,
            "eps_growth_yearly": 0
        },
        "20013": {
            "year_quarter": 20013,
            "year": 2001,
            "quarter": 3,
            "eps": null,
            "eps_growth_year": null,
            "eps_4q": null,
            "eps_4q_growth_year": null,
            "roe": null,
            "roe_4q": 0,
            "gross_profit": null,
            "gross_margin": null,
            "gross_margin_4q_avg": 0,
            "net_income": null,
            "net_income_4q": null,
            "revenue": null,
            "revenue_4q": null,
            "common_shares": null,
            "book_valuer_per_share": null,
            "book_valuer_per_share_4q_avg": 0,
            "equity": null,
            "current_ratio": null,
            "debt_ratio": null,
            "inventory_turnover_ratio": null,
            "account_receivable_turnover_ratio": null,
            "reinvestment_rate": null,
            "research_to_sale_ratio": null,
            "price_fair": 0,
            "eps_avg_yearly": 0,
            "eps_latest_yearly": 0,
            "eps_growth_yearly": 0
        },
        "20014": {
            "year_quarter": 20014,
            "year": 2001,
            "quarter": 4,
            "eps": null,
            "eps_growth_year": null,
            "eps_4q": null,
            "eps_4q_growth_year": null,
            "roe": null,
            "roe_4q": 0,
            "gross_profit": null,
            "gross_margin": null,
            "gross_margin_4q_avg": 0,
            "net_income": null,
            "net_income_4q": null,
            "revenue": null,
            "revenue_4q": null,
            "common_shares": null,
            "book_valuer_per_share": null,
            "book_valuer_per_share_4q_avg": 0,
            "equity": null,
            "current_ratio": null,
            "debt_ratio": null,
            "inventory_turnover_ratio": null,
            "account_receivable_turnover_ratio": null,
            "reinvestment_rate": null,
            "research_to_sale_ratio": null,
            "price_fair": 0,
            "eps_avg_yearly": 0,
            "eps_latest_yearly": 0,
            "eps_growth_yearly": 0
        },
        "20021": {
            "year_quarter": 20021,
            "year": 2002,
            "quarter": 1,
            "eps": null,
            "eps_growth_year": null,
            "eps_4q": null,
            "eps_4q_growth_year": null,
            "roe": null,
            "roe_4q": 0,
            "gross_profit": null,
            "gross_margin": null,
            "gross_margin_4q_avg": 0,
            "net_income": null,
            "net_income_4q": null,
            "revenue": null,
            "revenue_4q": null,
            "common_shares": null,
            "book_valuer_per_share": null,
            "book_valuer_per_share_4q_avg": 0,
            "equity": null,
            "current_ratio": null,
            "debt_ratio": null,
            "inventory_turnover_ratio": null,
            "account_receivable_turnover_ratio": null,
            "reinvestment_rate": null,
            "research_to_sale_ratio": null,
            "price_fair": 0,
            "eps_avg_yearly": 0,
            "eps_latest_yearly": 0,
            "eps_growth_yearly": 0
        },
        "20022": {
            "year_quarter": 20022,
            "year": 2002,
            "quarter": 2,
            "eps": null,
            "eps_growth_year": null,
            "eps_4q": null,
            "eps_4q_growth_year": null,
            "roe": null,
            "roe_4q": 0,
            "gross_profit": null,
            "gross_margin": null,
            "gross_margin_4q_avg": 0,
            "net_income": null,
            "net_income_4q": null,
            "revenue": null,
            "revenue_4q": null,
            "common_shares": null,
            "book_valuer_per_share": null,
            "book_valuer_per_share_4q_avg": 0,
            "equity": null,
            "current_ratio": null,
            "debt_ratio": null,
            "inventory_turnover_ratio": null,
            "account_receivable_turnover_ratio": null,
            "reinvestment_rate": null,
            "research_to_sale_ratio": null,
            "price_fair": 0,
            "eps_avg_yearly": 0,
            "eps_latest_yearly": 0,
            "eps_growth_yearly": 0
        },
        "20023": {
            "year_quarter": 20023,
            "year": 2002,
            "quarter": 3,
            "eps": null,
            "eps_growth_year": null,
            "eps_4q": null,
            "eps_4q_growth_year": null,
            "roe": null,
            "roe_4q": 0,
            "gross_profit": null,
            "gross_margin": null,
            "gross_margin_4q_avg": 0,
            "net_income": null,
            "net_income_4q": null,
            "revenue": null,
            "revenue_4q": null,
            "common_shares": null,
            "book_valuer_per_share": null,
            "book_valuer_per_share_4q_avg": 0,
            "equity": null,
            "current_ratio": null,
            "debt_ratio": null,
            "inventory_turnover_ratio": null,
            "account_receivable_turnover_ratio": null,
            "reinvestment_rate": null,
            "research_to_sale_ratio": null,
            "price_fair": 0,
            "eps_avg_yearly": 0,
            "eps_latest_yearly": 0,
            "eps_growth_yearly": 0
        },
        "20024": {
            "year_quarter": 20024,
            "year": 2002,
            "quarter": 4,
            "eps": null,
            "eps_growth_year": null,
            "eps_4q": null,
            "eps_4q_growth_year": null,
            "roe": null,
            "roe_4q": 0,
            "gross_profit": null,
            "gross_margin": null,
            "gross_margin_4q_avg": 0,
            "net_income": null,
            "net_income_4q": null,
            "revenue": null,
            "revenue_4q": null,
            "common_shares": null,
            "book_valuer_per_share": null,
            "book_valuer_per_share_4q_avg": 0,
            "equity": null,
            "current_ratio": null,
            "debt_ratio": null,
            "inventory_turnover_ratio": null,
            "account_receivable_turnover_ratio": null,
            "reinvestment_rate": null,
            "research_to_sale_ratio": null,
            "price_fair": 0,
            "eps_avg_yearly": 0,
            "eps_latest_yearly": 0,
            "eps_growth_yearly": 0
        },
        "20031": {
            "year_quarter": 20031,
            "year": 2003,
            "quarter": 1,
            "eps": null,
            "eps_growth_year": null,
            "eps_4q": null,
            "eps_4q_growth_year": null,
            "roe": null,
            "roe_4q": 0,
            "gross_profit": null,
            "gross_margin": null,
            "gross_margin_4q_avg": 0,
            "net_income": null,
            "net_income_4q": null,
            "revenue": null,
            "revenue_4q": null,
            "common_shares": null,
            "book_valuer_per_share": null,
            "book_valuer_per_share_4q_avg": 0,
            "equity": null,
            "current_ratio": null,
            "debt_ratio": null,
            "inventory_turnover_ratio": null,
            "account_receivable_turnover_ratio": null,
            "reinvestment_rate": null,
            "research_to_sale_ratio": null,
            "price_fair": 0,
            "eps_avg_yearly": 0,
            "eps_latest_yearly": 0,
            "eps_growth_yearly": 0
        },
        "20032": {
            "year_quarter": 20032,
            "year": 2003,
            "quarter": 2,
            "eps": null,
            "eps_growth_year": null,
            "eps_4q": null,
            "eps_4q_growth_year": null,
            "roe": null,
            "roe_4q": 0,
            "gross_profit": null,
            "gross_margin": null,
            "gross_margin_4q_avg": 0,
            "net_income": null,
            "net_income_4q": null,
            "revenue": null,
            "revenue_4q": null,
            "common_shares": null,
            "book_valuer_per_share": null,
            "book_valuer_per_share_4q_avg": 0,
            "equity": null,
            "current_ratio": null,
            "debt_ratio": null,
            "inventory_turnover_ratio": null,
            "account_receivable_turnover_ratio": null,
            "reinvestment_rate": null,
            "research_to_sale_ratio": null,
            "price_fair": 0,
            "eps_avg_yearly": 0,
            "eps_latest_yearly": 0,
            "eps_growth_yearly": 0
        },
        "20033": {
            "year_quarter": 20033,
            "year": 2003,
            "quarter": 3,
            "eps": null,
            "eps_growth_year": null,
            "eps_4q": null,
            "eps_4q_growth_year": null,
            "roe": null,
            "roe_4q": 0,
            "gross_profit": null,
            "gross_margin": null,
            "gross_margin_4q_avg": 0,
            "net_income": null,
            "net_income_4q": null,
            "revenue": null,
            "revenue_4q": null,
            "common_shares": null,
            "book_valuer_per_share": null,
            "book_valuer_per_share_4q_avg": 0,
            "equity": null,
            "current_ratio": null,
            "debt_ratio": null,
            "inventory_turnover_ratio": null,
            "account_receivable_turnover_ratio": null,
            "reinvestment_rate": null,
            "research_to_sale_ratio": null,
            "price_fair": 0,
            "eps_avg_yearly": 0,
            "eps_latest_yearly": 0,
            "eps_growth_yearly": 0
        },
        "20034": {
            "year_quarter": 20034,
            "year": 2003,
            "quarter": 4,
            "eps": null,
            "eps_growth_year": null,
            "eps_4q": null,
            "eps_4q_growth_year": null,
            "roe": null,
            "roe_4q": 0,
            "gross_profit": null,
            "gross_margin": null,
            "gross_margin_4q_avg": 0,
            "net_income": null,
            "net_income_4q": null,
            "revenue": null,
            "revenue_4q": null,
            "common_shares": null,
            "book_valuer_per_share": null,
            "book_valuer_per_share_4q_avg": 0,
            "equity": null,
            "current_ratio": null,
            "debt_ratio": null,
            "inventory_turnover_ratio": null,
            "account_receivable_turnover_ratio": null,
            "reinvestment_rate": null,
            "research_to_sale_ratio": null,
            "price_fair": 0,
            "eps_avg_yearly": 0,
            "eps_latest_yearly": 0,
            "eps_growth_yearly": 0
        },
        "20041": {
            "year_quarter": 20041,
            "year": 2004,
            "quarter": 1,
            "eps": null,
            "eps_growth_year": null,
            "eps_4q": null,
            "eps_4q_growth_year": null,
            "roe": null,
            "roe_4q": 0,
            "gross_profit": null,
            "gross_margin": null,
            "gross_margin_4q_avg": 0,
            "net_income": null,
            "net_income_4q": null,
            "revenue": null,
            "revenue_4q": null,
            "common_shares": null,
            "book_valuer_per_share": null,
            "book_valuer_per_share_4q_avg": 0,
            "equity": null,
            "current_ratio": null,
            "debt_ratio": null,
            "inventory_turnover_ratio": null,
            "account_receivable_turnover_ratio": null,
            "reinvestment_rate": null,
            "research_to_sale_ratio": null,
            "price_fair": 0,
            "eps_avg_yearly": 0,
            "eps_latest_yearly": 0,
            "eps_growth_yearly": 0
        },
        "20042": {
            "year_quarter": 20042,
            "year": 2004,
            "quarter": 2,
            "eps": null,
            "eps_growth_year": null,
            "eps_4q": null,
            "eps_4q_growth_year": null,
            "roe": null,
            "roe_4q": 0,
            "gross_profit": null,
            "gross_margin": null,
            "gross_margin_4q_avg": 0,
            "net_income": null,
            "net_income_4q": null,
            "revenue": null,
            "revenue_4q": null,
            "common_shares": null,
            "book_valuer_per_share": null,
            "book_valuer_per_share_4q_avg": 0,
            "equity": null,
            "current_ratio": null,
            "debt_ratio": null,
            "inventory_turnover_ratio": null,
            "account_receivable_turnover_ratio": null,
            "reinvestment_rate": null,
            "research_to_sale_ratio": null,
            "price_fair": 0,
            "eps_avg_yearly": 0,
            "eps_latest_yearly": 0,
            "eps_growth_yearly": 0
        },
        "20043": {
            "year_quarter": 20043,
            "year": 2004,
            "quarter": 3,
            "eps": null,
            "eps_growth_year": null,
            "eps_4q": null,
            "eps_4q_growth_year": null,
            "roe": null,
            "roe_4q": 0,
            "gross_profit": null,
            "gross_margin": null,
            "gross_margin_4q_avg": 0,
            "net_income": null,
            "net_income_4q": null,
            "revenue": null,
            "revenue_4q": null,
            "common_shares": null,
            "book_valuer_per_share": null,
            "book_valuer_per_share_4q_avg": 0,
            "equity": null,
            "current_ratio": null,
            "debt_ratio": null,
            "inventory_turnover_ratio": null,
            "account_receivable_turnover_ratio": null,
            "reinvestment_rate": null,
            "research_to_sale_ratio": null,
            "price_fair": 0,
            "eps_avg_yearly": 0,
            "eps_latest_yearly": 0,
            "eps_growth_yearly": 0
        },
        "20044": {
            "year_quarter": 20044,
            "year": 2004,
            "quarter": 4,
            "eps": null,
            "eps_growth_year": null,
            "eps_4q": null,
            "eps_4q_growth_year": null,
            "roe": null,
            "roe_4q": 0,
            "gross_profit": null,
            "gross_margin": null,
            "gross_margin_4q_avg": 0,
            "net_income": null,
            "net_income_4q": null,
            "revenue": null,
            "revenue_4q": null,
            "common_shares": null,
            "book_valuer_per_share": null,
            "book_valuer_per_share_4q_avg": 0,
            "equity": null,
            "current_ratio": null,
            "debt_ratio": null,
            "inventory_turnover_ratio": null,
            "account_receivable_turnover_ratio": null,
            "reinvestment_rate": null,
            "research_to_sale_ratio": null,
            "price_fair": 0,
            "eps_avg_yearly": 0,
            "eps_latest_yearly": 0,
            "eps_growth_yearly": 0
        },
        "20051": {
            "year_quarter": 20051,
            "year": 2005,
            "quarter": 1,
            "eps": null,
            "eps_growth_year": null,
            "eps_4q": null,
            "eps_4q_growth_year": null,
            "roe": null,
            "roe_4q": 0,
            "gross_profit": null,
            "gross_margin": null,
            "gross_margin_4q_avg": 0,
            "net_income": null,
            "net_income_4q": null,
            "revenue": null,
            "revenue_4q": null,
            "common_shares": null,
            "book_valuer_per_share": null,
            "book_valuer_per_share_4q_avg": 0,
            "equity": null,
            "current_ratio": null,
            "debt_ratio": null,
            "inventory_turnover_ratio": null,
            "account_receivable_turnover_ratio": null,
            "reinvestment_rate": null,
            "research_to_sale_ratio": null,
            "price_fair": 0,
            "eps_avg_yearly": 0,
            "eps_latest_yearly": 0,
            "eps_growth_yearly": 0
        },
        "20052": {
            "year_quarter": 20052,
            "year": 2005,
            "quarter": 2,
            "eps": null,
            "eps_growth_year": null,
            "eps_4q": null,
            "eps_4q_growth_year": null,
            "roe": null,
            "roe_4q": 0,
            "gross_profit": null,
            "gross_margin": null,
            "gross_margin_4q_avg": 0,
            "net_income": null,
            "net_income_4q": null,
            "revenue": null,
            "revenue_4q": null,
            "common_shares": null,
            "book_valuer_per_share": null,
            "book_valuer_per_share_4q_avg": 0,
            "equity": null,
            "current_ratio": null,
            "debt_ratio": null,
            "inventory_turnover_ratio": null,
            "account_receivable_turnover_ratio": null,
            "reinvestment_rate": null,
            "research_to_sale_ratio": null,
            "price_fair": 0,
            "eps_avg_yearly": 0,
            "eps_latest_yearly": 0,
            "eps_growth_yearly": 0
        },
        "20053": {
            "year_quarter": 20053,
            "year": 2005,
            "quarter": 3,
            "eps": null,
            "eps_growth_year": null,
            "eps_4q": null,
            "eps_4q_growth_year": null,
            "roe": null,
            "roe_4q": 0,
            "gross_profit": null,
            "gross_margin": null,
            "gross_margin_4q_avg": 0,
            "net_income": null,
            "net_income_4q": null,
            "revenue": null,
            "revenue_4q": null,
            "common_shares": null,
            "book_valuer_per_share": null,
            "book_valuer_per_share_4q_avg": 0,
            "equity": null,
            "current_ratio": null,
            "debt_ratio": null,
            "inventory_turnover_ratio": null,
            "account_receivable_turnover_ratio": null,
            "reinvestment_rate": null,
            "research_to_sale_ratio": null,
            "price_fair": 0,
            "eps_avg_yearly": 0,
            "eps_latest_yearly": 0,
            "eps_growth_yearly": 0
        },
        "20054": {
            "year_quarter": 20054,
            "year": 2005,
            "quarter": 4,
            "eps": null,
            "eps_growth_year": null,
            "eps_4q": null,
            "eps_4q_growth_year": null,
            "roe": null,
            "roe_4q": 0,
            "gross_profit": null,
            "gross_margin": null,
            "gross_margin_4q_avg": 0,
            "net_income": null,
            "net_income_4q": null,
            "revenue": null,
            "revenue_4q": null,
            "common_shares": null,
            "book_valuer_per_share": null,
            "book_valuer_per_share_4q_avg": 0,
            "equity": null,
            "current_ratio": null,
            "debt_ratio": null,
            "inventory_turnover_ratio": null,
            "account_receivable_turnover_ratio": null,
            "reinvestment_rate": null,
            "research_to_sale_ratio": null,
            "price_fair": 0,
            "eps_avg_yearly": 0,
            "eps_latest_yearly": 0,
            "eps_growth_yearly": 0
        },
        "20061": {
            "year_quarter": 20061,
            "year": 2006,
            "quarter": 1,
            "eps": null,
            "eps_growth_year": null,
            "eps_4q": null,
            "eps_4q_growth_year": null,
            "roe": null,
            "roe_4q": 0,
            "gross_profit": null,
            "gross_margin": null,
            "gross_margin_4q_avg": 0,
            "net_income": null,
            "net_income_4q": null,
            "revenue": null,
            "revenue_4q": null,
            "common_shares": null,
            "book_valuer_per_share": null,
            "book_valuer_per_share_4q_avg": 0,
            "equity": null,
            "current_ratio": null,
            "debt_ratio": null,
            "inventory_turnover_ratio": null,
            "account_receivable_turnover_ratio": null,
            "reinvestment_rate": null,
            "research_to_sale_ratio": null,
            "price_fair": 0,
            "eps_avg_yearly": 0,
            "eps_latest_yearly": 0,
            "eps_growth_yearly": 0
        },
        "20062": {
            "year_quarter": 20062,
            "year": 2006,
            "quarter": 2,
            "eps": null,
            "eps_growth_year": null,
            "eps_4q": null,
            "eps_4q_growth_year": null,
            "roe": null,
            "roe_4q": 0,
            "gross_profit": null,
            "gross_margin": null,
            "gross_margin_4q_avg": 0,
            "net_income": null,
            "net_income_4q": null,
            "revenue": null,
            "revenue_4q": null,
            "common_shares": null,
            "book_valuer_per_share": null,
            "book_valuer_per_share_4q_avg": 0,
            "equity": null,
            "current_ratio": null,
            "debt_ratio": null,
            "inventory_turnover_ratio": null,
            "account_receivable_turnover_ratio": null,
            "reinvestment_rate": null,
            "research_to_sale_ratio": null,
            "price_fair": 0,
            "eps_avg_yearly": 0,
            "eps_latest_yearly": 0,
            "eps_growth_yearly": 0
        },
        "20063": {
            "year_quarter": 20063,
            "year": 2006,
            "quarter": 3,
            "eps": null,
            "eps_growth_year": null,
            "eps_4q": null,
            "eps_4q_growth_year": null,
            "roe": null,
            "roe_4q": 0,
            "gross_profit": null,
            "gross_margin": null,
            "gross_margin_4q_avg": 0,
            "net_income": null,
            "net_income_4q": null,
            "revenue": null,
            "revenue_4q": null,
            "common_shares": null,
            "book_valuer_per_share": null,
            "book_valuer_per_share_4q_avg": 0,
            "equity": null,
            "current_ratio": null,
            "debt_ratio": null,
            "inventory_turnover_ratio": null,
            "account_receivable_turnover_ratio": null,
            "reinvestment_rate": null,
            "research_to_sale_ratio": null,
            "price_fair": 0,
            "eps_avg_yearly": 0,
            "eps_latest_yearly": 0,
            "eps_growth_yearly": 0
        },
        "20064": {
            "year_quarter": 20064,
            "year": 2006,
            "quarter": 4,
            "eps": null,
            "eps_growth_year": null,
            "eps_4q": null,
            "eps_4q_growth_year": null,
            "roe": null,
            "roe_4q": 0,
            "gross_profit": null,
            "gross_margin": null,
            "gross_margin_4q_avg": 0,
            "net_income": null,
            "net_income_4q": null,
            "revenue": null,
            "revenue_4q": null,
            "common_shares": null,
            "book_valuer_per_share": null,
            "book_valuer_per_share_4q_avg": 0,
            "equity": null,
            "current_ratio": null,
            "debt_ratio": null,
            "inventory_turnover_ratio": null,
            "account_receivable_turnover_ratio": null,
            "reinvestment_rate": null,
            "research_to_sale_ratio": null,
            "price_fair": 0,
            "eps_avg_yearly": 0,
            "eps_latest_yearly": 0,
            "eps_growth_yearly": 0
        },
        "20071": {
            "year_quarter": 20071,
            "year": 2007,
            "quarter": 1,
            "eps": null,
            "eps_growth_year": null,
            "eps_4q": null,
            "eps_4q_growth_year": null,
            "roe": null,
            "roe_4q": 0,
            "gross_profit": null,
            "gross_margin": null,
            "gross_margin_4q_avg": 0,
            "net_income": null,
            "net_income_4q": null,
            "revenue": null,
            "revenue_4q": null,
            "common_shares": null,
            "book_valuer_per_share": null,
            "book_valuer_per_share_4q_avg": 0,
            "equity": null,
            "current_ratio": null,
            "debt_ratio": null,
            "inventory_turnover_ratio": null,
            "account_receivable_turnover_ratio": null,
            "reinvestment_rate": null,
            "research_to_sale_ratio": null,
            "price_fair": 0,
            "eps_avg_yearly": 0,
            "eps_latest_yearly": 0,
            "eps_growth_yearly": 0
        },
        "20072": {
            "year_quarter": 20072,
            "year": 2007,
            "quarter": 2,
            "eps": null,
            "eps_growth_year": null,
            "eps_4q": null,
            "eps_4q_growth_year": null,
            "roe": null,
            "roe_4q": 0,
            "gross_profit": null,
            "gross_margin": null,
            "gross_margin_4q_avg": 0,
            "net_income": null,
            "net_income_4q": null,
            "revenue": null,
            "revenue_4q": null,
            "common_shares": null,
            "book_valuer_per_share": null,
            "book_valuer_per_share_4q_avg": 0,
            "equity": null,
            "current_ratio": null,
            "debt_ratio": null,
            "inventory_turnover_ratio": null,
            "account_receivable_turnover_ratio": null,
            "reinvestment_rate": null,
            "research_to_sale_ratio": null,
            "price_fair": 0,
            "eps_avg_yearly": 0,
            "eps_latest_yearly": 0,
            "eps_growth_yearly": 0
        },
        "20073": {
            "year_quarter": 20073,
            "year": 2007,
            "quarter": 3,
            "eps": null,
            "eps_growth_year": null,
            "eps_4q": null,
            "eps_4q_growth_year": null,
            "roe": null,
            "roe_4q": 0,
            "gross_profit": null,
            "gross_margin": null,
            "gross_margin_4q_avg": 0,
            "net_income": null,
            "net_income_4q": null,
            "revenue": null,
            "revenue_4q": null,
            "common_shares": null,
            "book_valuer_per_share": null,
            "book_valuer_per_share_4q_avg": 0,
            "equity": null,
            "current_ratio": null,
            "debt_ratio": null,
            "inventory_turnover_ratio": null,
            "account_receivable_turnover_ratio": null,
            "reinvestment_rate": null,
            "research_to_sale_ratio": null,
            "price_fair": 0,
            "eps_avg_yearly": 0,
            "eps_latest_yearly": 0,
            "eps_growth_yearly": 0
        },
        "20074": {
            "year_quarter": 20074,
            "year": 2007,
            "quarter": 4,
            "eps": null,
            "eps_growth_year": null,
            "eps_4q": null,
            "eps_4q_growth_year": null,
            "roe": null,
            "roe_4q": 0,
            "gross_profit": null,
            "gross_margin": null,
            "gross_margin_4q_avg": 0,
            "net_income": null,
            "net_income_4q": null,
            "revenue": null,
            "revenue_4q": null,
            "common_shares": null,
            "book_valuer_per_share": null,
            "book_valuer_per_share_4q_avg": 0,
            "equity": null,
            "current_ratio": null,
            "debt_ratio": null,
            "inventory_turnover_ratio": null,
            "account_receivable_turnover_ratio": null,
            "reinvestment_rate": null,
            "research_to_sale_ratio": null,
            "price_fair": 0,
            "eps_avg_yearly": 0,
            "eps_latest_yearly": 0,
            "eps_growth_yearly": 0
        },
        "20081": {
            "year_quarter": 20081,
            "year": 2008,
            "quarter": 1,
            "eps": null,
            "eps_growth_year": null,
            "eps_4q": null,
            "eps_4q_growth_year": null,
            "roe": null,
            "roe_4q": 0,
            "gross_profit": null,
            "gross_margin": null,
            "gross_margin_4q_avg": 0,
            "net_income": null,
            "net_income_4q": null,
            "revenue": null,
            "revenue_4q": null,
            "common_shares": null,
            "book_valuer_per_share": null,
            "book_valuer_per_share_4q_avg": 0,
            "equity": null,
            "current_ratio": null,
            "debt_ratio": null,
            "inventory_turnover_ratio": null,
            "account_receivable_turnover_ratio": null,
            "reinvestment_rate": null,
            "research_to_sale_ratio": null,
            "price_fair": 0,
            "eps_avg_yearly": 0,
            "eps_latest_yearly": 0,
            "eps_growth_yearly": 0
        },
        "20082": {
            "year_quarter": 20082,
            "year": 2008,
            "quarter": 2,
            "eps": null,
            "eps_growth_year": null,
            "eps_4q": null,
            "eps_4q_growth_year": null,
            "roe": null,
            "roe_4q": 0,
            "gross_profit": null,
            "gross_margin": null,
            "gross_margin_4q_avg": 0,
            "net_income": null,
            "net_income_4q": null,
            "revenue": null,
            "revenue_4q": null,
            "common_shares": null,
            "book_valuer_per_share": null,
            "book_valuer_per_share_4q_avg": 0,
            "equity": null,
            "current_ratio": null,
            "debt_ratio": null,
            "inventory_turnover_ratio": null,
            "account_receivable_turnover_ratio": null,
            "reinvestment_rate": null,
            "research_to_sale_ratio": null,
            "price_fair": 0,
            "eps_avg_yearly": 0,
            "eps_latest_yearly": 0,
            "eps_growth_yearly": 0
        },
        "20083": {
            "year_quarter": 20083,
            "year": 2008,
            "quarter": 3,
            "eps": null,
            "eps_growth_year": null,
            "eps_4q": null,
            "eps_4q_growth_year": null,
            "roe": null,
            "roe_4q": 0,
            "gross_profit": null,
            "gross_margin": null,
            "gross_margin_4q_avg": 0,
            "net_income": null,
            "net_income_4q": null,
            "revenue": null,
            "revenue_4q": null,
            "common_shares": null,
            "book_valuer_per_share": null,
            "book_valuer_per_share_4q_avg": 0,
            "equity": null,
            "current_ratio": null,
            "debt_ratio": null,
            "inventory_turnover_ratio": null,
            "account_receivable_turnover_ratio": null,
            "reinvestment_rate": null,
            "research_to_sale_ratio": null,
            "price_fair": 0,
            "eps_avg_yearly": 0,
            "eps_latest_yearly": 0,
            "eps_growth_yearly": 0
        },
        "20084": {
            "year_quarter": 20084,
            "year": 2008,
            "quarter": 4,
            "eps": null,
            "eps_growth_year": null,
            "eps_4q": null,
            "eps_4q_growth_year": null,
            "roe": null,
            "roe_4q": 0,
            "gross_profit": null,
            "gross_margin": null,
            "gross_margin_4q_avg": 0,
            "net_income": null,
            "net_income_4q": null,
            "revenue": null,
            "revenue_4q": null,
            "common_shares": null,
            "book_valuer_per_share": null,
            "book_valuer_per_share_4q_avg": 0,
            "equity": null,
            "current_ratio": null,
            "debt_ratio": null,
            "inventory_turnover_ratio": null,
            "account_receivable_turnover_ratio": null,
            "reinvestment_rate": null,
            "research_to_sale_ratio": null,
            "price_fair": 0,
            "eps_avg_yearly": 0,
            "eps_latest_yearly": 0,
            "eps_growth_yearly": 0
        },
        "20091": {
            "year_quarter": 20091,
            "year": 2009,
            "quarter": 1,
            "eps": null,
            "eps_growth_year": null,
            "eps_4q": null,
            "eps_4q_growth_year": null,
            "roe": null,
            "roe_4q": 0,
            "gross_profit": null,
            "gross_margin": null,
            "gross_margin_4q_avg": 0,
            "net_income": null,
            "net_income_4q": null,
            "revenue": null,
            "revenue_4q": null,
            "common_shares": null,
            "book_valuer_per_share": null,
            "book_valuer_per_share_4q_avg": 0,
            "equity": null,
            "current_ratio": null,
            "debt_ratio": null,
            "inventory_turnover_ratio": null,
            "account_receivable_turnover_ratio": null,
            "reinvestment_rate": null,
            "research_to_sale_ratio": null,
            "price_fair": 0,
            "eps_avg_yearly": 0,
            "eps_latest_yearly": 0,
            "eps_growth_yearly": 0
        },
        "20092": {
            "year_quarter": 20092,
            "year": 2009,
            "quarter": 2,
            "eps": null,
            "eps_growth_year": null,
            "eps_4q": null,
            "eps_4q_growth_year": null,
            "roe": null,
            "roe_4q": 0,
            "gross_profit": null,
            "gross_margin": null,
            "gross_margin_4q_avg": 0,
            "net_income": null,
            "net_income_4q": null,
            "revenue": null,
            "revenue_4q": null,
            "common_shares": null,
            "book_valuer_per_share": null,
            "book_valuer_per_share_4q_avg": 0,
            "equity": null,
            "current_ratio": null,
            "debt_ratio": null,
            "inventory_turnover_ratio": null,
            "account_receivable_turnover_ratio": null,
            "reinvestment_rate": null,
            "research_to_sale_ratio": null,
            "price_fair": 0,
            "eps_avg_yearly": 0,
            "eps_latest_yearly": 0,
            "eps_growth_yearly": 0
        },
        "20093": {
            "year_quarter": 20093,
            "year": 2009,
            "quarter": 3,
            "eps": null,
            "eps_growth_year": null,
            "eps_4q": null,
            "eps_4q_growth_year": null,
            "roe": null,
            "roe_4q": 0,
            "gross_profit": null,
            "gross_margin": null,
            "gross_margin_4q_avg": 0,
            "net_income": null,
            "net_income_4q": null,
            "revenue": null,
            "revenue_4q": null,
            "common_shares": null,
            "book_valuer_per_share": null,
            "book_valuer_per_share_4q_avg": 0,
            "equity": null,
            "current_ratio": null,
            "debt_ratio": null,
            "inventory_turnover_ratio": null,
            "account_receivable_turnover_ratio": null,
            "reinvestment_rate": null,
            "research_to_sale_ratio": null,
            "price_fair": 0,
            "eps_avg_yearly": 0,
            "eps_latest_yearly": 0,
            "eps_growth_yearly": 0
        },
        "20094": {
            "year_quarter": 20094,
            "year": 2009,
            "quarter": 4,
            "eps": null,
            "eps_growth_year": null,
            "eps_4q": null,
            "eps_4q_growth_year": null,
            "roe": null,
            "roe_4q": 0,
            "gross_profit": null,
            "gross_margin": null,
            "gross_margin_4q_avg": 0,
            "net_income": null,
            "net_income_4q": null,
            "revenue": null,
            "revenue_4q": null,
            "common_shares": null,
            "book_valuer_per_share": null,
            "book_valuer_per_share_4q_avg": 0,
            "equity": null,
            "current_ratio": null,
            "debt_ratio": null,
            "inventory_turnover_ratio": null,
            "account_receivable_turnover_ratio": null,
            "reinvestment_rate": null,
            "research_to_sale_ratio": null,
            "price_fair": 0,
            "eps_avg_yearly": 0,
            "eps_latest_yearly": 0,
            "eps_growth_yearly": 0
        },
        "20101": {
            "year_quarter": 20101,
            "year": 2010,
            "quarter": 1,
            "eps": null,
            "eps_growth_year": null,
            "eps_4q": null,
            "eps_4q_growth_year": null,
            "roe": null,
            "roe_4q": 0,
            "gross_profit": null,
            "gross_margin": null,
            "gross_margin_4q_avg": 0,
            "net_income": null,
            "net_income_4q": null,
            "revenue": null,
            "revenue_4q": null,
            "common_shares": null,
            "book_valuer_per_share": null,
            "book_valuer_per_share_4q_avg": 0,
            "equity": null,
            "current_ratio": null,
            "debt_ratio": null,
            "inventory_turnover_ratio": null,
            "account_receivable_turnover_ratio": null,
            "reinvestment_rate": null,
            "research_to_sale_ratio": null,
            "price_fair": 0,
            "eps_avg_yearly": 0,
            "eps_latest_yearly": 0,
            "eps_growth_yearly": 0
        },
        "20102": {
            "year_quarter": 20102,
            "year": 2010,
            "quarter": 2,
            "eps": null,
            "eps_growth_year": null,
            "eps_4q": null,
            "eps_4q_growth_year": null,
            "roe": null,
            "roe_4q": 0,
            "gross_profit": null,
            "gross_margin": null,
            "gross_margin_4q_avg": 0,
            "net_income": null,
            "net_income_4q": null,
            "revenue": null,
            "revenue_4q": null,
            "common_shares": null,
            "book_valuer_per_share": null,
            "book_valuer_per_share_4q_avg": 0,
            "equity": null,
            "current_ratio": null,
            "debt_ratio": null,
            "inventory_turnover_ratio": null,
            "account_receivable_turnover_ratio": null,
            "reinvestment_rate": null,
            "research_to_sale_ratio": null,
            "price_fair": 0,
            "eps_avg_yearly": 0,
            "eps_latest_yearly": 0,
            "eps_growth_yearly": 0
        },
        "20103": {
            "year_quarter": 20103,
            "year": 2010,
            "quarter": 3,
            "eps": null,
            "eps_growth_year": null,
            "eps_4q": null,
            "eps_4q_growth_year": null,
            "roe": null,
            "roe_4q": 0,
            "gross_profit": null,
            "gross_margin": null,
            "gross_margin_4q_avg": 0,
            "net_income": null,
            "net_income_4q": null,
            "revenue": null,
            "revenue_4q": null,
            "common_shares": null,
            "book_valuer_per_share": null,
            "book_valuer_per_share_4q_avg": 0,
            "equity": null,
            "current_ratio": null,
            "debt_ratio": null,
            "inventory_turnover_ratio": null,
            "account_receivable_turnover_ratio": null,
            "reinvestment_rate": null,
            "research_to_sale_ratio": null,
            "price_fair": 0,
            "eps_avg_yearly": 0,
            "eps_latest_yearly": 0,
            "eps_growth_yearly": 0
        },
        "20104": {
            "year_quarter": 20104,
            "year": 2010,
            "quarter": 4,
            "eps": null,
            "eps_growth_year": null,
            "eps_4q": null,
            "eps_4q_growth_year": null,
            "roe": null,
            "roe_4q": 0,
            "gross_profit": null,
            "gross_margin": null,
            "gross_margin_4q_avg": 0,
            "net_income": null,
            "net_income_4q": null,
            "revenue": null,
            "revenue_4q": null,
            "common_shares": 585210,
            "book_valuer_per_share": 10.16,
            "book_valuer_per_share_4q_avg": 2.54,
            "equity": 594711,
            "current_ratio": 177.25,
            "debt_ratio": 44.12,
            "inventory_turnover_ratio": null,
            "account_receivable_turnover_ratio": null,
            "reinvestment_rate": null,
            "research_to_sale_ratio": null,
            "price_fair": 0,
            "eps_avg_yearly": 0,
            "eps_latest_yearly": 0,
            "eps_growth_yearly": 0
        },
        "20111": {
            "year_quarter": 20111,
            "year": 2011,
            "quarter": 1,
            "eps": null,
            "eps_growth_year": null,
            "eps_4q": null,
            "eps_4q_growth_year": null,
            "roe": null,
            "roe_4q": 0,
            "gross_profit": null,
            "gross_margin": null,
            "gross_margin_4q_avg": 0,
            "net_income": null,
            "net_income_4q": null,
            "revenue": null,
            "revenue_4q": null,
            "common_shares": null,
            "book_valuer_per_share": null,
            "book_valuer_per_share_4q_avg": 2.54,
            "equity": null,
            "current_ratio": null,
            "debt_ratio": null,
            "inventory_turnover_ratio": null,
            "account_receivable_turnover_ratio": null,
            "reinvestment_rate": null,
            "research_to_sale_ratio": null,
            "price_fair": 0,
            "eps_avg_yearly": 0,
            "eps_latest_yearly": 0,
            "eps_growth_yearly": 0
        },
        "20112": {
            "year_quarter": 20112,
            "year": 2011,
            "quarter": 2,
            "eps": null,
            "eps_growth_year": null,
            "eps_4q": null,
            "eps_4q_growth_year": null,
            "roe": null,
            "roe_4q": 0,
            "gross_profit": null,
            "gross_margin": null,
            "gross_margin_4q_avg": 0,
            "net_income": null,
            "net_income_4q": null,
            "revenue": null,
            "revenue_4q": null,
            "common_shares": null,
            "book_valuer_per_share": null,
            "book_valuer_per_share_4q_avg": 2.54,
            "equity": null,
            "current_ratio": null,
            "debt_ratio": null,
            "inventory_turnover_ratio": null,
            "account_receivable_turnover_ratio": null,
            "reinvestment_rate": null,
            "research_to_sale_ratio": null,
            "price_fair": 0,
            "eps_avg_yearly": 0,
            "eps_latest_yearly": 0,
            "eps_growth_yearly": 0
        },
        "20113": {
            "year_quarter": 20113,
            "year": 2011,
            "quarter": 3,
            "eps": null,
            "eps_growth_year": null,
            "eps_4q": null,
            "eps_4q_growth_year": null,
            "roe": null,
            "roe_4q": 0,
            "gross_profit": null,
            "gross_margin": null,
            "gross_margin_4q_avg": 0,
            "net_income": null,
            "net_income_4q": null,
            "revenue": null,
            "revenue_4q": null,
            "common_shares": null,
            "book_valuer_per_share": null,
            "book_valuer_per_share_4q_avg": 2.54,
            "equity": null,
            "current_ratio": null,
            "debt_ratio": null,
            "inventory_turnover_ratio": null,
            "account_receivable_turnover_ratio": null,
            "reinvestment_rate": null,
            "research_to_sale_ratio": null,
            "price_fair": 0,
            "eps_avg_yearly": 0,
            "eps_latest_yearly": 0,
            "eps_growth_yearly": 0
        },
        "20114": {
            "year_quarter": 20114,
            "year": 2011,
            "quarter": 4,
            "eps": null,
            "eps_growth_year": null,
            "eps_4q": null,
            "eps_4q_growth_year": null,
            "roe": null,
            "roe_4q": 0,
            "gross_profit": null,
            "gross_margin": null,
            "gross_margin_4q_avg": 0,
            "net_income": null,
            "net_income_4q": null,
            "revenue": null,
            "revenue_4q": null,
            "common_shares": 589709,
            "book_valuer_per_share": 11.62,
            "book_valuer_per_share_4q_avg": 2.91,
            "equity": 685159,
            "current_ratio": 108,
            "debt_ratio": 52.72,
            "inventory_turnover_ratio": null,
            "account_receivable_turnover_ratio": null,
            "reinvestment_rate": null,
            "research_to_sale_ratio": null,
            "price_fair": 0,
            "eps_avg_yearly": 0,
            "eps_latest_yearly": 0,
            "eps_growth_yearly": 0
        },
        "20121": {
            "year_quarter": 20121,
            "year": 2012,
            "quarter": 1,
            "eps": null,
            "eps_growth_year": null,
            "eps_4q": null,
            "eps_4q_growth_year": null,
            "roe": null,
            "roe_4q": 0,
            "gross_profit": null,
            "gross_margin": null,
            "gross_margin_4q_avg": 0,
            "net_income": null,
            "net_income_4q": null,
            "revenue": null,
            "revenue_4q": null,
            "common_shares": null,
            "book_valuer_per_share": null,
            "book_valuer_per_share_4q_avg": 2.91,
            "equity": null,
            "current_ratio": null,
            "debt_ratio": null,
            "inventory_turnover_ratio": null,
            "account_receivable_turnover_ratio": null,
            "reinvestment_rate": null,
            "research_to_sale_ratio": null,
            "price_fair": 0,
            "eps_avg_yearly": 0,
            "eps_latest_yearly": 0,
            "eps_growth_yearly": 0
        },
        "20122": {
            "year_quarter": 20122,
            "year": 2012,
            "quarter": 2,
            "eps": null,
            "eps_growth_year": null,
            "eps_4q": null,
            "eps_4q_growth_year": null,
            "roe": null,
            "roe_4q": 0,
            "gross_profit": null,
            "gross_margin": null,
            "gross_margin_4q_avg": 0,
            "net_income": null,
            "net_income_4q": null,
            "revenue": null,
            "revenue_4q": null,
            "common_shares": null,
            "book_valuer_per_share": null,
            "book_valuer_per_share_4q_avg": 2.91,
            "equity": null,
            "current_ratio": null,
            "debt_ratio": null,
            "inventory_turnover_ratio": null,
            "account_receivable_turnover_ratio": null,
            "reinvestment_rate": null,
            "research_to_sale_ratio": null,
            "price_fair": 0,
            "eps_avg_yearly": 0,
            "eps_latest_yearly": 0,
            "eps_growth_yearly": 0
        },
        "20123": {
            "year_quarter": 20123,
            "year": 2012,
            "quarter": 3,
            "eps": null,
            "eps_growth_year": null,
            "eps_4q": null,
            "eps_4q_growth_year": null,
            "roe": null,
            "roe_4q": 0,
            "gross_profit": null,
            "gross_margin": null,
            "gross_margin_4q_avg": 0,
            "net_income": null,
            "net_income_4q": null,
            "revenue": null,
            "revenue_4q": null,
            "common_shares": null,
            "book_valuer_per_share": null,
            "book_valuer_per_share_4q_avg": 2.91,
            "equity": null,
            "current_ratio": null,
            "debt_ratio": null,
            "inventory_turnover_ratio": null,
            "account_receivable_turnover_ratio": null,
            "reinvestment_rate": null,
            "research_to_sale_ratio": null,
            "price_fair": 0,
            "eps_avg_yearly": 0,
            "eps_latest_yearly": 0,
            "eps_growth_yearly": 0
        },
        "20124": {
            "year_quarter": 20124,
            "year": 2012,
            "quarter": 4,
            "eps": null,
            "eps_growth_year": null,
            "eps_4q": null,
            "eps_4q_growth_year": null,
            "roe": null,
            "roe_4q": 0,
            "gross_profit": null,
            "gross_margin": null,
            "gross_margin_4q_avg": 0,
            "net_income": null,
            "net_income_4q": null,
            "revenue": null,
            "revenue_4q": null,
            "common_shares": 632901,
            "book_valuer_per_share": 11.84,
            "book_valuer_per_share_4q_avg": 2.96,
            "equity": 749585,
            "current_ratio": 101.8,
            "debt_ratio": 56.53,
            "inventory_turnover_ratio": null,
            "account_receivable_turnover_ratio": null,
            "reinvestment_rate": null,
            "research_to_sale_ratio": null,
            "price_fair": 0,
            "eps_avg_yearly": 0,
            "eps_latest_yearly": 0,
            "eps_growth_yearly": 0
        },
        "20131": {
            "year_quarter": 20131,
            "year": 2013,
            "quarter": 1,
            "eps": null,
            "eps_growth_year": null,
            "eps_4q": null,
            "eps_4q_growth_year": null,
            "roe": null,
            "roe_4q": 0,
            "gross_profit": null,
            "gross_margin": null,
            "gross_margin_4q_avg": 0,
            "net_income": null,
            "net_income_4q": null,
            "revenue": null,
            "revenue_4q": null,
            "common_shares": null,
            "book_valuer_per_share": null,
            "book_valuer_per_share_4q_avg": 2.96,
            "equity": null,
            "current_ratio": null,
            "debt_ratio": null,
            "inventory_turnover_ratio": null,
            "account_receivable_turnover_ratio": null,
            "reinvestment_rate": null,
            "research_to_sale_ratio": null,
            "price_fair": 0,
            "eps_avg_yearly": 0,
            "eps_latest_yearly": 0,
            "eps_growth_yearly": 0
        },
        "20132": {
            "year_quarter": 20132,
            "year": 2013,
            "quarter": 2,
            "eps": null,
            "eps_growth_year": null,
            "eps_4q": null,
            "eps_4q_growth_year": null,
            "roe": null,
            "roe_4q": 0,
            "gross_profit": null,
            "gross_margin": null,
            "gross_margin_4q_avg": 0,
            "net_income": null,
            "net_income_4q": null,
            "revenue": null,
            "revenue_4q": null,
            "common_shares": 632901,
            "book_valuer_per_share": null,
            "book_valuer_per_share_4q_avg": 2.96,
            "equity": 773367,
            "current_ratio": null,
            "debt_ratio": null,
            "inventory_turnover_ratio": null,
            "account_receivable_turnover_ratio": null,
            "reinvestment_rate": null,
            "research_to_sale_ratio": null,
            "price_fair": 0,
            "eps_avg_yearly": 0,
            "eps_latest_yearly": 0,
            "eps_growth_yearly": 0
        },
        "20133": {
            "year_quarter": 20133,
            "year": 2013,
            "quarter": 3,
            "eps": null,
            "eps_growth_year": null,
            "eps_4q": null,
            "eps_4q_growth_year": null,
            "roe": null,
            "roe_4q": 0,
            "gross_profit": 108647,
            "gross_margin": null,
            "gross_margin_4q_avg": 0,
            "net_income": 39890,
            "net_income_4q": null,
            "revenue": 355226,
            "revenue_4q": null,
            "common_shares": 632901,
            "book_valuer_per_share": null,
            "book_valuer_per_share_4q_avg": 2.96,
            "equity": 809463,
            "current_ratio": null,
            "debt_ratio": null,
            "inventory_turnover_ratio": null,
            "account_receivable_turnover_ratio": null,
            "reinvestment_rate": null,
            "research_to_sale_ratio": null,
            "price_fair": 0,
            "eps_avg_yearly": 0,
            "eps_latest_yearly": 0,
            "eps_growth_yearly": 0
        },
        "20134": {
            "year_quarter": 20134,
            "year": 2013,
            "quarter": 4,
            "eps": null,
            "eps_growth_year": null,
            "eps_4q": null,
            "eps_4q_growth_year": null,
            "roe": null,
            "roe_4q": 0,
            "gross_profit": 108678,
            "gross_margin": null,
            "gross_margin_4q_avg": 0,
            "net_income": 40532,
            "net_income_4q": null,
            "revenue": 398064,
            "revenue_4q": null,
            "common_shares": 632901,
            "book_valuer_per_share": null,
            "book_valuer_per_share_4q_avg": 0,
            "equity": 874713,
            "current_ratio": null,
            "debt_ratio": null,
            "inventory_turnover_ratio": null,
            "account_receivable_turnover_ratio": null,
            "reinvestment_rate": null,
            "research_to_sale_ratio": null,
            "price_fair": 0,
            "eps_avg_yearly": 0,
            "eps_latest_yearly": 0,
            "eps_growth_yearly": 0
        },
        "20141": {
            "year_quarter": 20141,
            "year": 2014,
            "quarter": 1,
            "eps": null,
            "eps_growth_year": null,
            "eps_4q": null,
            "eps_4q_growth_year": null,
            "roe": null,
            "roe_4q": 0,
            "gross_profit": 94522,
            "gross_margin": null,
            "gross_margin_4q_avg": 0,
            "net_income": 52260,
            "net_income_4q": null,
            "revenue": 352217,
            "revenue_4q": null,
            "common_shares": 662901,
            "book_valuer_per_share": 14.25,
            "book_valuer_per_share_4q_avg": 3.56,
            "equity": 944798,
            "current_ratio": 121.07,
            "debt_ratio": 54.37,
            "inventory_turnover_ratio": null,
            "account_receivable_turnover_ratio": null,
            "reinvestment_rate": null,
            "research_to_sale_ratio": null,
            "price_fair": 0,
            "eps_avg_yearly": 0,
            "eps_latest_yearly": 0,
            "eps_growth_yearly": 0
        },
        "20142": {
            "year_quarter": 20142,
            "year": 2014,
            "quarter": 2,
            "eps": 0.65,
            "eps_growth_year": null,
            "eps_4q": 0.65,
            "eps_4q_growth_year": null,
            "roe": 4.63,
            "roe_4q": 4.63,
            "gross_profit": 122655,
            "gross_margin": 33.32,
            "gross_margin_4q_avg": 8.33,
            "net_income": 43286,
            "net_income_4q": null,
            "revenue": 368100,
            "revenue_4q": null,
            "common_shares": 662901,
            "book_valuer_per_share": 13.97,
            "book_valuer_per_share_4q_avg": 7.06,
            "equity": 925908,
            "current_ratio": 111.35,
            "debt_ratio": 56.52,
            "inventory_turnover_ratio": 1.1,
            "account_receivable_turnover_ratio": 1.51,
            "reinvestment_rate": null,
            "research_to_sale_ratio": null,
            "price_fair": 0,
            "eps_avg_yearly": 0,
            "eps_latest_yearly": 0,
            "eps_growth_yearly": 0
        },
        "20143": {
            "year_quarter": 20143,
            "year": 2014,
            "quarter": 3,
            "eps": 0.74,
            "eps_growth_year": null,
            "eps_4q": 1.4,
            "eps_4q_growth_year": null,
            "roe": 5.17,
            "roe_4q": 9.8,
            "gross_profit": 120752,
            "gross_margin": 30.86,
            "gross_margin_4q_avg": 16.05,
            "net_income": 49419,
            "net_income_4q": null,
            "revenue": 391321,
            "revenue_4q": null,
            "common_shares": 662901,
            "book_valuer_per_share": 14.88,
            "book_valuer_per_share_4q_avg": 10.78,
            "equity": 986099,
            "current_ratio": 111.71,
            "debt_ratio": 54.7,
            "inventory_turnover_ratio": 1.1,
            "account_receivable_turnover_ratio": 0.79,
            "reinvestment_rate": null,
            "research_to_sale_ratio": 4.78,
            "price_fair": 103.6,
            "eps_avg_yearly": 2.96,
            "eps_latest_yearly": 2.96,
            "eps_growth_yearly": 55.38
        },
        "20144": {
            "year_quarter": 20144,
            "year": 2014,
            "quarter": 4,
            "eps": 0.79,
            "eps_growth_year": null,
            "eps_4q": 2.06,
            "eps_4q_growth_year": null,
            "roe": 5.1,
            "roe_4q": 14.899999999999999,
            "gross_profit": 123568,
            "gross_margin": 32.03,
            "gross_margin_4q_avg": 24.05,
            "net_income": 58069,
            "net_income_4q": null,
            "revenue": 385842,
            "revenue_4q": null,
            "common_shares": 731901,
            "book_valuer_per_share": 17.63,
            "book_valuer_per_share_4q_avg": 15.18,
            "equity": 1290487,
            "current_ratio": 141.64,
            "debt_ratio": 43.92,
            "inventory_turnover_ratio": 1.02,
            "account_receivable_turnover_ratio": 0.76,
            "reinvestment_rate": null,
            "research_to_sale_ratio": 5.31,
            "price_fair": 107.1,
            "eps_avg_yearly": 3.06,
            "eps_latest_yearly": 3.16,
            "eps_growth_yearly": 41.21
        },
        "20151": {
            "year_quarter": 20151,
            "year": 2015,
            "quarter": 1,
            "eps": 0.63,
            "eps_growth_year": null,
            "eps_4q": 2.69,
            "eps_4q_growth_year": null,
            "roe": 3.5,
            "roe_4q": 18.4,
            "gross_profit": 110687,
            "gross_margin": 33.36,
            "gross_margin_4q_avg": 32.39,
            "net_income": 45782,
            "net_income_4q": null,
            "revenue": 331777,
            "revenue_4q": null,
            "common_shares": 731901,
            "book_valuer_per_share": 18.14,
            "book_valuer_per_share_4q_avg": 16.16,
            "equity": 1327605,
            "current_ratio": 141.79,
            "debt_ratio": 41.94,
            "inventory_turnover_ratio": 0.86,
            "account_receivable_turnover_ratio": 0.69,
            "reinvestment_rate": null,
            "research_to_sale_ratio": 4.64,
            "price_fair": 28.8,
            "eps_avg_yearly": 2.88,
            "eps_latest_yearly": 2.52,
            "eps_growth_yearly": 0.47
        },
        "20152": {
            "year_quarter": 20152,
            "year": 2015,
            "quarter": 2,
            "eps": 0.53,
            "eps_growth_year": -18.83,
            "eps_4q": 2.63,
            "eps_4q_growth_year": 302.55,
            "roe": 3.04,
            "roe_4q": 16.810000000000002,
            "gross_profit": 103963,
            "gross_margin": 33.13,
            "gross_margin_4q_avg": 32.35,
            "net_income": 39117,
            "net_income_4q": null,
            "revenue": 313822,
            "revenue_4q": null,
            "common_shares": 731901,
            "book_valuer_per_share": 16.98,
            "book_valuer_per_share_4q_avg": 16.91,
            "equity": 1242990,
            "current_ratio": 131.85,
            "debt_ratio": 45.24,
            "inventory_turnover_ratio": 0.77,
            "account_receivable_turnover_ratio": 0.72,
            "reinvestment_rate": null,
            "research_to_sale_ratio": 6.17,
            "price_fair": 8.07,
            "eps_avg_yearly": 2.69,
            "eps_latest_yearly": 2.12,
            "eps_growth_yearly": -15.52
        },
        "20153": {
            "year_quarter": 20153,
            "year": 2015,
            "quarter": 3,
            "eps": 0.93,
            "eps_growth_year": 25.68,
            "eps_4q": 2.95,
            "eps_4q_growth_year": 111.09,
            "roe": 5.38,
            "roe_4q": 17.02,
            "gross_profit": 118399,
            "gross_margin": 29.97,
            "gross_margin_4q_avg": 32.12,
            "net_income": 67932,
            "net_income_4q": null,
            "revenue": 395014,
            "revenue_4q": null,
            "common_shares": 731901,
            "book_valuer_per_share": 17.94,
            "book_valuer_per_share_4q_avg": 17.67,
            "equity": 1281675,
            "current_ratio": 129.95,
            "debt_ratio": 45.93,
            "inventory_turnover_ratio": 1.02,
            "account_receivable_turnover_ratio": 0.83,
            "reinvestment_rate": null,
            "research_to_sale_ratio": 4.78,
            "price_fair": 101.36,
            "eps_avg_yearly": 2.9,
            "eps_latest_yearly": 3.72,
            "eps_growth_yearly": 47.96
        },
        "20154": {
            "year_quarter": 20154,
            "year": 2015,
            "quarter": 4,
            "eps": 0.78,
            "eps_growth_year": -1.79,
            "eps_4q": 2.94,
            "eps_4q_growth_year": 42.77,
            "roe": 4.28,
            "roe_4q": 16.2,
            "gross_profit": 132808,
            "gross_margin": 32.27,
            "gross_margin_4q_avg": 32.18,
            "net_income": 55079,
            "net_income_4q": null,
            "revenue": 411571,
            "revenue_4q": null,
            "common_shares": 731901,
            "book_valuer_per_share": 18.32,
            "book_valuer_per_share_4q_avg": 17.85,
            "equity": 1294963,
            "current_ratio": 123.77,
            "debt_ratio": 45.92,
            "inventory_turnover_ratio": 1.07,
            "account_receivable_turnover_ratio": 0.78,
            "reinvestment_rate": null,
            "research_to_sale_ratio": 4.79,
            "price_fair": 102.67,
            "eps_avg_yearly": 2.93,
            "eps_latest_yearly": 3.12,
            "eps_growth_yearly": 29.21
        },
        "20161": {
            "year_quarter": 20161,
            "year": 2016,
            "quarter": 1,
            "eps": 0.41,
            "eps_growth_year": -34.92,
            "eps_4q": 2.7,
            "eps_4q_growth_year": 0.55,
            "roe": 2.21,
            "roe_4q": 14.91,
            "gross_profit": 102246,
            "gross_margin": 29.99,
            "gross_margin_4q_avg": 31.34,
            "net_income": 28754,
            "net_income_4q": null,
            "revenue": 340911,
            "revenue_4q": null,
            "common_shares": 731901,
            "book_valuer_per_share": 18.56,
            "book_valuer_per_share_4q_avg": 17.95,
            "equity": 1311971,
            "current_ratio": 130.94,
            "debt_ratio": 44.91,
            "inventory_turnover_ratio": 0.9,
            "account_receivable_turnover_ratio": 0.68,
            "reinvestment_rate": null,
            "research_to_sale_ratio": 5.34,
            "price_fair": 8.25,
            "eps_avg_yearly": 2.75,
            "eps_latest_yearly": 1.64,
            "eps_growth_yearly": -2.07
        },
        "20162": {
            "year_quarter": 20162,
            "year": 2016,
            "quarter": 2,
            "eps": 0.73,
            "eps_growth_year": 37.74,
            "eps_4q": 2.87,
            "eps_4q_growth_year": 9.28,
            "roe": 4.03,
            "roe_4q": 15.899999999999999,
            "gross_profit": 116743,
            "gross_margin": 31.81,
            "gross_margin_4q_avg": 31.01,
            "net_income": 51303,
            "net_income_4q": null,
            "revenue": 367040,
            "revenue_4q": null,
            "common_shares": 731901,
            "book_valuer_per_share": 17.42,
            "book_valuer_per_share_4q_avg": 18.06,
            "equity": 1231361,
            "current_ratio": 121.65,
            "debt_ratio": 49.31,
            "inventory_turnover_ratio": 0.87,
            "account_receivable_turnover_ratio": 0.78,
            "reinvestment_rate": null,
            "research_to_sale_ratio": 5.09,
            "price_fair": 96.95,
            "eps_avg_yearly": 2.77,
            "eps_latest_yearly": 2.92,
            "eps_growth_yearly": 37.22
        },
        "20163": {
            "year_quarter": 20163,
            "year": 2016,
            "quarter": 3,
            "eps": 0.72,
            "eps_growth_year": -22.58,
            "eps_4q": 2.64,
            "eps_4q_growth_year": -10.71,
            "roe": 4.12,
            "roe_4q": 14.64,
            "gross_profit": 129719,
            "gross_margin": 27.74,
            "gross_margin_4q_avg": 30.45,
            "net_income": 51201,
            "net_income_4q": null,
            "revenue": 467580,
            "revenue_4q": null,
            "common_shares": 731901,
            "book_valuer_per_share": 17.73,
            "book_valuer_per_share_4q_avg": 18.01,
            "equity": 1253267,
            "current_ratio": 125.93,
            "debt_ratio": 49.4,
            "inventory_turnover_ratio": 1.16,
            "account_receivable_turnover_ratio": 0.86,
            "reinvestment_rate": null,
            "research_to_sale_ratio": 3.6,
            "price_fair": 97.38,
            "eps_avg_yearly": 2.78,
            "eps_latest_yearly": 2.88,
            "eps_growth_yearly": 32.47
        },
        "20164": {
            "year_quarter": 20164,
            "year": 2016,
            "quarter": 4,
            "eps": 1.04,
            "eps_growth_year": 33.54,
            "eps_4q": 2.9,
            "eps_4q_growth_year": -1.49,
            "roe": 5.72,
            "roe_4q": 16.080000000000002,
            "gross_profit": 140998,
            "gross_margin": 29.53,
            "gross_margin_4q_avg": 29.77,
            "net_income": 73552,
            "net_income_4q": null,
            "revenue": 477491,
            "revenue_4q": null,
            "common_shares": 731901,
            "book_valuer_per_share": 18.65,
            "book_valuer_per_share_4q_avg": 18.09,
            "equity": 1318245,
            "current_ratio": 130.08,
            "debt_ratio": 48.33,
            "inventory_turnover_ratio": 1.22,
            "account_receivable_turnover_ratio": 0.69,
            "reinvestment_rate": null,
            "research_to_sale_ratio": 5.97,
            "price_fair": 102.2,
            "eps_avg_yearly": 2.92,
            "eps_latest_yearly": 4.16,
            "eps_growth_yearly": 47
        },
        "20171": {
            "year_quarter": 20171,
            "year": 2017,
            "quarter": 1,
            "eps": 0.16,
            "eps_growth_year": -60.98,
            "eps_4q": 2.65,
            "eps_4q_growth_year": -1.71,
            "roe": 0.88,
            "roe_4q": 14.75,
            "gross_profit": 105388,
            "gross_margin": 28.15,
            "gross_margin_4q_avg": 29.31,
            "net_income": 11570,
            "net_income_4q": null,
            "revenue": 374364,
            "revenue_4q": null,
            "common_shares": 731901,
            "book_valuer_per_share": 18.41,
            "book_valuer_per_share_4q_avg": 18.05,
            "equity": 1301164,
            "current_ratio": 187.86,
            "debt_ratio": 44.74,
            "inventory_turnover_ratio": 0.95,
            "account_receivable_turnover_ratio": 0.55,
            "reinvestment_rate": null,
            "research_to_sale_ratio": 3.77,
            "price_fair": 59.57,
            "eps_avg_yearly": 2.71,
            "eps_latest_yearly": 0.64,
            "eps_growth_yearly": 11.96
        },
        "20172": {
            "year_quarter": 20172,
            "year": 2017,
            "quarter": 2,
            "eps": 0.73,
            "eps_growth_year": 0,
            "eps_4q": 2.66,
            "eps_4q_growth_year": -7.46,
            "roe": 4.06,
            "roe_4q": 14.780000000000001,
            "gross_profit": 124991,
            "gross_margin": 29.36,
            "gross_margin_4q_avg": 28.7,
            "net_income": 51589,
            "net_income_4q": null,
            "revenue": 425655,
            "revenue_4q": null,
            "common_shares": 731901,
            "book_valuer_per_share": 17.55,
            "book_valuer_per_share_4q_avg": 18.09,
            "equity": 1240775,
            "current_ratio": 159.63,
            "debt_ratio": 50.54,
            "inventory_turnover_ratio": 1.01,
            "account_receivable_turnover_ratio": 0.71,
            "reinvestment_rate": 13.14,
            "research_to_sale_ratio": 4.18,
            "price_fair": 95.55,
            "eps_avg_yearly": 2.73,
            "eps_latest_yearly": 2.92,
            "eps_growth_yearly": 129.71
        },
        "20173": {
            "year_quarter": 20173,
            "year": 2017,
            "quarter": 3,
            "eps": 0.91,
            "eps_growth_year": 26.39,
            "eps_4q": 2.85,
            "eps_4q_growth_year": 8.03,
            "roe": 5.05,
            "roe_4q": 15.71,
            "gross_profit": 151741,
            "gross_margin": 26.7,
            "gross_margin_4q_avg": 28.44,
            "net_income": 64585,
            "net_income_4q": null,
            "revenue": 568213,
            "revenue_4q": null,
            "common_shares": 731901,
            "book_valuer_per_share": 18.65,
            "book_valuer_per_share_4q_avg": 18.32,
            "equity": 1318703,
            "current_ratio": 151.59,
            "debt_ratio": 51.5,
            "inventory_turnover_ratio": 1.35,
            "account_receivable_turnover_ratio": 0.8,
            "reinvestment_rate": 14.98,
            "research_to_sale_ratio": 2.85,
            "price_fair": 98,
            "eps_avg_yearly": 2.8,
            "eps_latest_yearly": 3.64,
            "eps_growth_yearly": 127.32
        },
        "20174": {
            "year_quarter": 20174,
            "year": 2017,
            "quarter": 4,
            "eps": 0.83,
            "eps_growth_year": -19.87,
            "eps_4q": 2.57,
            "eps_4q_growth_year": -11.31,
            "roe": 4.38,
            "roe_4q": 14.37,
            "gross_profit": 155726,
            "gross_margin": 27.15,
            "gross_margin_4q_avg": 27.84,
            "net_income": 61356,
            "net_income_4q": null,
            "revenue": 573488,
            "revenue_4q": null,
            "common_shares": 760947,
            "book_valuer_per_share": 20.12,
            "book_valuer_per_share_4q_avg": 18.68,
            "equity": 1480866,
            "current_ratio": 145.59,
            "debt_ratio": 49.31,
            "inventory_turnover_ratio": 1.35,
            "account_receivable_turnover_ratio": 0.69,
            "reinvestment_rate": 19.88,
            "research_to_sale_ratio": 4,
            "price_fair": 99.3,
            "eps_avg_yearly": 2.84,
            "eps_latest_yearly": 3.32,
            "eps_growth_yearly": 115.72
        },
        "20181": {
            "year_quarter": 20181,
            "year": 2018,
            "quarter": 1,
            "eps": 0.9,
            "eps_growth_year": 462.5,
            "eps_4q": 3.15,
            "eps_4q_growth_year": 18.83,
            "roe": 4.31,
            "roe_4q": 17.799999999999997,
            "gross_profit": 162043,
            "gross_margin": 26.48,
            "gross_margin_4q_avg": 27.42,
            "net_income": 68816,
            "net_income_4q": null,
            "revenue": 611947,
            "revenue_4q": null,
            "common_shares": 806042,
            "book_valuer_per_share": 21.9,
            "book_valuer_per_share_4q_avg": 19.56,
            "equity": 1710475,
            "current_ratio": 137.78,
            "debt_ratio": 45,
            "inventory_turnover_ratio": 1.32,
            "account_receivable_turnover_ratio": 0.7,
            "reinvestment_rate": 23.92,
            "research_to_sale_ratio": 2.41,
            "price_fair": 101.08,
            "eps_avg_yearly": 2.89,
            "eps_latest_yearly": 3.6,
            "eps_growth_yearly": 110.25
        },
        "20182": {
            "year_quarter": 20182,
            "year": 2018,
            "quarter": 2,
            "eps": 0.96,
            "eps_growth_year": 31.51,
            "eps_4q": 3.24,
            "eps_4q_growth_year": 21.84,
            "roe": 4.21,
            "roe_4q": 17.95,
            "gross_profit": 154563,
            "gross_margin": 25.04,
            "gross_margin_4q_avg": 26.34,
            "net_income": 77280,
            "net_income_4q": null,
            "revenue": 617238,
            "revenue_4q": null,
            "common_shares": 864937,
            "book_valuer_per_share": 23.38,
            "book_valuer_per_share_4q_avg": 21.01,
            "equity": 1963915,
            "current_ratio": 158.19,
            "debt_ratio": 45.96,
            "inventory_turnover_ratio": 1.13,
            "account_receivable_turnover_ratio": 0.68,
            "reinvestment_rate": 33.31,
            "research_to_sale_ratio": 2.53,
            "price_fair": 103.16,
            "eps_avg_yearly": 2.95,
            "eps_latest_yearly": 3.84,
            "eps_growth_yearly": 105.03
        },
        "20183": {
            "year_quarter": 20183,
            "year": 2018,
            "quarter": 3,
            "eps": 0.53,
            "eps_growth_year": -41.76,
            "eps_4q": 2.98,
            "eps_4q_growth_year": 4.66,
            "roe": 2.23,
            "roe_4q": 15.129999999999999,
            "gross_profit": 138730,
            "gross_margin": 29.4,
            "gross_margin_4q_avg": 27.02,
            "net_income": 44210,
            "net_income_4q": null,
            "revenue": 471923,
            "revenue_4q": null,
            "common_shares": 867619,
            "book_valuer_per_share": 23.63,
            "book_valuer_per_share_4q_avg": 22.26,
            "equity": 1995233,
            "current_ratio": 146.45,
            "debt_ratio": 47.64,
            "inventory_turnover_ratio": 0.63,
            "account_receivable_turnover_ratio": 0.54,
            "reinvestment_rate": 45.2,
            "research_to_sale_ratio": 3.32,
            "price_fair": 101.33,
            "eps_avg_yearly": 2.9,
            "eps_latest_yearly": 2.12,
            "eps_growth_yearly": 90.37
        },
        "20184": {
            "year_quarter": 20184,
            "year": 2018,
            "quarter": 4,
            "eps": -0.09,
            "eps_growth_year": -111.31,
            "eps_4q": 2.16,
            "eps_4q_growth_year": -15.96,
            "roe": -0.4,
            "roe_4q": 10.35,
            "gross_profit": 61960,
            "gross_margin": 18.13,
            "gross_margin_4q_avg": 24.76,
            "net_income": -7963,
            "net_income_4q": null,
            "revenue": 341712,
            "revenue_4q": null,
            "common_shares": 844419,
            "book_valuer_per_share": 23.06,
            "book_valuer_per_share_4q_avg": 22.99,
            "equity": 1946913,
            "current_ratio": 139.09,
            "debt_ratio": 47.95,
            "inventory_turnover_ratio": 0.47,
            "account_receivable_turnover_ratio": 0.48,
            "reinvestment_rate": 56.07,
            "research_to_sale_ratio": 2.57,
            "price_fair": 100.71,
            "eps_avg_yearly": 2.88,
            "eps_latest_yearly": 2.12,
            "eps_growth_yearly": 94.59
        },
        "20191": {
            "year_quarter": 20191,
            "year": 2019,
            "quarter": 1,
            "eps": 0.02,
            "eps_growth_year": -97.78,
            "eps_4q": 1.39,
            "eps_4q_growth_year": -56.02,
            "roe": 0.1,
            "roe_4q": 6.14,
            "gross_profit": 51316,
            "gross_margin": 14.24,
            "gross_margin_4q_avg": 21.7,
            "net_income": 1857,
            "net_income_4q": null,
            "revenue": 360356,
            "revenue_4q": null,
            "common_shares": 844419,
            "book_valuer_per_share": 23.41,
            "book_valuer_per_share_4q_avg": 23.37,
            "equity": 1947050,
            "current_ratio": 139.37,
            "debt_ratio": 47.66,
            "inventory_turnover_ratio": 0.54,
            "account_receivable_turnover_ratio": 0.62,
            "reinvestment_rate": 54.85,
            "research_to_sale_ratio": 3.52,
            "price_fair": 101.6,
            "eps_avg_yearly": 2.9,
            "eps_latest_yearly": 2.12,
            "eps_growth_yearly": 107.13
        },
        "20192": {
            "year_quarter": 20192,
            "year": 2019,
            "quarter": 2,
            "eps": 0.36,
            "eps_growth_year": -62.5,
            "eps_4q": 0.81,
            "eps_4q_growth_year": -75.13,
            "roe": 1.55,
            "roe_4q": 3.48,
            "gross_profit": 100606,
            "gross_margin": 20.87,
            "gross_margin_4q_avg": 20.66,
            "net_income": 29917,
            "net_income_4q": null,
            "revenue": 482101,
            "revenue_4q": null,
            "common_shares": 844419,
            "book_valuer_per_share": 22.75,
            "book_valuer_per_share_4q_avg": 23.21,
            "equity": 1920774,
            "current_ratio": 145.3,
            "debt_ratio": 45.04,
            "inventory_turnover_ratio": 0.76,
            "account_receivable_turnover_ratio": 0.74,
            "reinvestment_rate": 57.43,
            "research_to_sale_ratio": 2.66,
            "price_fair": 99.9,
            "eps_avg_yearly": 2.85,
            "eps_latest_yearly": 1.44,
            "eps_growth_yearly": 597.38
        },
        "20193": {
            "year_quarter": 20193,
            "year": 2019,
            "quarter": 3,
            "eps": 0.74,
            "eps_growth_year": 39.62,
            "eps_4q": 1.02,
            "eps_4q_growth_year": -65.76,
            "roe": 3.24,
            "roe_4q": 4.489999999999999,
            "gross_profit": 151036,
            "gross_margin": 25.81,
            "gross_margin_4q_avg": 19.76,
            "net_income": 62369,
            "net_income_4q": null,
            "revenue": 585084,
            "revenue_4q": null,
            "common_shares": 844419,
            "book_valuer_per_share": 22.83,
            "book_valuer_per_share_4q_avg": 23.01,
            "equity": 1927401,
            "current_ratio": 150.19,
            "debt_ratio": 44.71,
            "inventory_turnover_ratio": 1.02,
            "account_receivable_turnover_ratio": 0.73,
            "reinvestment_rate": 43.04,
            "research_to_sale_ratio": 2.53,
            "price_fair": 98,
            "eps_avg_yearly": 2.8,
            "eps_latest_yearly": 2.96,
            "eps_growth_yearly": 605.98
        },
        "20194": {
            "year_quarter": 20194,
            "year": 2019,
            "quarter": 4,
            "eps": 0.53,
            "eps_growth_year": null,
            "eps_4q": 1.65,
            "eps_4q_growth_year": -23.79,
            "roe": 2.31,
            "roe_4q": 7.2,
            "gross_profit": 159165,
            "gross_margin": 27.67,
            "gross_margin_4q_avg": 22.15,
            "net_income": 44928,
            "net_income_4q": null,
            "revenue": 575300,
            "revenue_4q": null,
            "common_shares": 845011,
            "book_valuer_per_share": 23.25,
            "book_valuer_per_share_4q_avg": 23.06,
            "equity": 1964987,
            "current_ratio": 150.66,
            "debt_ratio": 46.23,
            "inventory_turnover_ratio": 1.08,
            "account_receivable_turnover_ratio": 0.65,
            "reinvestment_rate": 34.35,
            "research_to_sale_ratio": 2.43,
            "price_fair": 95.5,
            "eps_avg_yearly": 2.73,
            "eps_latest_yearly": 2.12,
            "eps_growth_yearly": 602.48
        },
        "20201": {
            "year_quarter": 20201,
            "year": 2020,
            "quarter": 1,
            "eps": 0.3,
            "eps_growth_year": 1400,
            "eps_4q": 1.92,
            "eps_4q_growth_year": 38.63,
            "roe": 1.29,
            "roe_4q": 8.39,
            "gross_profit": 80018,
            "gross_margin": 20.08,
            "gross_margin_4q_avg": 23.61,
            "net_income": 25326,
            "net_income_4q": null,
            "revenue": 398514,
            "revenue_4q": null,
            "common_shares": 845248,
            "book_valuer_per_share": 23.21,
            "book_valuer_per_share_4q_avg": 23.01,
            "equity": 1962016,
            "current_ratio": 157.15,
            "debt_ratio": 44.71,
            "inventory_turnover_ratio": 0.83,
            "account_receivable_turnover_ratio": 0.48,
            "reinvestment_rate": 31.14,
            "research_to_sale_ratio": 3.66,
            "price_fair": 94.4,
            "eps_avg_yearly": 2.7,
            "eps_latest_yearly": 1.2,
            "eps_growth_yearly": 603.63
        },
        "20202": {
            "year_quarter": 20202,
            "year": 2020,
            "quarter": 2,
            "eps": 0.97,
            "eps_growth_year": 169.44,
            "eps_4q": 2.54,
            "eps_4q_growth_year": 215.3,
            "roe": 4.22,
            "roe_4q": 11.06,
            "gross_profit": 188024,
            "gross_margin": 31.43,
            "gross_margin_4q_avg": 26.25,
            "net_income": 82056,
            "net_income_4q": null,
            "revenue": 598200,
            "revenue_4q": null,
            "common_shares": 845248,
            "book_valuer_per_share": 22.78,
            "book_valuer_per_share_4q_avg": 23.02,
            "equity": 1925063,
            "current_ratio": 129.89,
            "debt_ratio": 46.29,
            "inventory_turnover_ratio": 1.01,
            "account_receivable_turnover_ratio": 0.73,
            "reinvestment_rate": 25.5,
            "research_to_sale_ratio": 2.75,
            "price_fair": 96.8,
            "eps_avg_yearly": 2.77,
            "eps_latest_yearly": 3.88,
            "eps_growth_yearly": 645.14
        },
        "20203": {
            "year_quarter": 20203,
            "year": 2020,
            "quarter": 3,
            "eps": 1.06,
            "eps_growth_year": 43.24,
            "eps_4q": 2.86,
            "eps_4q_growth_year": 179.96,
            "roe": 4.5,
            "roe_4q": 12.319999999999999,
            "gross_profit": 233893,
            "gross_margin": 31.53,
            "gross_margin_4q_avg": 27.68,
            "net_income": 89200,
            "net_income_4q": null,
            "revenue": 741830,
            "revenue_4q": null,
            "common_shares": 845248,
            "book_valuer_per_share": 24.18,
            "book_valuer_per_share_4q_avg": 23.36,
            "equity": 2043708,
            "current_ratio": 131.49,
            "debt_ratio": 47.32,
            "inventory_turnover_ratio": 1.13,
            "account_receivable_turnover_ratio": 0.77,
            "reinvestment_rate": 31.94,
            "research_to_sale_ratio": 2.79,
            "price_fair": 100.2,
            "eps_avg_yearly": 2.86,
            "eps_latest_yearly": 4.24,
            "eps_growth_yearly": 648.18
        },
        "20204": {
            "year_quarter": 20204,
            "year": 2020,
            "quarter": 4,
            "eps": 0.77,
            "eps_growth_year": 44.71,
            "eps_4q": 3.1,
            "eps_4q_growth_year": 88.06,
            "roe": 3.08,
            "roe_4q": 13.09,
            "gross_profit": 181337,
            "gross_margin": 28.07,
            "gross_margin_4q_avg": 27.78,
            "net_income": 65033,
            "net_income_4q": null,
            "revenue": 646081,
            "revenue_4q": null,
            "common_shares": 845248,
            "book_valuer_per_share": 25.78,
            "book_valuer_per_share_4q_avg": 23.99,
            "equity": 2179338,
            "current_ratio": 134.94,
            "debt_ratio": 46.01,
            "inventory_turnover_ratio": 0.92,
            "account_receivable_turnover_ratio": 0.61,
            "reinvestment_rate": 43.14,
            "research_to_sale_ratio": 2.94,
            "price_fair": 97.5,
            "eps_avg_yearly": 2.79,
            "eps_latest_yearly": 3.08,
            "eps_growth_yearly": 627.67
        },
        "20211": {
            "year_quarter": 20211,
            "year": 2021,
            "quarter": 1,
            "eps": 0.82,
            "eps_growth_year": 173.33,
            "eps_4q": 3.53,
            "eps_4q_growth_year": 83.72,
            "roe": 3.05,
            "roe_4q": 14.849999999999998,
            "gross_profit": 175100,
            "gross_margin": 26.75,
            "gross_margin_4q_avg": 29.45,
            "net_income": 70109,
            "net_income_4q": null,
            "revenue": 654687,
            "revenue_4q": null,
            "common_shares": 867258,
            "book_valuer_per_share": 27.85,
            "book_valuer_per_share_4q_avg": 25.15,
            "equity": 2415324,
            "current_ratio": 147.21,
            "debt_ratio": 41.66,
            "inventory_turnover_ratio": 0.91,
            "account_receivable_turnover_ratio": 0.63,
            "reinvestment_rate": 52.66,
            "research_to_sale_ratio": 3.83,
            "price_fair": 104.1,
            "eps_avg_yearly": 2.97,
            "eps_latest_yearly": 3.28,
            "eps_growth_yearly": 653.7
        },
        "20212": {
            "year_quarter": 20212,
            "year": 2021,
            "quarter": 2,
            "eps": 0.84,
            "eps_growth_year": -13.4,
            "eps_4q": 3.36,
            "eps_4q_growth_year": 32.13,
            "roe": 2.99,
            "roe_4q": 13.620000000000001,
            "gross_profit": 193704,
            "gross_margin": 27.28,
            "gross_margin_4q_avg": 28.41,
            "net_income": 74177,
            "net_income_4q": null,
            "revenue": 710165,
            "revenue_4q": null,
            "common_shares": 889535,
            "book_valuer_per_share": 28.56,
            "book_valuer_per_share_4q_avg": 26.59,
            "equity": 2540592,
            "current_ratio": 149.42,
            "debt_ratio": 41.66,
            "inventory_turnover_ratio": 0.93,
            "account_receivable_turnover_ratio": 0.68,
            "reinvestment_rate": 52.5,
            "research_to_sale_ratio": 3.23,
            "price_fair": 105.2,
            "eps_avg_yearly": 3.01,
            "eps_latest_yearly": 3.36,
            "eps_growth_yearly": 552.61
        },
        "20213": {
            "year_quarter": 20213,
            "year": 2021,
            "quarter": 3,
            "eps": 0.96,
            "eps_growth_year": -9.43,
            "eps_4q": 3.31,
            "eps_4q_growth_year": 15.96,
            "roe": 3.44,
            "roe_4q": 12.56,
            "gross_profit": 196839,
            "gross_margin": 27.24,
            "gross_margin_4q_avg": 27.34,
            "net_income": 85408,
            "net_income_4q": null,
            "revenue": 722491,
            "revenue_4q": null,
            "common_shares": 889535,
            "book_valuer_per_share": 27.31,
            "book_valuer_per_share_4q_avg": 27.38,
            "equity": 2429453,
            "current_ratio": 137.81,
            "debt_ratio": 45.61,
            "inventory_turnover_ratio": 0.84,
            "account_receivable_turnover_ratio": 0.68,
            "reinvestment_rate": 54.21,
            "research_to_sale_ratio": 3.25,
            "price_fair": 105.7,
            "eps_avg_yearly": 3.02,
            "eps_latest_yearly": 3.84,
            "eps_growth_yearly": 549.65
        },
        "20214": {
            "year_quarter": 20214,
            "year": 2021,
            "quarter": 4,
            "eps": 0.86,
            "eps_growth_year": 12.03,
            "eps_4q": 3.44,
            "eps_4q_growth_year": 11.28,
            "roe": 3.08,
            "roe_4q": 12.559999999999999,
            "gross_profit": 181219,
            "gross_margin": 24.65,
            "gross_margin_4q_avg": 26.48,
            "net_income": 76673,
            "net_income_4q": null,
            "revenue": 735065,
            "revenue_4q": null,
            "common_shares": 889535,
            "book_valuer_per_share": 28.69,
            "book_valuer_per_share_4q_avg": 28.1,
            "equity": 2551985,
            "current_ratio": 141.48,
            "debt_ratio": 44.54,
            "inventory_turnover_ratio": 0.82,
            "account_receivable_turnover_ratio": 0.66,
            "reinvestment_rate": 53.87,
            "research_to_sale_ratio": 2.64,
            "price_fair": 106,
            "eps_avg_yearly": 3.03,
            "eps_latest_yearly": 3.44,
            "eps_growth_yearly": 549.18
        },
        "20221": {
            "year_quarter": 20221,
            "year": 2022,
            "quarter": 1,
            "eps": 0.96,
            "eps_growth_year": 17.07,
            "eps_4q": 3.61,
            "eps_4q_growth_year": 2.22,
            "roe": 3.24,
            "roe_4q": 12.75,
            "gross_profit": 169342,
            "gross_margin": 23.01,
            "gross_margin_4q_avg": 25.55,
            "net_income": 84972,
            "net_income_4q": null,
            "revenue": 736094,
            "revenue_4q": null,
            "common_shares": 889535,
            "book_valuer_per_share": 30.25,
            "book_valuer_per_share_4q_avg": 28.7,
            "equity": 2690475,
            "current_ratio": 146.62,
            "debt_ratio": 44.52,
            "inventory_turnover_ratio": 0.79,
            "account_receivable_turnover_ratio": 0.63,
            "reinvestment_rate": 56.55,
            "research_to_sale_ratio": 3.05,
            "price_fair": 106.6,
            "eps_avg_yearly": 3.05,
            "eps_latest_yearly": 3.84,
            "eps_growth_yearly": 550.1
        },
        "20222": {
            "year_quarter": 20222,
            "year": 2022,
            "quarter": 2,
            "eps": 1.27,
            "eps_growth_year": 51.19,
            "eps_4q": 4.05,
            "eps_4q_growth_year": 20.68,
            "roe": 4.27,
            "roe_4q": 14.03,
            "gross_profit": 178428,
            "gross_margin": 29.71,
            "gross_margin_4q_avg": 26.15,
            "net_income": 113188,
            "net_income_4q": null,
            "revenue": 600644,
            "revenue_4q": null,
            "common_shares": 889535,
            "book_valuer_per_share": 29.3,
            "book_valuer_per_share_4q_avg": 28.89,
            "equity": 2606443,
            "current_ratio": 142.48,
            "debt_ratio": 46.65,
            "inventory_turnover_ratio": 0.54,
            "account_receivable_turnover_ratio": 0.55,
            "reinvestment_rate": 38.57,
            "research_to_sale_ratio": 3.9,
            "price_fair": 109.7,
            "eps_avg_yearly": 3.13,
            "eps_latest_yearly": 5.08,
            "eps_growth_yearly": 557.42
        },
        "20223": {
            "year_quarter": 20223,
            "year": 2022,
            "quarter": 3,
            "eps": 1.17,
            "eps_growth_year": 21.88,
            "eps_4q": 4.26,
            "eps_4q_growth_year": 28.44,
            "roe": 3.93,
            "roe_4q": 14.52,
            "gross_profit": 142811,
            "gross_margin": 27.52,
            "gross_margin_4q_avg": 26.22,
            "net_income": 103697,
            "net_income_4q": null,
            "revenue": 518907,
            "revenue_4q": null,
            "common_shares": 889535,
            "book_valuer_per_share": 29.99,
            "book_valuer_per_share_4q_avg": 29.56,
            "equity": 2667514,
            "current_ratio": 173,
            "debt_ratio": 44.47,
            "inventory_turnover_ratio": 0.46,
            "account_receivable_turnover_ratio": 0.56,
            "reinvestment_rate": 23.97,
            "research_to_sale_ratio": 4.6,
            "price_fair": 116.1,
            "eps_avg_yearly": 3.32,
            "eps_latest_yearly": 4.68,
            "eps_growth_yearly": 567.97
        },
        "20224": {
            "year_quarter": 20224,
            "year": 2022,
            "quarter": 4,
            "eps": 0.42,
            "eps_growth_year": -51.76,
            "eps_4q": 3.85,
            "eps_4q_growth_year": 11.72,
            "roe": 1.36,
            "roe_4q": 12.799999999999999,
            "gross_profit": 158373,
            "gross_margin": 25.02,
            "gross_margin_4q_avg": 26.32,
            "net_income": 36575,
            "net_income_4q": null,
            "revenue": 633049,
            "revenue_4q": null,
            "common_shares": 889535,
            "book_valuer_per_share": 30.93,
            "book_valuer_per_share_4q_avg": 30.12,
            "equity": 2720740,
            "current_ratio": 175.35,
            "debt_ratio": 44.68,
            "inventory_turnover_ratio": 0.6,
            "account_receivable_turnover_ratio": 0.69,
            "reinvestment_rate": 11.32,
            "research_to_sale_ratio": 2.95,
            "price_fair": 112.28,
            "eps_avg_yearly": 3.21,
            "eps_latest_yearly": 1.68,
            "eps_growth_yearly": 513.01
        },
        "20231": {
            "year_quarter": 20231,
            "year": 2023,
            "quarter": 1,
            "eps": 0.34,
            "eps_growth_year": -64.58,
            "eps_4q": 3.22,
            "eps_4q_growth_year": -10.88,
            "roe": 1.08,
            "roe_4q": 10.64,
            "gross_profit": 142059,
            "gross_margin": 23.96,
            "gross_margin_4q_avg": 26.55,
            "net_income": 29611,
            "net_income_4q": null,
            "revenue": 592818,
            "revenue_4q": null,
            "common_shares": 889535,
            "book_valuer_per_share": 31.48,
            "book_valuer_per_share_4q_avg": 30.43,
            "equity": 2768807,
            "current_ratio": 179.86,
            "debt_ratio": 44.15,
            "inventory_turnover_ratio": 0.59,
            "account_receivable_turnover_ratio": 0.61,
            "reinvestment_rate": 7.56,
            "research_to_sale_ratio": 3.59,
            "price_fair": 108.24,
            "eps_avg_yearly": 3.09,
            "eps_latest_yearly": 1.36,
            "eps_growth_yearly": 476.18
        },
        "20232": {
            "year_quarter": 20232,
            "year": 2023,
            "quarter": 2,
            "eps": 1.25,
            "eps_growth_year": -1.57,
            "eps_4q": 3.18,
            "eps_4q_growth_year": -21.45,
            "roe": 4.02,
            "roe_4q": 10.39,
            "gross_profit": 188403,
            "gross_margin": 26.79,
            "gross_margin_4q_avg": 25.82,
            "net_income": 109913,
            "net_income_4q": null,
            "revenue": 703138,
            "revenue_4q": null,
            "common_shares": 889535,
            "book_valuer_per_share": 30.65,
            "book_valuer_per_share_4q_avg": 30.76,
            "equity": 2696154,
            "current_ratio": 163.9,
            "debt_ratio": 48.34,
            "inventory_turnover_ratio": 0.67,
            "account_receivable_turnover_ratio": 0.69,
            "reinvestment_rate": 4.07,
            "research_to_sale_ratio": 3.26,
            "price_fair": 116.03,
            "eps_avg_yearly": 3.32,
            "eps_latest_yearly": 5,
            "eps_growth_yearly": 118.09
        },
        "20233": {
            "year_quarter": 20233,
            "year": 2023,
            "quarter": 3,
            "eps": 1.45,
            "eps_growth_year": 23.93,
            "eps_4q": 3.45,
            "eps_4q_growth_year": -18.85,
            "roe": 4.53,
            "roe_4q": 10.99,
            "gross_profit": 221117,
            "gross_margin": 26.9,
            "gross_margin_4q_avg": 25.67,
            "net_income": 127619,
            "net_income_4q": null,
            "revenue": 822109,
            "revenue_4q": null,
            "common_shares": 889535,
            "book_valuer_per_share": 33.42,
            "book_valuer_per_share_4q_avg": 31.62,
            "equity": 2939042,
            "current_ratio": 181.69,
            "debt_ratio": 42.47,
            "inventory_turnover_ratio": 0.79,
            "account_receivable_turnover_ratio": 0.71,
            "reinvestment_rate": 13.17,
            "research_to_sale_ratio": 3.48,
            "price_fair": 122.24,
            "eps_avg_yearly": 3.49,
            "eps_latest_yearly": 5.8,
            "eps_growth_yearly": 95.71
        },
        "20234": {
            "year_quarter": 20234,
            "year": 2023,
            "quarter": 4,
            "eps": 0.7,
            "eps_growth_year": 67.42,
            "eps_4q": 3.73,
            "eps_4q_growth_year": -2.97,
            "roe": 2.09,
            "roe_4q": 11.72,
            "gross_profit": 245274,
            "gross_margin": 30.03,
            "gross_margin_4q_avg": 26.92,
            "net_income": 61235,
            "net_income_4q": null,
            "revenue": 816848,
            "revenue_4q": null,
            "common_shares": 889535,
            "book_valuer_per_share": 33.14,
            "book_valuer_per_share_4q_avg": 32.17,
            "equity": 2914375,
            "current_ratio": 187.77,
            "debt_ratio": 40.79,
            "inventory_turnover_ratio": 0.81,
            "account_receivable_turnover_ratio": 0.65,
            "reinvestment_rate": 12.26,
            "research_to_sale_ratio": 4.01,
            "price_fair": 123.73,
            "eps_avg_yearly": 3.54,
            "eps_latest_yearly": 2.8,
            "eps_growth_yearly": 89.87
        }
    },
    "months": {
        "2014-02": {
            "month": "2014-02",
            "price": "34.94",
            "revenue": 107489
        },
        "2014-03": {
            "month": "2014-03",
            "price": "35.25",
            "revenue": 117531
        },
        "2014-04": {
            "month": "2014-04",
            "price": "38.79",
            "revenue": 130211
        },
        "2014-05": {
            "month": "2014-05",
            "price": "36.05",
            "revenue": 129532
        },
        "2014-06": {
            "month": "2014-06",
            "price": "37.40",
            "revenue": 108357
        },
        "2014-07": {
            "month": "2014-07",
            "price": "39.25",
            "revenue": 121902
        },
        "2014-08": {
            "month": "2014-08",
            "price": "38.25",
            "revenue": 136722
        },
        "2014-09": {
            "month": "2014-09",
            "price": "40.55",
            "revenue": 132698
        },
        "2014-10": {
            "month": "2014-10",
            "price": "40.44",
            "revenue": 122930
        },
        "2014-11": {
            "month": "2014-11",
            "price": "37.99",
            "revenue": 146592
        },
        "2014-12": {
            "month": "2014-12",
            "price": "41.91",
            "revenue": 116347
        },
        "2015-01": {
            "month": "2015-01",
            "price": "41.45",
            "revenue": 137125
        },
        "2015-02": {
            "month": "2015-02",
            "price": "41.01",
            "revenue": 114222
        },
        "2015-03": {
            "month": "2015-03",
            "price": "40.41",
            "revenue": 80429
        },
        "2015-04": {
            "month": "2015-04",
            "price": "36.90",
            "revenue": 101088
        },
        "2015-05": {
            "month": "2015-05",
            "price": "34.03",
            "revenue": 101553
        },
        "2015-06": {
            "month": "2015-06",
            "price": "33.41",
            "revenue": 111182
        },
        "2015-07": {
            "month": "2015-07",
            "price": "29.06",
            "revenue": 122761
        },
        "2015-08": {
            "month": "2015-08",
            "price": "24.85",
            "revenue": 138020
        },
        "2015-09": {
            "month": "2015-09",
            "price": "28.92",
            "revenue": 134233
        },
        "2015-10": {
            "month": "2015-10",
            "price": "29.03",
            "revenue": 123949
        },
        "2015-11": {
            "month": "2015-11",
            "price": "27.15",
            "revenue": 138759
        },
        "2015-12": {
            "month": "2015-12",
            "price": "30.00",
            "revenue": 148821
        },
        "2016-01": {
            "month": "2016-01",
            "price": "28.49",
            "revenue": 141802
        },
        "2016-02": {
            "month": "2016-02",
            "price": "29.52",
            "revenue": 81716
        },
        "2016-03": {
            "month": "2016-03",
            "price": "30.05",
            "revenue": 117393
        },
        "2016-04": {
            "month": "2016-04",
            "price": "27.71",
            "revenue": 108969
        },
        "2016-05": {
            "month": "2016-05",
            "price": "24.10",
            "revenue": 122656
        },
        "2016-06": {
            "month": "2016-06",
            "price": "25.18",
            "revenue": 135259
        },
        "2016-07": {
            "month": "2016-07",
            "price": "27.68",
            "revenue": 137062
        },
        "2016-08": {
            "month": "2016-08",
            "price": "28.86",
            "revenue": 154128
        },
        "2016-09": {
            "month": "2016-09",
            "price": "30.30",
            "revenue": 176357
        },
        "2016-10": {
            "month": "2016-10",
            "price": "32.55",
            "revenue": 155779
        },
        "2016-11": {
            "month": "2016-11",
            "price": "30.97",
            "revenue": 152231
        },
        "2016-12": {
            "month": "2016-12",
            "price": "30.90",
            "revenue": 169670
        },
        "2017-01": {
            "month": "2017-01",
            "price": "31.18",
            "revenue": 142230
        },
        "2017-02": {
            "month": "2017-02",
            "price": "35.56",
            "revenue": 104093
        },
        "2017-03": {
            "month": "2017-03",
            "price": "36.02",
            "revenue": 128041
        },
        "2017-04": {
            "month": "2017-04",
            "price": "34.30",
            "revenue": 138121
        },
        "2017-05": {
            "month": "2017-05",
            "price": "33.58",
            "revenue": 141043
        },
        "2017-06": {
            "month": "2017-06",
            "price": "35.82",
            "revenue": 146491
        },
        "2017-07": {
            "month": "2017-07",
            "price": "34.91",
            "revenue": 170287
        },
        "2017-08": {
            "month": "2017-08",
            "price": "36.47",
            "revenue": 201425
        },
        "2017-09": {
            "month": "2017-09",
            "price": "40.09",
            "revenue": 196501
        },
        "2017-10": {
            "month": "2017-10",
            "price": "41.10",
            "revenue": 161086
        },
        "2017-11": {
            "month": "2017-11",
            "price": "41.82",
            "revenue": 196210
        },
        "2017-12": {
            "month": "2017-12",
            "price": "52.05",
            "revenue": 216192
        },
        "2018-01": {
            "month": "2018-01",
            "price": "57.18",
            "revenue": 232209
        },
        "2018-02": {
            "month": "2018-02",
            "price": "57.21",
            "revenue": 149505
        },
        "2018-03": {
            "month": "2018-03",
            "price": "61.43",
            "revenue": 230233
        },
        "2018-04": {
            "month": "2018-04",
            "price": "59.82",
            "revenue": 214364
        },
        "2018-05": {
            "month": "2018-05",
            "price": "65.06",
            "revenue": 200379
        },
        "2018-06": {
            "month": "2018-06",
            "price": "69.38",
            "revenue": 202495
        },
        "2018-07": {
            "month": "2018-07",
            "price": "63.51",
            "revenue": 174536
        },
        "2018-08": {
            "month": "2018-08",
            "price": "51.75",
            "revenue": 164295
        },
        "2018-09": {
            "month": "2018-09",
            "price": "40.78",
            "revenue": 133092
        },
        "2018-10": {
            "month": "2018-10",
            "price": "31.88",
            "revenue": 123487
        },
        "2018-11": {
            "month": "2018-11",
            "price": "30.16",
            "revenue": 112862
        },
        "2018-12": {
            "month": "2018-12",
            "price": "30.77",
            "revenue": 105363
        },
        "2019-01": {
            "month": "2019-01",
            "price": "31.15",
            "revenue": 120584
        },
        "2019-02": {
            "month": "2019-02",
            "price": "33.35",
            "revenue": 99966
        },
        "2019-03": {
            "month": "2019-03",
            "price": "32.55",
            "revenue": 139806
        },
        "2019-04": {
            "month": "2019-04",
            "price": "32.94",
            "revenue": 157115
        },
        "2019-05": {
            "month": "2019-05",
            "price": "29.46",
            "revenue": 162969
        },
        "2019-06": {
            "month": "2019-06",
            "price": "28.47",
            "revenue": 162017
        },
        "2019-07": {
            "month": "2019-07",
            "price": "29.77",
            "revenue": 176376
        },
        "2019-08": {
            "month": "2019-08",
            "price": "29.76",
            "revenue": 202406
        },
        "2019-09": {
            "month": "2019-09",
            "price": "32.69",
            "revenue": 206302
        },
        "2019-10": {
            "month": "2019-10",
            "price": "37.36",
            "revenue": 174462
        },
        "2019-11": {
            "month": "2019-11",
            "price": "35.80",
            "revenue": 204453
        },
        "2019-12": {
            "month": "2019-12",
            "price": "39.32",
            "revenue": 196385
        },
        "2020-01": {
            "month": "2020-01",
            "price": "37.92",
            "revenue": 155657
        },
        "2020-02": {
            "month": "2020-02",
            "price": "33.94",
            "revenue": 80519
        },
        "2020-03": {
            "month": "2020-03",
            "price": "25.99",
            "revenue": 162338
        },
        "2020-04": {
            "month": "2020-04",
            "price": "28.85",
            "revenue": 204974
        },
        "2020-05": {
            "month": "2020-05",
            "price": "30.86",
            "revenue": 203285
        },
        "2020-06": {
            "month": "2020-06",
            "price": "30.85",
            "revenue": 189941
        },
        "2020-07": {
            "month": "2020-07",
            "price": "33.69",
            "revenue": 226236
        },
        "2020-08": {
            "month": "2020-08",
            "price": "45.47",
            "revenue": 250644
        },
        "2020-09": {
            "month": "2020-09",
            "price": "50.90",
            "revenue": 264950
        },
        "2020-10": {
            "month": "2020-10",
            "price": "52.31",
            "revenue": 192660
        },
        "2020-11": {
            "month": "2020-11",
            "price": "53.23",
            "revenue": 213868
        },
        "2020-12": {
            "month": "2020-12",
            "price": "55.79",
            "revenue": 239553
        },
        "2021-01": {
            "month": "2021-01",
            "price": "55.82",
            "revenue": 244346
        },
        "2021-02": {
            "month": "2021-02",
            "price": "55.96",
            "revenue": 174111
        },
        "2021-03": {
            "month": "2021-03",
            "price": "62.65",
            "revenue": 236230
        },
        "2021-04": {
            "month": "2021-04",
            "price": "68.03",
            "revenue": 232095
        },
        "2021-05": {
            "month": "2021-05",
            "price": "61.11",
            "revenue": 242363
        },
        "2021-06": {
            "month": "2021-06",
            "price": "59.97",
            "revenue": 235707
        },
        "2021-07": {
            "month": "2021-07",
            "price": "60.54",
            "revenue": 238370
        },
        "2021-08": {
            "month": "2021-08",
            "price": "55.30",
            "revenue": 239362
        },
        "2021-09": {
            "month": "2021-09",
            "price": "52.28",
            "revenue": 244759
        },
        "2021-10": {
            "month": "2021-10",
            "price": "49.82",
            "revenue": 230664
        },
        "2021-11": {
            "month": "2021-11",
            "price": "54.25",
            "revenue": 246824
        },
        "2021-12": {
            "month": "2021-12",
            "price": "57.13",
            "revenue": 257577
        },
        "2022-01": {
            "month": "2022-01",
            "price": "57.99",
            "revenue": 264234
        },
        "2022-02": {
            "month": "2022-02",
            "price": "58.05",
            "revenue": 204072
        },
        "2022-03": {
            "month": "2022-03",
            "price": "56.82",
            "revenue": 267788
        },
        "2022-04": {
            "month": "2022-04",
            "price": "54.89",
            "revenue": 222016
        },
        "2022-05": {
            "month": "2022-05",
            "price": "51.24",
            "revenue": 218733
        },
        "2022-06": {
            "month": "2022-06",
            "price": "50.16",
            "revenue": 159895
        },
        "2022-07": {
            "month": "2022-07",
            "price": "41.90",
            "revenue": 152497
        },
        "2022-08": {
            "month": "2022-08",
            "price": "40.16",
            "revenue": 156244
        },
        "2022-09": {
            "month": "2022-09",
            "price": "40.26",
            "revenue": 210166
        },
        "2022-10": {
            "month": "2022-10",
            "price": "40.24",
            "revenue": 203424
        },
        "2022-11": {
            "month": "2022-11",
            "price": "40.90",
            "revenue": 200753
        },
        "2022-12": {
            "month": "2022-12",
            "price": "42.39",
            "revenue": 228872
        },
        "2023-01": {
            "month": "2023-01",
            "price": "42.17",
            "revenue": 166839
        },
        "2023-02": {
            "month": "2023-02",
            "price": "45.35",
            "revenue": 181846
        },
        "2023-03": {
            "month": "2023-03",
            "price": "52.18",
            "revenue": 244133
        },
        "2023-04": {
            "month": "2023-04",
            "price": "52.88",
            "revenue": 242727
        },
        "2023-05": {
            "month": "2023-05",
            "price": "52.15",
            "revenue": 229815
        },
        "2023-06": {
            "month": "2023-06",
            "price": "52.12",
            "revenue": 230596
        },
        "2023-07": {
            "month": "2023-07",
            "price": "57.32",
            "revenue": 266196
        },
        "2023-08": {
            "month": "2023-08",
            "price": "65.38",
            "revenue": 288197
        },
        "2023-09": {
            "month": "2023-09",
            "price": "72.02",
            "revenue": 267716
        },
        "2023-10": {
            "month": "2023-10",
            "price": "66.54",
            "revenue": 261331
        },
        "2023-11": {
            "month": "2023-11",
            "price": "63.81",
            "revenue": 283480
        },
        "2023-12": {
            "month": "2023-12",
            "price": "68.57",
            "revenue": 272037
        }
    }
}
