{
    "summary": {
        "stock_name": "訊芯-KY",
        "stock_id": "6451",
        "category": "半導體",
        "main_business": "系統模組封裝產品及其他各型積體電路模組之封裝、測試及銷售",
        "website_url": "http://www.shunsintech.com/",
        "ceo": "徐文一",
        "pe_ratio": 89,
        "report_year_from": 2012,
        "report_year_to": 2023,
        "age": 12,
        "eps_negative_percentage": 0,
        "eps_growth_avg": {
            "last_all": 12.41,
            "last_2y": -20.44,
            "last_4y": 9.98,
            "last_8y": 12.41,
            "last_12y": null,
            "last_16y": null,
            "last_20y": null,
            "at_2006_last_3y": null,
            "at_2007_last_3y": null,
            "at_2008_last_3y": null,
            "at_2009_last_3y": null,
            "at_2010_last_3y": null,
            "at_2011_last_3y": null,
            "at_2012_last_3y": null,
            "at_2013_last_3y": null,
            "at_2014_last_3y": null,
            "at_2015_last_3y": null,
            "at_2016_last_3y": null,
            "at_2017_last_3y": null,
            "at_2018_last_3y": 15.45,
            "at_2019_last_3y": 24.5,
            "at_2020_last_3y": 30.71,
            "at_2021_last_3y": 41.56,
            "at_2022_last_3y": 4.23,
            "at_2023_last_3y": -12.53,
            "at_2024_last_3y": -12.53,
            "at_2006_last_all": null,
            "at_2007_last_all": null,
            "at_2008_last_all": null,
            "at_2009_last_all": null,
            "at_2010_last_all": null,
            "at_2011_last_all": null,
            "at_2012_last_all": null,
            "at_2013_last_all": null,
            "at_2014_last_all": null,
            "at_2015_last_all": null,
            "at_2016_last_all": 25.09,
            "at_2017_last_all": -12.73,
            "at_2018_last_all": 15.45,
            "at_2019_last_all": 32.36,
            "at_2020_last_all": 28.83,
            "at_2021_last_all": 18.29,
            "at_2022_last_all": 9.84,
            "at_2023_last_all": 12.41,
            "at_2024_last_all": 12.41
        },
        "latest_eps": 2.33,
        "latest_price": 207,
        "latest_roe": 3.61,
        "latest_gross_margin": 30.07,
        "latest_equity": 7478554,
        "latest_revenue": 1354788,
        "latest_gross_profit": 407355,
        "latest_net_income": 138843,
        "latest_debt_ratio": 50.71,
        "latest_current_ratio": 165.83,
        "latest_account_receivable_turnover_ratio": 1.45,
        "latest_inventory_turnover_ratio": 1.68,
        "latest_reinvestment_rate": 93.66,
        "latest_research_to_sale_ratio": 7.69
    },
    "eps_dividends": {
        "2001": {
            "cash": 0,
            "stock": 0,
            "eps": 0
        },
        "2002": {
            "cash": 0,
            "stock": 0,
            "eps": 0
        },
        "2003": {
            "cash": 0,
            "stock": 0,
            "eps": 0
        },
        "2004": {
            "cash": 0,
            "stock": 0,
            "eps": 0
        },
        "2005": {
            "cash": 0,
            "stock": 0,
            "eps": 0
        },
        "2006": {
            "cash": 0,
            "stock": 0,
            "eps": 0
        },
        "2007": {
            "cash": 0,
            "stock": 0,
            "eps": 0
        },
        "2008": {
            "cash": 0,
            "stock": 0,
            "eps": 0
        },
        "2009": {
            "cash": 0,
            "stock": 0,
            "eps": 0
        },
        "2010": {
            "cash": 0,
            "stock": 0,
            "eps": 0
        },
        "2011": {
            "cash": 0,
            "stock": 0,
            "eps": 0
        },
        "2012": {
            "cash": 0,
            "stock": 0,
            "eps": 0
        },
        "2013": {
            "cash": 0,
            "stock": 0,
            "eps": 0
        },
        "2014": {
            "cash": 3.3,
            "stock": 0,
            "eps": 6.44
        },
        "2015": {
            "cash": 7.5,
            "stock": 0,
            "eps": 10.55
        },
        "2016": {
            "cash": 6,
            "stock": 0,
            "eps": 9.11
        },
        "2017": {
            "cash": 5.4,
            "stock": 0,
            "eps": 1.06
        },
        "2018": {
            "cash": 0.94,
            "stock": 0,
            "eps": 2.83
        },
        "2019": {
            "cash": 2.27,
            "stock": 0,
            "eps": 6.16
        },
        "2020": {
            "cash": 3.7,
            "stock": 0,
            "eps": 6.85
        },
        "2021": {
            "cash": 4.13,
            "stock": 0,
            "eps": 3.77
        },
        "2022": {
            "cash": 2.56,
            "stock": 0,
            "eps": 1.91
        },
        "2023": {
            "cash": 1.17,
            "stock": 0,
            "eps": 2.54
        }
    },
    "dividends": {
        "2014-07-31": {
            "cash": 3.3,
            "stock": 0
        },
        "2015-08-07": {
            "cash": 7.5,
            "stock": 0
        },
        "2016-07-29": {
            "cash": 6,
            "stock": 0
        },
        "2017-08-09": {
            "cash": 5.4,
            "stock": 0
        },
        "2018-08-22": {
            "cash": 0.94,
            "stock": 0
        },
        "2019-08-22": {
            "cash": 2.27,
            "stock": 0
        },
        "2020-08-19": {
            "cash": 3.7,
            "stock": 0
        },
        "2021-08-27": {
            "cash": 4.13,
            "stock": 0
        },
        "2022-08-26": {
            "cash": 2.56,
            "stock": 0
        },
        "2023-08-25": {
            "cash": 1.17,
            "stock": 0
        }
    },
    "prices": {
        "200101": "無",
        "200102": "無",
        "200103": "無",
        "200104": "無",
        "200105": "無",
        "200106": "無",
        "200107": "無",
        "200108": "無",
        "200109": "無",
        "200110": "無",
        "200111": "無",
        "200112": "無",
        "200201": "無",
        "200202": "無",
        "200203": "無",
        "200204": "無",
        "200205": "無",
        "200206": "無",
        "200207": "無",
        "200208": "無",
        "200209": "無",
        "200210": "無",
        "200211": "無",
        "200212": "無",
        "200301": "無",
        "200302": "無",
        "200303": "無",
        "200304": "無",
        "200305": "無",
        "200306": "無",
        "200307": "無",
        "200308": "無",
        "200309": "無",
        "200310": "無",
        "200311": "無",
        "200312": "無",
        "200401": "無",
        "200402": "無",
        "200403": "無",
        "200404": "無",
        "200405": "無",
        "200406": "無",
        "200407": "無",
        "200408": "無",
        "200409": "無",
        "200410": "無",
        "200411": "無",
        "200412": "無",
        "200501": "無",
        "200502": "無",
        "200503": "無",
        "200504": "無",
        "200505": "無",
        "200506": "無",
        "200507": "無",
        "200508": "無",
        "200509": "無",
        "200510": "無",
        "200511": "無",
        "200512": "無",
        "200601": "無",
        "200602": "無",
        "200603": "無",
        "200604": "無",
        "200605": "無",
        "200606": "無",
        "200607": "無",
        "200608": "無",
        "200609": "無",
        "200610": "無",
        "200611": "無",
        "200612": "無",
        "200701": "無",
        "200702": "無",
        "200703": "無",
        "200704": "無",
        "200705": "無",
        "200706": "無",
        "200707": "無",
        "200708": "無",
        "200709": "無",
        "200710": "無",
        "200711": "無",
        "200712": "無",
        "200801": "無",
        "200802": "無",
        "200803": "無",
        "200804": "無",
        "200805": "無",
        "200806": "無",
        "200807": "無",
        "200808": "無",
        "200809": "無",
        "200810": "無",
        "200811": "無",
        "200812": "無",
        "200901": "無",
        "200902": "無",
        "200903": "無",
        "200904": "無",
        "200905": "無",
        "200906": "無",
        "200907": "無",
        "200908": "無",
        "200909": "無",
        "200910": "無",
        "200911": "無",
        "200912": "無",
        "201001": "無",
        "201002": "無",
        "201003": "無",
        "201004": "無",
        "201005": "無",
        "201006": "無",
        "201007": "無",
        "201008": "無",
        "201009": "無",
        "201010": "無",
        "201011": "無",
        "201012": "無",
        "201101": "無",
        "201102": "無",
        "201103": "無",
        "201104": "無",
        "201105": "無",
        "201106": "無",
        "201107": "無",
        "201108": "無",
        "201109": "無",
        "201110": "無",
        "201111": "無",
        "201112": "無",
        "201201": "無",
        "201202": "無",
        "201203": "無",
        "201204": "無",
        "201205": "無",
        "201206": "無",
        "201207": "無",
        "201208": "無",
        "201209": "無",
        "201210": "無",
        "201211": "無",
        "201212": "無",
        "201301": "無",
        "201302": "無",
        "201303": "無",
        "201304": "無",
        "201305": "無",
        "201306": "無",
        "201307": "無",
        "201308": "無",
        "201309": "無",
        "201310": "無",
        "201311": "無",
        "201312": "無",
        "201401": "無",
        "201402": "無",
        "201403": "無",
        "201404": "無",
        "201405": "無",
        "201406": "無",
        "201407": "無",
        "201408": "無",
        "201409": "無",
        "201410": "無",
        "201411": "無",
        "201412": "無",
        "201501": "164.10",
        "201502": "172.38",
        "201503": "177.98",
        "201504": "170.18",
        "201505": "165.15",
        "201506": "166.93",
        "201507": "156.70",
        "201508": "103.44",
        "201509": "111.46",
        "201510": "110.14",
        "201511": "123.29",
        "201512": "135.80",
        "201601": "101.30",
        "201602": "99.67",
        "201603": "105.70",
        "201604": "94.32",
        "201605": "86.27",
        "201606": "91.55",
        "201607": "93.12",
        "201608": "135.89",
        "201609": "152.84",
        "201610": "117.88",
        "201611": "98.52",
        "201612": "98.96",
        "201701": "95.86",
        "201702": "110.14",
        "201703": "111.02",
        "201704": "99.91",
        "201705": "106.40",
        "201706": "111.43",
        "201707": "100.68",
        "201708": "101.27",
        "201709": "103.88",
        "201710": "119.42",
        "201711": "130.25",
        "201712": "122.40",
        "201801": "147.48",
        "201802": "135.50",
        "201803": "142.24",
        "201804": "155.22",
        "201805": "153.98",
        "201806": "159.00",
        "201807": "147.55",
        "201808": "120.84",
        "201809": "98.35",
        "201810": "70.20",
        "201811": "62.70",
        "201812": "76.07",
        "201901": "81.04",
        "201902": "87.65",
        "201903": "105.62",
        "201904": "127.22",
        "201905": "99.40",
        "201906": "97.42",
        "201907": "108.48",
        "201908": "106.10",
        "201909": "119.63",
        "201910": "152.17",
        "201911": "153.05",
        "201912": "138.07",
        "202001": "157.80",
        "202002": "135.08",
        "202003": "96.98",
        "202004": "103.38",
        "202005": "108.85",
        "202006": "106.70",
        "202007": "116.33",
        "202008": "108.01",
        "202009": "100.91",
        "202010": "99.34",
        "202011": "109.40",
        "202012": "122.74",
        "202101": "137.82",
        "202102": "126.81",
        "202103": "122.09",
        "202104": "116.79",
        "202105": "103.33",
        "202106": "115.17",
        "202107": "113.95",
        "202108": "96.96",
        "202109": "91.36",
        "202110": "89.68",
        "202111": "94.87",
        "202112": "94.40",
        "202201": "90.87",
        "202202": "86.43",
        "202203": "83.39",
        "202204": "81.32",
        "202205": "73.20",
        "202206": "77.78",
        "202207": "70.20",
        "202208": "78.09",
        "202209": "87.18",
        "202210": "83.96",
        "202211": "80.59",
        "202212": "87.11",
        "202301": "81.01",
        "202302": "86.78",
        "202303": "83.74",
        "202304": "83.26",
        "202305": "84.80",
        "202306": "88.90",
        "202307": "119.21",
        "202308": "96.49",
        "202309": "123.80",
        "202310": "148.48",
        "202311": "140.84",
        "202312": "148.64"
    },
    "quarters": {
        "20011": {
            "year_quarter": 20011,
            "year": 2001,
            "quarter": 1,
            "eps": null,
            "eps_growth_year": null,
            "eps_4q": null,
            "eps_4q_growth_year": null,
            "roe": null,
            "roe_4q": 0,
            "gross_profit": null,
            "gross_margin": null,
            "gross_margin_4q_avg": 0,
            "net_income": null,
            "net_income_4q": null,
            "revenue": null,
            "revenue_4q": null,
            "common_shares": null,
            "book_valuer_per_share": null,
            "book_valuer_per_share_4q_avg": 0,
            "equity": null,
            "current_ratio": null,
            "debt_ratio": null,
            "inventory_turnover_ratio": null,
            "account_receivable_turnover_ratio": null,
            "reinvestment_rate": null,
            "research_to_sale_ratio": null,
            "price_fair": 0,
            "eps_avg_yearly": 0,
            "eps_latest_yearly": 0,
            "eps_growth_yearly": 0
        },
        "20012": {
            "year_quarter": 20012,
            "year": 2001,
            "quarter": 2,
            "eps": null,
            "eps_growth_year": null,
            "eps_4q": null,
            "eps_4q_growth_year": null,
            "roe": null,
            "roe_4q": 0,
            "gross_profit": null,
            "gross_margin": null,
            "gross_margin_4q_avg": 0,
            "net_income": null,
            "net_income_4q": null,
            "revenue": null,
            "revenue_4q": null,
            "common_shares": null,
            "book_valuer_per_share": null,
            "book_valuer_per_share_4q_avg": 0,
            "equity": null,
            "current_ratio": null,
            "debt_ratio": null,
            "inventory_turnover_ratio": null,
            "account_receivable_turnover_ratio": null,
            "reinvestment_rate": null,
            "research_to_sale_ratio": null,
            "price_fair": 0,
            "eps_avg_yearly": 0,
            "eps_latest_yearly": 0,
            "eps_growth_yearly": 0
        },
        "20013": {
            "year_quarter": 20013,
            "year": 2001,
            "quarter": 3,
            "eps": null,
            "eps_growth_year": null,
            "eps_4q": null,
            "eps_4q_growth_year": null,
            "roe": null,
            "roe_4q": 0,
            "gross_profit": null,
            "gross_margin": null,
            "gross_margin_4q_avg": 0,
            "net_income": null,
            "net_income_4q": null,
            "revenue": null,
            "revenue_4q": null,
            "common_shares": null,
            "book_valuer_per_share": null,
            "book_valuer_per_share_4q_avg": 0,
            "equity": null,
            "current_ratio": null,
            "debt_ratio": null,
            "inventory_turnover_ratio": null,
            "account_receivable_turnover_ratio": null,
            "reinvestment_rate": null,
            "research_to_sale_ratio": null,
            "price_fair": 0,
            "eps_avg_yearly": 0,
            "eps_latest_yearly": 0,
            "eps_growth_yearly": 0
        },
        "20014": {
            "year_quarter": 20014,
            "year": 2001,
            "quarter": 4,
            "eps": null,
            "eps_growth_year": null,
            "eps_4q": null,
            "eps_4q_growth_year": null,
            "roe": null,
            "roe_4q": 0,
            "gross_profit": null,
            "gross_margin": null,
            "gross_margin_4q_avg": 0,
            "net_income": null,
            "net_income_4q": null,
            "revenue": null,
            "revenue_4q": null,
            "common_shares": null,
            "book_valuer_per_share": null,
            "book_valuer_per_share_4q_avg": 0,
            "equity": null,
            "current_ratio": null,
            "debt_ratio": null,
            "inventory_turnover_ratio": null,
            "account_receivable_turnover_ratio": null,
            "reinvestment_rate": null,
            "research_to_sale_ratio": null,
            "price_fair": 0,
            "eps_avg_yearly": 0,
            "eps_latest_yearly": 0,
            "eps_growth_yearly": 0
        },
        "20021": {
            "year_quarter": 20021,
            "year": 2002,
            "quarter": 1,
            "eps": null,
            "eps_growth_year": null,
            "eps_4q": null,
            "eps_4q_growth_year": null,
            "roe": null,
            "roe_4q": 0,
            "gross_profit": null,
            "gross_margin": null,
            "gross_margin_4q_avg": 0,
            "net_income": null,
            "net_income_4q": null,
            "revenue": null,
            "revenue_4q": null,
            "common_shares": null,
            "book_valuer_per_share": null,
            "book_valuer_per_share_4q_avg": 0,
            "equity": null,
            "current_ratio": null,
            "debt_ratio": null,
            "inventory_turnover_ratio": null,
            "account_receivable_turnover_ratio": null,
            "reinvestment_rate": null,
            "research_to_sale_ratio": null,
            "price_fair": 0,
            "eps_avg_yearly": 0,
            "eps_latest_yearly": 0,
            "eps_growth_yearly": 0
        },
        "20022": {
            "year_quarter": 20022,
            "year": 2002,
            "quarter": 2,
            "eps": null,
            "eps_growth_year": null,
            "eps_4q": null,
            "eps_4q_growth_year": null,
            "roe": null,
            "roe_4q": 0,
            "gross_profit": null,
            "gross_margin": null,
            "gross_margin_4q_avg": 0,
            "net_income": null,
            "net_income_4q": null,
            "revenue": null,
            "revenue_4q": null,
            "common_shares": null,
            "book_valuer_per_share": null,
            "book_valuer_per_share_4q_avg": 0,
            "equity": null,
            "current_ratio": null,
            "debt_ratio": null,
            "inventory_turnover_ratio": null,
            "account_receivable_turnover_ratio": null,
            "reinvestment_rate": null,
            "research_to_sale_ratio": null,
            "price_fair": 0,
            "eps_avg_yearly": 0,
            "eps_latest_yearly": 0,
            "eps_growth_yearly": 0
        },
        "20023": {
            "year_quarter": 20023,
            "year": 2002,
            "quarter": 3,
            "eps": null,
            "eps_growth_year": null,
            "eps_4q": null,
            "eps_4q_growth_year": null,
            "roe": null,
            "roe_4q": 0,
            "gross_profit": null,
            "gross_margin": null,
            "gross_margin_4q_avg": 0,
            "net_income": null,
            "net_income_4q": null,
            "revenue": null,
            "revenue_4q": null,
            "common_shares": null,
            "book_valuer_per_share": null,
            "book_valuer_per_share_4q_avg": 0,
            "equity": null,
            "current_ratio": null,
            "debt_ratio": null,
            "inventory_turnover_ratio": null,
            "account_receivable_turnover_ratio": null,
            "reinvestment_rate": null,
            "research_to_sale_ratio": null,
            "price_fair": 0,
            "eps_avg_yearly": 0,
            "eps_latest_yearly": 0,
            "eps_growth_yearly": 0
        },
        "20024": {
            "year_quarter": 20024,
            "year": 2002,
            "quarter": 4,
            "eps": null,
            "eps_growth_year": null,
            "eps_4q": null,
            "eps_4q_growth_year": null,
            "roe": null,
            "roe_4q": 0,
            "gross_profit": null,
            "gross_margin": null,
            "gross_margin_4q_avg": 0,
            "net_income": null,
            "net_income_4q": null,
            "revenue": null,
            "revenue_4q": null,
            "common_shares": null,
            "book_valuer_per_share": null,
            "book_valuer_per_share_4q_avg": 0,
            "equity": null,
            "current_ratio": null,
            "debt_ratio": null,
            "inventory_turnover_ratio": null,
            "account_receivable_turnover_ratio": null,
            "reinvestment_rate": null,
            "research_to_sale_ratio": null,
            "price_fair": 0,
            "eps_avg_yearly": 0,
            "eps_latest_yearly": 0,
            "eps_growth_yearly": 0
        },
        "20031": {
            "year_quarter": 20031,
            "year": 2003,
            "quarter": 1,
            "eps": null,
            "eps_growth_year": null,
            "eps_4q": null,
            "eps_4q_growth_year": null,
            "roe": null,
            "roe_4q": 0,
            "gross_profit": null,
            "gross_margin": null,
            "gross_margin_4q_avg": 0,
            "net_income": null,
            "net_income_4q": null,
            "revenue": null,
            "revenue_4q": null,
            "common_shares": null,
            "book_valuer_per_share": null,
            "book_valuer_per_share_4q_avg": 0,
            "equity": null,
            "current_ratio": null,
            "debt_ratio": null,
            "inventory_turnover_ratio": null,
            "account_receivable_turnover_ratio": null,
            "reinvestment_rate": null,
            "research_to_sale_ratio": null,
            "price_fair": 0,
            "eps_avg_yearly": 0,
            "eps_latest_yearly": 0,
            "eps_growth_yearly": 0
        },
        "20032": {
            "year_quarter": 20032,
            "year": 2003,
            "quarter": 2,
            "eps": null,
            "eps_growth_year": null,
            "eps_4q": null,
            "eps_4q_growth_year": null,
            "roe": null,
            "roe_4q": 0,
            "gross_profit": null,
            "gross_margin": null,
            "gross_margin_4q_avg": 0,
            "net_income": null,
            "net_income_4q": null,
            "revenue": null,
            "revenue_4q": null,
            "common_shares": null,
            "book_valuer_per_share": null,
            "book_valuer_per_share_4q_avg": 0,
            "equity": null,
            "current_ratio": null,
            "debt_ratio": null,
            "inventory_turnover_ratio": null,
            "account_receivable_turnover_ratio": null,
            "reinvestment_rate": null,
            "research_to_sale_ratio": null,
            "price_fair": 0,
            "eps_avg_yearly": 0,
            "eps_latest_yearly": 0,
            "eps_growth_yearly": 0
        },
        "20033": {
            "year_quarter": 20033,
            "year": 2003,
            "quarter": 3,
            "eps": null,
            "eps_growth_year": null,
            "eps_4q": null,
            "eps_4q_growth_year": null,
            "roe": null,
            "roe_4q": 0,
            "gross_profit": null,
            "gross_margin": null,
            "gross_margin_4q_avg": 0,
            "net_income": null,
            "net_income_4q": null,
            "revenue": null,
            "revenue_4q": null,
            "common_shares": null,
            "book_valuer_per_share": null,
            "book_valuer_per_share_4q_avg": 0,
            "equity": null,
            "current_ratio": null,
            "debt_ratio": null,
            "inventory_turnover_ratio": null,
            "account_receivable_turnover_ratio": null,
            "reinvestment_rate": null,
            "research_to_sale_ratio": null,
            "price_fair": 0,
            "eps_avg_yearly": 0,
            "eps_latest_yearly": 0,
            "eps_growth_yearly": 0
        },
        "20034": {
            "year_quarter": 20034,
            "year": 2003,
            "quarter": 4,
            "eps": null,
            "eps_growth_year": null,
            "eps_4q": null,
            "eps_4q_growth_year": null,
            "roe": null,
            "roe_4q": 0,
            "gross_profit": null,
            "gross_margin": null,
            "gross_margin_4q_avg": 0,
            "net_income": null,
            "net_income_4q": null,
            "revenue": null,
            "revenue_4q": null,
            "common_shares": null,
            "book_valuer_per_share": null,
            "book_valuer_per_share_4q_avg": 0,
            "equity": null,
            "current_ratio": null,
            "debt_ratio": null,
            "inventory_turnover_ratio": null,
            "account_receivable_turnover_ratio": null,
            "reinvestment_rate": null,
            "research_to_sale_ratio": null,
            "price_fair": 0,
            "eps_avg_yearly": 0,
            "eps_latest_yearly": 0,
            "eps_growth_yearly": 0
        },
        "20041": {
            "year_quarter": 20041,
            "year": 2004,
            "quarter": 1,
            "eps": null,
            "eps_growth_year": null,
            "eps_4q": null,
            "eps_4q_growth_year": null,
            "roe": null,
            "roe_4q": 0,
            "gross_profit": null,
            "gross_margin": null,
            "gross_margin_4q_avg": 0,
            "net_income": null,
            "net_income_4q": null,
            "revenue": null,
            "revenue_4q": null,
            "common_shares": null,
            "book_valuer_per_share": null,
            "book_valuer_per_share_4q_avg": 0,
            "equity": null,
            "current_ratio": null,
            "debt_ratio": null,
            "inventory_turnover_ratio": null,
            "account_receivable_turnover_ratio": null,
            "reinvestment_rate": null,
            "research_to_sale_ratio": null,
            "price_fair": 0,
            "eps_avg_yearly": 0,
            "eps_latest_yearly": 0,
            "eps_growth_yearly": 0
        },
        "20042": {
            "year_quarter": 20042,
            "year": 2004,
            "quarter": 2,
            "eps": null,
            "eps_growth_year": null,
            "eps_4q": null,
            "eps_4q_growth_year": null,
            "roe": null,
            "roe_4q": 0,
            "gross_profit": null,
            "gross_margin": null,
            "gross_margin_4q_avg": 0,
            "net_income": null,
            "net_income_4q": null,
            "revenue": null,
            "revenue_4q": null,
            "common_shares": null,
            "book_valuer_per_share": null,
            "book_valuer_per_share_4q_avg": 0,
            "equity": null,
            "current_ratio": null,
            "debt_ratio": null,
            "inventory_turnover_ratio": null,
            "account_receivable_turnover_ratio": null,
            "reinvestment_rate": null,
            "research_to_sale_ratio": null,
            "price_fair": 0,
            "eps_avg_yearly": 0,
            "eps_latest_yearly": 0,
            "eps_growth_yearly": 0
        },
        "20043": {
            "year_quarter": 20043,
            "year": 2004,
            "quarter": 3,
            "eps": null,
            "eps_growth_year": null,
            "eps_4q": null,
            "eps_4q_growth_year": null,
            "roe": null,
            "roe_4q": 0,
            "gross_profit": null,
            "gross_margin": null,
            "gross_margin_4q_avg": 0,
            "net_income": null,
            "net_income_4q": null,
            "revenue": null,
            "revenue_4q": null,
            "common_shares": null,
            "book_valuer_per_share": null,
            "book_valuer_per_share_4q_avg": 0,
            "equity": null,
            "current_ratio": null,
            "debt_ratio": null,
            "inventory_turnover_ratio": null,
            "account_receivable_turnover_ratio": null,
            "reinvestment_rate": null,
            "research_to_sale_ratio": null,
            "price_fair": 0,
            "eps_avg_yearly": 0,
            "eps_latest_yearly": 0,
            "eps_growth_yearly": 0
        },
        "20044": {
            "year_quarter": 20044,
            "year": 2004,
            "quarter": 4,
            "eps": null,
            "eps_growth_year": null,
            "eps_4q": null,
            "eps_4q_growth_year": null,
            "roe": null,
            "roe_4q": 0,
            "gross_profit": null,
            "gross_margin": null,
            "gross_margin_4q_avg": 0,
            "net_income": null,
            "net_income_4q": null,
            "revenue": null,
            "revenue_4q": null,
            "common_shares": null,
            "book_valuer_per_share": null,
            "book_valuer_per_share_4q_avg": 0,
            "equity": null,
            "current_ratio": null,
            "debt_ratio": null,
            "inventory_turnover_ratio": null,
            "account_receivable_turnover_ratio": null,
            "reinvestment_rate": null,
            "research_to_sale_ratio": null,
            "price_fair": 0,
            "eps_avg_yearly": 0,
            "eps_latest_yearly": 0,
            "eps_growth_yearly": 0
        },
        "20051": {
            "year_quarter": 20051,
            "year": 2005,
            "quarter": 1,
            "eps": null,
            "eps_growth_year": null,
            "eps_4q": null,
            "eps_4q_growth_year": null,
            "roe": null,
            "roe_4q": 0,
            "gross_profit": null,
            "gross_margin": null,
            "gross_margin_4q_avg": 0,
            "net_income": null,
            "net_income_4q": null,
            "revenue": null,
            "revenue_4q": null,
            "common_shares": null,
            "book_valuer_per_share": null,
            "book_valuer_per_share_4q_avg": 0,
            "equity": null,
            "current_ratio": null,
            "debt_ratio": null,
            "inventory_turnover_ratio": null,
            "account_receivable_turnover_ratio": null,
            "reinvestment_rate": null,
            "research_to_sale_ratio": null,
            "price_fair": 0,
            "eps_avg_yearly": 0,
            "eps_latest_yearly": 0,
            "eps_growth_yearly": 0
        },
        "20052": {
            "year_quarter": 20052,
            "year": 2005,
            "quarter": 2,
            "eps": null,
            "eps_growth_year": null,
            "eps_4q": null,
            "eps_4q_growth_year": null,
            "roe": null,
            "roe_4q": 0,
            "gross_profit": null,
            "gross_margin": null,
            "gross_margin_4q_avg": 0,
            "net_income": null,
            "net_income_4q": null,
            "revenue": null,
            "revenue_4q": null,
            "common_shares": null,
            "book_valuer_per_share": null,
            "book_valuer_per_share_4q_avg": 0,
            "equity": null,
            "current_ratio": null,
            "debt_ratio": null,
            "inventory_turnover_ratio": null,
            "account_receivable_turnover_ratio": null,
            "reinvestment_rate": null,
            "research_to_sale_ratio": null,
            "price_fair": 0,
            "eps_avg_yearly": 0,
            "eps_latest_yearly": 0,
            "eps_growth_yearly": 0
        },
        "20053": {
            "year_quarter": 20053,
            "year": 2005,
            "quarter": 3,
            "eps": null,
            "eps_growth_year": null,
            "eps_4q": null,
            "eps_4q_growth_year": null,
            "roe": null,
            "roe_4q": 0,
            "gross_profit": null,
            "gross_margin": null,
            "gross_margin_4q_avg": 0,
            "net_income": null,
            "net_income_4q": null,
            "revenue": null,
            "revenue_4q": null,
            "common_shares": null,
            "book_valuer_per_share": null,
            "book_valuer_per_share_4q_avg": 0,
            "equity": null,
            "current_ratio": null,
            "debt_ratio": null,
            "inventory_turnover_ratio": null,
            "account_receivable_turnover_ratio": null,
            "reinvestment_rate": null,
            "research_to_sale_ratio": null,
            "price_fair": 0,
            "eps_avg_yearly": 0,
            "eps_latest_yearly": 0,
            "eps_growth_yearly": 0
        },
        "20054": {
            "year_quarter": 20054,
            "year": 2005,
            "quarter": 4,
            "eps": null,
            "eps_growth_year": null,
            "eps_4q": null,
            "eps_4q_growth_year": null,
            "roe": null,
            "roe_4q": 0,
            "gross_profit": null,
            "gross_margin": null,
            "gross_margin_4q_avg": 0,
            "net_income": null,
            "net_income_4q": null,
            "revenue": null,
            "revenue_4q": null,
            "common_shares": null,
            "book_valuer_per_share": null,
            "book_valuer_per_share_4q_avg": 0,
            "equity": null,
            "current_ratio": null,
            "debt_ratio": null,
            "inventory_turnover_ratio": null,
            "account_receivable_turnover_ratio": null,
            "reinvestment_rate": null,
            "research_to_sale_ratio": null,
            "price_fair": 0,
            "eps_avg_yearly": 0,
            "eps_latest_yearly": 0,
            "eps_growth_yearly": 0
        },
        "20061": {
            "year_quarter": 20061,
            "year": 2006,
            "quarter": 1,
            "eps": null,
            "eps_growth_year": null,
            "eps_4q": null,
            "eps_4q_growth_year": null,
            "roe": null,
            "roe_4q": 0,
            "gross_profit": null,
            "gross_margin": null,
            "gross_margin_4q_avg": 0,
            "net_income": null,
            "net_income_4q": null,
            "revenue": null,
            "revenue_4q": null,
            "common_shares": null,
            "book_valuer_per_share": null,
            "book_valuer_per_share_4q_avg": 0,
            "equity": null,
            "current_ratio": null,
            "debt_ratio": null,
            "inventory_turnover_ratio": null,
            "account_receivable_turnover_ratio": null,
            "reinvestment_rate": null,
            "research_to_sale_ratio": null,
            "price_fair": 0,
            "eps_avg_yearly": 0,
            "eps_latest_yearly": 0,
            "eps_growth_yearly": 0
        },
        "20062": {
            "year_quarter": 20062,
            "year": 2006,
            "quarter": 2,
            "eps": null,
            "eps_growth_year": null,
            "eps_4q": null,
            "eps_4q_growth_year": null,
            "roe": null,
            "roe_4q": 0,
            "gross_profit": null,
            "gross_margin": null,
            "gross_margin_4q_avg": 0,
            "net_income": null,
            "net_income_4q": null,
            "revenue": null,
            "revenue_4q": null,
            "common_shares": null,
            "book_valuer_per_share": null,
            "book_valuer_per_share_4q_avg": 0,
            "equity": null,
            "current_ratio": null,
            "debt_ratio": null,
            "inventory_turnover_ratio": null,
            "account_receivable_turnover_ratio": null,
            "reinvestment_rate": null,
            "research_to_sale_ratio": null,
            "price_fair": 0,
            "eps_avg_yearly": 0,
            "eps_latest_yearly": 0,
            "eps_growth_yearly": 0
        },
        "20063": {
            "year_quarter": 20063,
            "year": 2006,
            "quarter": 3,
            "eps": null,
            "eps_growth_year": null,
            "eps_4q": null,
            "eps_4q_growth_year": null,
            "roe": null,
            "roe_4q": 0,
            "gross_profit": null,
            "gross_margin": null,
            "gross_margin_4q_avg": 0,
            "net_income": null,
            "net_income_4q": null,
            "revenue": null,
            "revenue_4q": null,
            "common_shares": null,
            "book_valuer_per_share": null,
            "book_valuer_per_share_4q_avg": 0,
            "equity": null,
            "current_ratio": null,
            "debt_ratio": null,
            "inventory_turnover_ratio": null,
            "account_receivable_turnover_ratio": null,
            "reinvestment_rate": null,
            "research_to_sale_ratio": null,
            "price_fair": 0,
            "eps_avg_yearly": 0,
            "eps_latest_yearly": 0,
            "eps_growth_yearly": 0
        },
        "20064": {
            "year_quarter": 20064,
            "year": 2006,
            "quarter": 4,
            "eps": null,
            "eps_growth_year": null,
            "eps_4q": null,
            "eps_4q_growth_year": null,
            "roe": null,
            "roe_4q": 0,
            "gross_profit": null,
            "gross_margin": null,
            "gross_margin_4q_avg": 0,
            "net_income": null,
            "net_income_4q": null,
            "revenue": null,
            "revenue_4q": null,
            "common_shares": null,
            "book_valuer_per_share": null,
            "book_valuer_per_share_4q_avg": 0,
            "equity": null,
            "current_ratio": null,
            "debt_ratio": null,
            "inventory_turnover_ratio": null,
            "account_receivable_turnover_ratio": null,
            "reinvestment_rate": null,
            "research_to_sale_ratio": null,
            "price_fair": 0,
            "eps_avg_yearly": 0,
            "eps_latest_yearly": 0,
            "eps_growth_yearly": 0
        },
        "20071": {
            "year_quarter": 20071,
            "year": 2007,
            "quarter": 1,
            "eps": null,
            "eps_growth_year": null,
            "eps_4q": null,
            "eps_4q_growth_year": null,
            "roe": null,
            "roe_4q": 0,
            "gross_profit": null,
            "gross_margin": null,
            "gross_margin_4q_avg": 0,
            "net_income": null,
            "net_income_4q": null,
            "revenue": null,
            "revenue_4q": null,
            "common_shares": null,
            "book_valuer_per_share": null,
            "book_valuer_per_share_4q_avg": 0,
            "equity": null,
            "current_ratio": null,
            "debt_ratio": null,
            "inventory_turnover_ratio": null,
            "account_receivable_turnover_ratio": null,
            "reinvestment_rate": null,
            "research_to_sale_ratio": null,
            "price_fair": 0,
            "eps_avg_yearly": 0,
            "eps_latest_yearly": 0,
            "eps_growth_yearly": 0
        },
        "20072": {
            "year_quarter": 20072,
            "year": 2007,
            "quarter": 2,
            "eps": null,
            "eps_growth_year": null,
            "eps_4q": null,
            "eps_4q_growth_year": null,
            "roe": null,
            "roe_4q": 0,
            "gross_profit": null,
            "gross_margin": null,
            "gross_margin_4q_avg": 0,
            "net_income": null,
            "net_income_4q": null,
            "revenue": null,
            "revenue_4q": null,
            "common_shares": null,
            "book_valuer_per_share": null,
            "book_valuer_per_share_4q_avg": 0,
            "equity": null,
            "current_ratio": null,
            "debt_ratio": null,
            "inventory_turnover_ratio": null,
            "account_receivable_turnover_ratio": null,
            "reinvestment_rate": null,
            "research_to_sale_ratio": null,
            "price_fair": 0,
            "eps_avg_yearly": 0,
            "eps_latest_yearly": 0,
            "eps_growth_yearly": 0
        },
        "20073": {
            "year_quarter": 20073,
            "year": 2007,
            "quarter": 3,
            "eps": null,
            "eps_growth_year": null,
            "eps_4q": null,
            "eps_4q_growth_year": null,
            "roe": null,
            "roe_4q": 0,
            "gross_profit": null,
            "gross_margin": null,
            "gross_margin_4q_avg": 0,
            "net_income": null,
            "net_income_4q": null,
            "revenue": null,
            "revenue_4q": null,
            "common_shares": null,
            "book_valuer_per_share": null,
            "book_valuer_per_share_4q_avg": 0,
            "equity": null,
            "current_ratio": null,
            "debt_ratio": null,
            "inventory_turnover_ratio": null,
            "account_receivable_turnover_ratio": null,
            "reinvestment_rate": null,
            "research_to_sale_ratio": null,
            "price_fair": 0,
            "eps_avg_yearly": 0,
            "eps_latest_yearly": 0,
            "eps_growth_yearly": 0
        },
        "20074": {
            "year_quarter": 20074,
            "year": 2007,
            "quarter": 4,
            "eps": null,
            "eps_growth_year": null,
            "eps_4q": null,
            "eps_4q_growth_year": null,
            "roe": null,
            "roe_4q": 0,
            "gross_profit": null,
            "gross_margin": null,
            "gross_margin_4q_avg": 0,
            "net_income": null,
            "net_income_4q": null,
            "revenue": null,
            "revenue_4q": null,
            "common_shares": null,
            "book_valuer_per_share": null,
            "book_valuer_per_share_4q_avg": 0,
            "equity": null,
            "current_ratio": null,
            "debt_ratio": null,
            "inventory_turnover_ratio": null,
            "account_receivable_turnover_ratio": null,
            "reinvestment_rate": null,
            "research_to_sale_ratio": null,
            "price_fair": 0,
            "eps_avg_yearly": 0,
            "eps_latest_yearly": 0,
            "eps_growth_yearly": 0
        },
        "20081": {
            "year_quarter": 20081,
            "year": 2008,
            "quarter": 1,
            "eps": null,
            "eps_growth_year": null,
            "eps_4q": null,
            "eps_4q_growth_year": null,
            "roe": null,
            "roe_4q": 0,
            "gross_profit": null,
            "gross_margin": null,
            "gross_margin_4q_avg": 0,
            "net_income": null,
            "net_income_4q": null,
            "revenue": null,
            "revenue_4q": null,
            "common_shares": null,
            "book_valuer_per_share": null,
            "book_valuer_per_share_4q_avg": 0,
            "equity": null,
            "current_ratio": null,
            "debt_ratio": null,
            "inventory_turnover_ratio": null,
            "account_receivable_turnover_ratio": null,
            "reinvestment_rate": null,
            "research_to_sale_ratio": null,
            "price_fair": 0,
            "eps_avg_yearly": 0,
            "eps_latest_yearly": 0,
            "eps_growth_yearly": 0
        },
        "20082": {
            "year_quarter": 20082,
            "year": 2008,
            "quarter": 2,
            "eps": null,
            "eps_growth_year": null,
            "eps_4q": null,
            "eps_4q_growth_year": null,
            "roe": null,
            "roe_4q": 0,
            "gross_profit": null,
            "gross_margin": null,
            "gross_margin_4q_avg": 0,
            "net_income": null,
            "net_income_4q": null,
            "revenue": null,
            "revenue_4q": null,
            "common_shares": null,
            "book_valuer_per_share": null,
            "book_valuer_per_share_4q_avg": 0,
            "equity": null,
            "current_ratio": null,
            "debt_ratio": null,
            "inventory_turnover_ratio": null,
            "account_receivable_turnover_ratio": null,
            "reinvestment_rate": null,
            "research_to_sale_ratio": null,
            "price_fair": 0,
            "eps_avg_yearly": 0,
            "eps_latest_yearly": 0,
            "eps_growth_yearly": 0
        },
        "20083": {
            "year_quarter": 20083,
            "year": 2008,
            "quarter": 3,
            "eps": null,
            "eps_growth_year": null,
            "eps_4q": null,
            "eps_4q_growth_year": null,
            "roe": null,
            "roe_4q": 0,
            "gross_profit": null,
            "gross_margin": null,
            "gross_margin_4q_avg": 0,
            "net_income": null,
            "net_income_4q": null,
            "revenue": null,
            "revenue_4q": null,
            "common_shares": null,
            "book_valuer_per_share": null,
            "book_valuer_per_share_4q_avg": 0,
            "equity": null,
            "current_ratio": null,
            "debt_ratio": null,
            "inventory_turnover_ratio": null,
            "account_receivable_turnover_ratio": null,
            "reinvestment_rate": null,
            "research_to_sale_ratio": null,
            "price_fair": 0,
            "eps_avg_yearly": 0,
            "eps_latest_yearly": 0,
            "eps_growth_yearly": 0
        },
        "20084": {
            "year_quarter": 20084,
            "year": 2008,
            "quarter": 4,
            "eps": null,
            "eps_growth_year": null,
            "eps_4q": null,
            "eps_4q_growth_year": null,
            "roe": null,
            "roe_4q": 0,
            "gross_profit": null,
            "gross_margin": null,
            "gross_margin_4q_avg": 0,
            "net_income": null,
            "net_income_4q": null,
            "revenue": null,
            "revenue_4q": null,
            "common_shares": null,
            "book_valuer_per_share": null,
            "book_valuer_per_share_4q_avg": 0,
            "equity": null,
            "current_ratio": null,
            "debt_ratio": null,
            "inventory_turnover_ratio": null,
            "account_receivable_turnover_ratio": null,
            "reinvestment_rate": null,
            "research_to_sale_ratio": null,
            "price_fair": 0,
            "eps_avg_yearly": 0,
            "eps_latest_yearly": 0,
            "eps_growth_yearly": 0
        },
        "20091": {
            "year_quarter": 20091,
            "year": 2009,
            "quarter": 1,
            "eps": null,
            "eps_growth_year": null,
            "eps_4q": null,
            "eps_4q_growth_year": null,
            "roe": null,
            "roe_4q": 0,
            "gross_profit": null,
            "gross_margin": null,
            "gross_margin_4q_avg": 0,
            "net_income": null,
            "net_income_4q": null,
            "revenue": null,
            "revenue_4q": null,
            "common_shares": null,
            "book_valuer_per_share": null,
            "book_valuer_per_share_4q_avg": 0,
            "equity": null,
            "current_ratio": null,
            "debt_ratio": null,
            "inventory_turnover_ratio": null,
            "account_receivable_turnover_ratio": null,
            "reinvestment_rate": null,
            "research_to_sale_ratio": null,
            "price_fair": 0,
            "eps_avg_yearly": 0,
            "eps_latest_yearly": 0,
            "eps_growth_yearly": 0
        },
        "20092": {
            "year_quarter": 20092,
            "year": 2009,
            "quarter": 2,
            "eps": null,
            "eps_growth_year": null,
            "eps_4q": null,
            "eps_4q_growth_year": null,
            "roe": null,
            "roe_4q": 0,
            "gross_profit": null,
            "gross_margin": null,
            "gross_margin_4q_avg": 0,
            "net_income": null,
            "net_income_4q": null,
            "revenue": null,
            "revenue_4q": null,
            "common_shares": null,
            "book_valuer_per_share": null,
            "book_valuer_per_share_4q_avg": 0,
            "equity": null,
            "current_ratio": null,
            "debt_ratio": null,
            "inventory_turnover_ratio": null,
            "account_receivable_turnover_ratio": null,
            "reinvestment_rate": null,
            "research_to_sale_ratio": null,
            "price_fair": 0,
            "eps_avg_yearly": 0,
            "eps_latest_yearly": 0,
            "eps_growth_yearly": 0
        },
        "20093": {
            "year_quarter": 20093,
            "year": 2009,
            "quarter": 3,
            "eps": null,
            "eps_growth_year": null,
            "eps_4q": null,
            "eps_4q_growth_year": null,
            "roe": null,
            "roe_4q": 0,
            "gross_profit": null,
            "gross_margin": null,
            "gross_margin_4q_avg": 0,
            "net_income": null,
            "net_income_4q": null,
            "revenue": null,
            "revenue_4q": null,
            "common_shares": null,
            "book_valuer_per_share": null,
            "book_valuer_per_share_4q_avg": 0,
            "equity": null,
            "current_ratio": null,
            "debt_ratio": null,
            "inventory_turnover_ratio": null,
            "account_receivable_turnover_ratio": null,
            "reinvestment_rate": null,
            "research_to_sale_ratio": null,
            "price_fair": 0,
            "eps_avg_yearly": 0,
            "eps_latest_yearly": 0,
            "eps_growth_yearly": 0
        },
        "20094": {
            "year_quarter": 20094,
            "year": 2009,
            "quarter": 4,
            "eps": null,
            "eps_growth_year": null,
            "eps_4q": null,
            "eps_4q_growth_year": null,
            "roe": null,
            "roe_4q": 0,
            "gross_profit": null,
            "gross_margin": null,
            "gross_margin_4q_avg": 0,
            "net_income": null,
            "net_income_4q": null,
            "revenue": null,
            "revenue_4q": null,
            "common_shares": null,
            "book_valuer_per_share": null,
            "book_valuer_per_share_4q_avg": 0,
            "equity": null,
            "current_ratio": null,
            "debt_ratio": null,
            "inventory_turnover_ratio": null,
            "account_receivable_turnover_ratio": null,
            "reinvestment_rate": null,
            "research_to_sale_ratio": null,
            "price_fair": 0,
            "eps_avg_yearly": 0,
            "eps_latest_yearly": 0,
            "eps_growth_yearly": 0
        },
        "20101": {
            "year_quarter": 20101,
            "year": 2010,
            "quarter": 1,
            "eps": null,
            "eps_growth_year": null,
            "eps_4q": null,
            "eps_4q_growth_year": null,
            "roe": null,
            "roe_4q": 0,
            "gross_profit": null,
            "gross_margin": null,
            "gross_margin_4q_avg": 0,
            "net_income": null,
            "net_income_4q": null,
            "revenue": null,
            "revenue_4q": null,
            "common_shares": null,
            "book_valuer_per_share": null,
            "book_valuer_per_share_4q_avg": 0,
            "equity": null,
            "current_ratio": null,
            "debt_ratio": null,
            "inventory_turnover_ratio": null,
            "account_receivable_turnover_ratio": null,
            "reinvestment_rate": null,
            "research_to_sale_ratio": null,
            "price_fair": 0,
            "eps_avg_yearly": 0,
            "eps_latest_yearly": 0,
            "eps_growth_yearly": 0
        },
        "20102": {
            "year_quarter": 20102,
            "year": 2010,
            "quarter": 2,
            "eps": null,
            "eps_growth_year": null,
            "eps_4q": null,
            "eps_4q_growth_year": null,
            "roe": null,
            "roe_4q": 0,
            "gross_profit": null,
            "gross_margin": null,
            "gross_margin_4q_avg": 0,
            "net_income": null,
            "net_income_4q": null,
            "revenue": null,
            "revenue_4q": null,
            "common_shares": null,
            "book_valuer_per_share": null,
            "book_valuer_per_share_4q_avg": 0,
            "equity": null,
            "current_ratio": null,
            "debt_ratio": null,
            "inventory_turnover_ratio": null,
            "account_receivable_turnover_ratio": null,
            "reinvestment_rate": null,
            "research_to_sale_ratio": null,
            "price_fair": 0,
            "eps_avg_yearly": 0,
            "eps_latest_yearly": 0,
            "eps_growth_yearly": 0
        },
        "20103": {
            "year_quarter": 20103,
            "year": 2010,
            "quarter": 3,
            "eps": null,
            "eps_growth_year": null,
            "eps_4q": null,
            "eps_4q_growth_year": null,
            "roe": null,
            "roe_4q": 0,
            "gross_profit": null,
            "gross_margin": null,
            "gross_margin_4q_avg": 0,
            "net_income": null,
            "net_income_4q": null,
            "revenue": null,
            "revenue_4q": null,
            "common_shares": null,
            "book_valuer_per_share": null,
            "book_valuer_per_share_4q_avg": 0,
            "equity": null,
            "current_ratio": null,
            "debt_ratio": null,
            "inventory_turnover_ratio": null,
            "account_receivable_turnover_ratio": null,
            "reinvestment_rate": null,
            "research_to_sale_ratio": null,
            "price_fair": 0,
            "eps_avg_yearly": 0,
            "eps_latest_yearly": 0,
            "eps_growth_yearly": 0
        },
        "20104": {
            "year_quarter": 20104,
            "year": 2010,
            "quarter": 4,
            "eps": null,
            "eps_growth_year": null,
            "eps_4q": null,
            "eps_4q_growth_year": null,
            "roe": null,
            "roe_4q": 0,
            "gross_profit": null,
            "gross_margin": null,
            "gross_margin_4q_avg": 0,
            "net_income": null,
            "net_income_4q": null,
            "revenue": null,
            "revenue_4q": null,
            "common_shares": null,
            "book_valuer_per_share": null,
            "book_valuer_per_share_4q_avg": 0,
            "equity": null,
            "current_ratio": null,
            "debt_ratio": null,
            "inventory_turnover_ratio": null,
            "account_receivable_turnover_ratio": null,
            "reinvestment_rate": null,
            "research_to_sale_ratio": null,
            "price_fair": 0,
            "eps_avg_yearly": 0,
            "eps_latest_yearly": 0,
            "eps_growth_yearly": 0
        },
        "20111": {
            "year_quarter": 20111,
            "year": 2011,
            "quarter": 1,
            "eps": null,
            "eps_growth_year": null,
            "eps_4q": null,
            "eps_4q_growth_year": null,
            "roe": null,
            "roe_4q": 0,
            "gross_profit": null,
            "gross_margin": null,
            "gross_margin_4q_avg": 0,
            "net_income": null,
            "net_income_4q": null,
            "revenue": null,
            "revenue_4q": null,
            "common_shares": null,
            "book_valuer_per_share": null,
            "book_valuer_per_share_4q_avg": 0,
            "equity": null,
            "current_ratio": null,
            "debt_ratio": null,
            "inventory_turnover_ratio": null,
            "account_receivable_turnover_ratio": null,
            "reinvestment_rate": null,
            "research_to_sale_ratio": null,
            "price_fair": 0,
            "eps_avg_yearly": 0,
            "eps_latest_yearly": 0,
            "eps_growth_yearly": 0
        },
        "20112": {
            "year_quarter": 20112,
            "year": 2011,
            "quarter": 2,
            "eps": null,
            "eps_growth_year": null,
            "eps_4q": null,
            "eps_4q_growth_year": null,
            "roe": null,
            "roe_4q": 0,
            "gross_profit": null,
            "gross_margin": null,
            "gross_margin_4q_avg": 0,
            "net_income": null,
            "net_income_4q": null,
            "revenue": null,
            "revenue_4q": null,
            "common_shares": null,
            "book_valuer_per_share": null,
            "book_valuer_per_share_4q_avg": 0,
            "equity": null,
            "current_ratio": null,
            "debt_ratio": null,
            "inventory_turnover_ratio": null,
            "account_receivable_turnover_ratio": null,
            "reinvestment_rate": null,
            "research_to_sale_ratio": null,
            "price_fair": 0,
            "eps_avg_yearly": 0,
            "eps_latest_yearly": 0,
            "eps_growth_yearly": 0
        },
        "20113": {
            "year_quarter": 20113,
            "year": 2011,
            "quarter": 3,
            "eps": null,
            "eps_growth_year": null,
            "eps_4q": null,
            "eps_4q_growth_year": null,
            "roe": null,
            "roe_4q": 0,
            "gross_profit": null,
            "gross_margin": null,
            "gross_margin_4q_avg": 0,
            "net_income": null,
            "net_income_4q": null,
            "revenue": null,
            "revenue_4q": null,
            "common_shares": null,
            "book_valuer_per_share": null,
            "book_valuer_per_share_4q_avg": 0,
            "equity": null,
            "current_ratio": null,
            "debt_ratio": null,
            "inventory_turnover_ratio": null,
            "account_receivable_turnover_ratio": null,
            "reinvestment_rate": null,
            "research_to_sale_ratio": null,
            "price_fair": 0,
            "eps_avg_yearly": 0,
            "eps_latest_yearly": 0,
            "eps_growth_yearly": 0
        },
        "20114": {
            "year_quarter": 20114,
            "year": 2011,
            "quarter": 4,
            "eps": null,
            "eps_growth_year": null,
            "eps_4q": null,
            "eps_4q_growth_year": null,
            "roe": null,
            "roe_4q": 0,
            "gross_profit": null,
            "gross_margin": null,
            "gross_margin_4q_avg": 0,
            "net_income": null,
            "net_income_4q": null,
            "revenue": null,
            "revenue_4q": null,
            "common_shares": 1131480,
            "book_valuer_per_share": 40.51,
            "book_valuer_per_share_4q_avg": 10.13,
            "equity": 4583235,
            "current_ratio": 547.69,
            "debt_ratio": 18.57,
            "inventory_turnover_ratio": null,
            "account_receivable_turnover_ratio": null,
            "reinvestment_rate": null,
            "research_to_sale_ratio": null,
            "price_fair": 0,
            "eps_avg_yearly": 0,
            "eps_latest_yearly": 0,
            "eps_growth_yearly": 0
        },
        "20121": {
            "year_quarter": 20121,
            "year": 2012,
            "quarter": 1,
            "eps": null,
            "eps_growth_year": null,
            "eps_4q": null,
            "eps_4q_growth_year": null,
            "roe": null,
            "roe_4q": 0,
            "gross_profit": null,
            "gross_margin": null,
            "gross_margin_4q_avg": 0,
            "net_income": null,
            "net_income_4q": null,
            "revenue": null,
            "revenue_4q": null,
            "common_shares": null,
            "book_valuer_per_share": null,
            "book_valuer_per_share_4q_avg": 10.13,
            "equity": null,
            "current_ratio": null,
            "debt_ratio": null,
            "inventory_turnover_ratio": null,
            "account_receivable_turnover_ratio": null,
            "reinvestment_rate": null,
            "research_to_sale_ratio": null,
            "price_fair": 0,
            "eps_avg_yearly": 0,
            "eps_latest_yearly": 0,
            "eps_growth_yearly": 0
        },
        "20122": {
            "year_quarter": 20122,
            "year": 2012,
            "quarter": 2,
            "eps": null,
            "eps_growth_year": null,
            "eps_4q": null,
            "eps_4q_growth_year": null,
            "roe": null,
            "roe_4q": 0,
            "gross_profit": null,
            "gross_margin": null,
            "gross_margin_4q_avg": 0,
            "net_income": null,
            "net_income_4q": null,
            "revenue": null,
            "revenue_4q": null,
            "common_shares": null,
            "book_valuer_per_share": null,
            "book_valuer_per_share_4q_avg": 10.13,
            "equity": null,
            "current_ratio": null,
            "debt_ratio": null,
            "inventory_turnover_ratio": null,
            "account_receivable_turnover_ratio": null,
            "reinvestment_rate": null,
            "research_to_sale_ratio": null,
            "price_fair": 0,
            "eps_avg_yearly": 0,
            "eps_latest_yearly": 0,
            "eps_growth_yearly": 0
        },
        "20123": {
            "year_quarter": 20123,
            "year": 2012,
            "quarter": 3,
            "eps": null,
            "eps_growth_year": null,
            "eps_4q": null,
            "eps_4q_growth_year": null,
            "roe": null,
            "roe_4q": 0,
            "gross_profit": null,
            "gross_margin": null,
            "gross_margin_4q_avg": 0,
            "net_income": null,
            "net_income_4q": null,
            "revenue": null,
            "revenue_4q": null,
            "common_shares": null,
            "book_valuer_per_share": null,
            "book_valuer_per_share_4q_avg": 10.13,
            "equity": null,
            "current_ratio": null,
            "debt_ratio": null,
            "inventory_turnover_ratio": null,
            "account_receivable_turnover_ratio": null,
            "reinvestment_rate": null,
            "research_to_sale_ratio": null,
            "price_fair": 0,
            "eps_avg_yearly": 0,
            "eps_latest_yearly": 0,
            "eps_growth_yearly": 0
        },
        "20124": {
            "year_quarter": 20124,
            "year": 2012,
            "quarter": 4,
            "eps": null,
            "eps_growth_year": null,
            "eps_4q": null,
            "eps_4q_growth_year": null,
            "roe": null,
            "roe_4q": 0,
            "gross_profit": null,
            "gross_margin": null,
            "gross_margin_4q_avg": 0,
            "net_income": null,
            "net_income_4q": null,
            "revenue": null,
            "revenue_4q": null,
            "common_shares": 1131480,
            "book_valuer_per_share": 43.38,
            "book_valuer_per_share_4q_avg": 10.85,
            "equity": 4908679,
            "current_ratio": 795.98,
            "debt_ratio": 16.26,
            "inventory_turnover_ratio": null,
            "account_receivable_turnover_ratio": null,
            "reinvestment_rate": null,
            "research_to_sale_ratio": null,
            "price_fair": 0,
            "eps_avg_yearly": 0,
            "eps_latest_yearly": 0,
            "eps_growth_yearly": 0
        },
        "20131": {
            "year_quarter": 20131,
            "year": 2013,
            "quarter": 1,
            "eps": null,
            "eps_growth_year": null,
            "eps_4q": null,
            "eps_4q_growth_year": null,
            "roe": null,
            "roe_4q": 0,
            "gross_profit": null,
            "gross_margin": null,
            "gross_margin_4q_avg": 0,
            "net_income": null,
            "net_income_4q": null,
            "revenue": null,
            "revenue_4q": null,
            "common_shares": null,
            "book_valuer_per_share": null,
            "book_valuer_per_share_4q_avg": 10.85,
            "equity": null,
            "current_ratio": null,
            "debt_ratio": null,
            "inventory_turnover_ratio": null,
            "account_receivable_turnover_ratio": null,
            "reinvestment_rate": null,
            "research_to_sale_ratio": null,
            "price_fair": 0,
            "eps_avg_yearly": 0,
            "eps_latest_yearly": 0,
            "eps_growth_yearly": 0
        },
        "20132": {
            "year_quarter": 20132,
            "year": 2013,
            "quarter": 2,
            "eps": null,
            "eps_growth_year": null,
            "eps_4q": null,
            "eps_4q_growth_year": null,
            "roe": null,
            "roe_4q": 0,
            "gross_profit": null,
            "gross_margin": null,
            "gross_margin_4q_avg": 0,
            "net_income": null,
            "net_income_4q": null,
            "revenue": null,
            "revenue_4q": null,
            "common_shares": null,
            "book_valuer_per_share": null,
            "book_valuer_per_share_4q_avg": 10.85,
            "equity": null,
            "current_ratio": null,
            "debt_ratio": null,
            "inventory_turnover_ratio": null,
            "account_receivable_turnover_ratio": null,
            "reinvestment_rate": null,
            "research_to_sale_ratio": null,
            "price_fair": 0,
            "eps_avg_yearly": 0,
            "eps_latest_yearly": 0,
            "eps_growth_yearly": 0
        },
        "20133": {
            "year_quarter": 20133,
            "year": 2013,
            "quarter": 3,
            "eps": null,
            "eps_growth_year": null,
            "eps_4q": null,
            "eps_4q_growth_year": null,
            "roe": null,
            "roe_4q": 0,
            "gross_profit": 518553,
            "gross_margin": null,
            "gross_margin_4q_avg": 0,
            "net_income": 253539,
            "net_income_4q": null,
            "revenue": 996440,
            "revenue_4q": null,
            "common_shares": 1045440,
            "book_valuer_per_share": null,
            "book_valuer_per_share_4q_avg": 10.85,
            "equity": 2295252,
            "current_ratio": null,
            "debt_ratio": null,
            "inventory_turnover_ratio": null,
            "account_receivable_turnover_ratio": null,
            "reinvestment_rate": null,
            "research_to_sale_ratio": null,
            "price_fair": 0,
            "eps_avg_yearly": 0,
            "eps_latest_yearly": 0,
            "eps_growth_yearly": 0
        },
        "20134": {
            "year_quarter": 20134,
            "year": 2013,
            "quarter": 4,
            "eps": null,
            "eps_growth_year": null,
            "eps_4q": null,
            "eps_4q_growth_year": null,
            "roe": null,
            "roe_4q": 0,
            "gross_profit": 525214,
            "gross_margin": null,
            "gross_margin_4q_avg": 0,
            "net_income": 252413,
            "net_income_4q": null,
            "revenue": 1091001,
            "revenue_4q": null,
            "common_shares": 1347606,
            "book_valuer_per_share": 23.9,
            "book_valuer_per_share_4q_avg": 5.98,
            "equity": 3220976,
            "current_ratio": 254.43,
            "debt_ratio": 34.36,
            "inventory_turnover_ratio": null,
            "account_receivable_turnover_ratio": null,
            "reinvestment_rate": null,
            "research_to_sale_ratio": null,
            "price_fair": 0,
            "eps_avg_yearly": 0,
            "eps_latest_yearly": 0,
            "eps_growth_yearly": 0
        },
        "20141": {
            "year_quarter": 20141,
            "year": 2014,
            "quarter": 1,
            "eps": null,
            "eps_growth_year": null,
            "eps_4q": null,
            "eps_4q_growth_year": null,
            "roe": null,
            "roe_4q": 0,
            "gross_profit": 274770,
            "gross_margin": null,
            "gross_margin_4q_avg": 0,
            "net_income": 132567,
            "net_income_4q": null,
            "revenue": 758813,
            "revenue_4q": null,
            "common_shares": 1474757,
            "book_valuer_per_share": 24.56,
            "book_valuer_per_share_4q_avg": 12.12,
            "equity": 3621380,
            "current_ratio": 296.38,
            "debt_ratio": 31.01,
            "inventory_turnover_ratio": null,
            "account_receivable_turnover_ratio": null,
            "reinvestment_rate": null,
            "research_to_sale_ratio": null,
            "price_fair": 0,
            "eps_avg_yearly": 0,
            "eps_latest_yearly": 0,
            "eps_growth_yearly": 0
        },
        "20142": {
            "year_quarter": 20142,
            "year": 2014,
            "quarter": 2,
            "eps": null,
            "eps_growth_year": null,
            "eps_4q": null,
            "eps_4q_growth_year": null,
            "roe": null,
            "roe_4q": 0,
            "gross_profit": 318911,
            "gross_margin": null,
            "gross_margin_4q_avg": 0,
            "net_income": 205042,
            "net_income_4q": null,
            "revenue": 1009251,
            "revenue_4q": null,
            "common_shares": 909468,
            "book_valuer_per_share": 41.2,
            "book_valuer_per_share_4q_avg": 22.42,
            "equity": 3747064,
            "current_ratio": 281.46,
            "debt_ratio": 32.51,
            "inventory_turnover_ratio": null,
            "account_receivable_turnover_ratio": null,
            "reinvestment_rate": null,
            "research_to_sale_ratio": null,
            "price_fair": 0,
            "eps_avg_yearly": 0,
            "eps_latest_yearly": 0,
            "eps_growth_yearly": 0
        },
        "20143": {
            "year_quarter": 20143,
            "year": 2014,
            "quarter": 3,
            "eps": 2.56,
            "eps_growth_year": null,
            "eps_4q": 2.56,
            "eps_4q_growth_year": null,
            "roe": 6.17,
            "roe_4q": 6.17,
            "gross_profit": 393441,
            "gross_margin": 23.86,
            "gross_margin_4q_avg": 5.97,
            "net_income": 233137,
            "net_income_4q": null,
            "revenue": 1648791,
            "revenue_4q": null,
            "common_shares": 909468,
            "book_valuer_per_share": 41.95,
            "book_valuer_per_share_4q_avg": 32.9,
            "equity": 3815291,
            "current_ratio": 226.96,
            "debt_ratio": 38.99,
            "inventory_turnover_ratio": 2.74,
            "account_receivable_turnover_ratio": 3.52,
            "reinvestment_rate": null,
            "research_to_sale_ratio": 3.91,
            "price_fair": 0,
            "eps_avg_yearly": 0,
            "eps_latest_yearly": 0,
            "eps_growth_yearly": 0
        },
        "20144": {
            "year_quarter": 20144,
            "year": 2014,
            "quarter": 4,
            "eps": 3.88,
            "eps_growth_year": null,
            "eps_4q": 6.45,
            "eps_4q_growth_year": null,
            "roe": 8.68,
            "roe_4q": 14.85,
            "gross_profit": 405004,
            "gross_margin": 20.67,
            "gross_margin_4q_avg": 11.13,
            "net_income": 353090,
            "net_income_4q": null,
            "revenue": 1959419,
            "revenue_4q": null,
            "common_shares": 909468,
            "book_valuer_per_share": 47.49,
            "book_valuer_per_share_4q_avg": 38.8,
            "equity": 4319167,
            "current_ratio": 230.59,
            "debt_ratio": 34.78,
            "inventory_turnover_ratio": 2.83,
            "account_receivable_turnover_ratio": 2.25,
            "reinvestment_rate": null,
            "research_to_sale_ratio": 4.9,
            "price_fair": 543.2,
            "eps_avg_yearly": 15.52,
            "eps_latest_yearly": 15.52,
            "eps_growth_yearly": 206.25
        },
        "20151": {
            "year_quarter": 20151,
            "year": 2015,
            "quarter": 1,
            "eps": 2.3,
            "eps_growth_year": null,
            "eps_4q": 7.76,
            "eps_4q_growth_year": null,
            "roe": 4.44,
            "roe_4q": 19.29,
            "gross_profit": 376919,
            "gross_margin": 22.24,
            "gross_margin_4q_avg": 16.69,
            "net_income": 231842,
            "net_income_4q": null,
            "revenue": 1694747,
            "revenue_4q": null,
            "common_shares": 1054468,
            "book_valuer_per_share": 58.17,
            "book_valuer_per_share_4q_avg": 47.2,
            "equity": 6133747,
            "current_ratio": 579.34,
            "debt_ratio": 14.72,
            "inventory_turnover_ratio": 2.71,
            "account_receivable_turnover_ratio": 2.2,
            "reinvestment_rate": null,
            "research_to_sale_ratio": 2.56,
            "price_fair": 391.59,
            "eps_avg_yearly": 12.36,
            "eps_latest_yearly": 9.2,
            "eps_growth_yearly": 21.68
        },
        "20152": {
            "year_quarter": 20152,
            "year": 2015,
            "quarter": 2,
            "eps": 1.77,
            "eps_growth_year": null,
            "eps_4q": 9.52,
            "eps_4q_growth_year": null,
            "roe": 3.21,
            "roe_4q": 22.5,
            "gross_profit": 250197,
            "gross_margin": 18.81,
            "gross_margin_4q_avg": 21.4,
            "net_income": 186295,
            "net_income_4q": null,
            "revenue": 1330051,
            "revenue_4q": null,
            "common_shares": 1054468,
            "book_valuer_per_share": 51.98,
            "book_valuer_per_share_4q_avg": 49.9,
            "equity": 5480688,
            "current_ratio": 336.74,
            "debt_ratio": 23.77,
            "inventory_turnover_ratio": 2.45,
            "account_receivable_turnover_ratio": 2.01,
            "reinvestment_rate": null,
            "research_to_sale_ratio": 2.69,
            "price_fair": 31.8,
            "eps_avg_yearly": 10.6,
            "eps_latest_yearly": 7.08,
            "eps_growth_yearly": -16.27
        },
        "20153": {
            "year_quarter": 20153,
            "year": 2015,
            "quarter": 3,
            "eps": 3.36,
            "eps_growth_year": 31.25,
            "eps_4q": 10.67,
            "eps_4q_growth_year": 316.29,
            "roe": 6.18,
            "roe_4q": 22.51,
            "gross_profit": 352504,
            "gross_margin": 26.8,
            "gross_margin_4q_avg": 22.13,
            "net_income": 354034,
            "net_income_4q": null,
            "revenue": 1315111,
            "revenue_4q": null,
            "common_shares": 1054468,
            "book_valuer_per_share": 56.66,
            "book_valuer_per_share_4q_avg": 53.58,
            "equity": 5974896,
            "current_ratio": 444.33,
            "debt_ratio": 18.31,
            "inventory_turnover_ratio": 2.14,
            "account_receivable_turnover_ratio": 1.95,
            "reinvestment_rate": null,
            "research_to_sale_ratio": 3.71,
            "price_fair": 395.85,
            "eps_avg_yearly": 11.31,
            "eps_latest_yearly": 13.44,
            "eps_growth_yearly": 77.63
        },
        "20154": {
            "year_quarter": 20154,
            "year": 2015,
            "quarter": 4,
            "eps": 3.12,
            "eps_growth_year": -19.7,
            "eps_4q": 10.44,
            "eps_4q_growth_year": 61.97,
            "roe": 5.41,
            "roe_4q": 19.240000000000002,
            "gross_profit": 444860,
            "gross_margin": 28.3,
            "gross_margin_4q_avg": 24.04,
            "net_income": 328721,
            "net_income_4q": null,
            "revenue": 1572126,
            "revenue_4q": null,
            "common_shares": 1054468,
            "book_valuer_per_share": 58.5,
            "book_valuer_per_share_4q_avg": 56.33,
            "equity": 6168131,
            "current_ratio": 422.71,
            "debt_ratio": 19.7,
            "inventory_turnover_ratio": 2.62,
            "account_receivable_turnover_ratio": 2.26,
            "reinvestment_rate": null,
            "research_to_sale_ratio": 3.61,
            "price_fair": 404.04,
            "eps_avg_yearly": 11.54,
            "eps_latest_yearly": 12.48,
            "eps_growth_yearly": 56.39
        },
        "20161": {
            "year_quarter": 20161,
            "year": 2016,
            "quarter": 1,
            "eps": 2.04,
            "eps_growth_year": -11.3,
            "eps_4q": 10.29,
            "eps_4q_growth_year": 32.59,
            "roe": 3.46,
            "roe_4q": 18.26,
            "gross_profit": 264669,
            "gross_margin": 27.2,
            "gross_margin_4q_avg": 25.28,
            "net_income": 215624,
            "net_income_4q": null,
            "revenue": 973206,
            "revenue_4q": null,
            "common_shares": 1054468,
            "book_valuer_per_share": 59.68,
            "book_valuer_per_share_4q_avg": 56.71,
            "equity": 6293311,
            "current_ratio": 443.99,
            "debt_ratio": 19.29,
            "inventory_turnover_ratio": 1.91,
            "account_receivable_turnover_ratio": 1.76,
            "reinvestment_rate": null,
            "research_to_sale_ratio": null,
            "price_fair": 372.37,
            "eps_avg_yearly": 10.98,
            "eps_latest_yearly": 8.16,
            "eps_growth_yearly": 23.91
        },
        "20162": {
            "year_quarter": 20162,
            "year": 2016,
            "quarter": 2,
            "eps": 3.11,
            "eps_growth_year": 75.71,
            "eps_4q": 11.63,
            "eps_4q_growth_year": 22.07,
            "roe": 5.4,
            "roe_4q": 20.45,
            "gross_profit": 368776,
            "gross_margin": 31.64,
            "gross_margin_4q_avg": 28.49,
            "net_income": 327623,
            "net_income_4q": null,
            "revenue": 1165454,
            "revenue_4q": null,
            "common_shares": 1054468,
            "book_valuer_per_share": 55.31,
            "book_valuer_per_share_4q_avg": 57.54,
            "equity": 5831979,
            "current_ratio": 313.61,
            "debt_ratio": 28.13,
            "inventory_turnover_ratio": 2.23,
            "account_receivable_turnover_ratio": 2.37,
            "reinvestment_rate": null,
            "research_to_sale_ratio": 3.73,
            "price_fair": 391.6,
            "eps_avg_yearly": 11.19,
            "eps_latest_yearly": 12.44,
            "eps_growth_yearly": 50.47
        },
        "20163": {
            "year_quarter": 20163,
            "year": 2016,
            "quarter": 3,
            "eps": 1.57,
            "eps_growth_year": -53.27,
            "eps_4q": 9.84,
            "eps_4q_growth_year": -7.78,
            "roe": 2.86,
            "roe_4q": 17.13,
            "gross_profit": 343166,
            "gross_margin": 29.16,
            "gross_margin_4q_avg": 29.08,
            "net_income": 165779,
            "net_income_4q": null,
            "revenue": 1176807,
            "revenue_4q": null,
            "common_shares": 1054468,
            "book_valuer_per_share": 54.68,
            "book_valuer_per_share_4q_avg": 57.04,
            "equity": 5766118,
            "current_ratio": 330.24,
            "debt_ratio": 27.63,
            "inventory_turnover_ratio": 2.34,
            "account_receivable_turnover_ratio": 2.2,
            "reinvestment_rate": null,
            "research_to_sale_ratio": 3.61,
            "price_fair": 310.92,
            "eps_avg_yearly": 10.58,
            "eps_latest_yearly": 6.28,
            "eps_growth_yearly": 19.4
        },
        "20164": {
            "year_quarter": 20164,
            "year": 2016,
            "quarter": 4,
            "eps": 2.39,
            "eps_growth_year": -23.29,
            "eps_4q": 9.12,
            "eps_4q_growth_year": -12.69,
            "roe": 4.3,
            "roe_4q": 16.02,
            "gross_profit": 169720,
            "gross_margin": 20.76,
            "gross_margin_4q_avg": 27.19,
            "net_income": 252147,
            "net_income_4q": null,
            "revenue": 817420,
            "revenue_4q": null,
            "common_shares": 1054468,
            "book_valuer_per_share": 56.5,
            "book_valuer_per_share_4q_avg": 56.54,
            "equity": 5957397,
            "current_ratio": 329.31,
            "debt_ratio": 28.19,
            "inventory_turnover_ratio": 1.9,
            "account_receivable_turnover_ratio": 1.48,
            "reinvestment_rate": null,
            "research_to_sale_ratio": 5.65,
            "price_fair": 366.18,
            "eps_avg_yearly": 10.46,
            "eps_latest_yearly": 9.56,
            "eps_growth_yearly": 40.46
        },
        "20171": {
            "year_quarter": 20171,
            "year": 2017,
            "quarter": 1,
            "eps": 0.54,
            "eps_growth_year": -73.53,
            "eps_4q": 7.61,
            "eps_4q_growth_year": -26.03,
            "roe": 0.98,
            "roe_4q": 13.54,
            "gross_profit": 150814,
            "gross_margin": 20.46,
            "gross_margin_4q_avg": 25.51,
            "net_income": 56777,
            "net_income_4q": null,
            "revenue": 736951,
            "revenue_4q": null,
            "common_shares": 1054468,
            "book_valuer_per_share": 53.6,
            "book_valuer_per_share_4q_avg": 55.02,
            "equity": 5652077,
            "current_ratio": 349.86,
            "debt_ratio": 26.91,
            "inventory_turnover_ratio": 1.78,
            "account_receivable_turnover_ratio": 1.48,
            "reinvestment_rate": null,
            "research_to_sale_ratio": 4.3,
            "price_fair": 148.82,
            "eps_avg_yearly": 9.63,
            "eps_latest_yearly": 2.16,
            "eps_growth_yearly": 5.45
        },
        "20172": {
            "year_quarter": 20172,
            "year": 2017,
            "quarter": 2,
            "eps": 0.57,
            "eps_growth_year": -81.67,
            "eps_4q": 5.07,
            "eps_4q_growth_year": -56.36,
            "roe": 1.1,
            "roe_4q": 9.24,
            "gross_profit": 163438,
            "gross_margin": 21.46,
            "gross_margin_4q_avg": 22.96,
            "net_income": 60290,
            "net_income_4q": null,
            "revenue": 761761,
            "revenue_4q": null,
            "common_shares": 1054468,
            "book_valuer_per_share": 50.09,
            "book_valuer_per_share_4q_avg": 53.72,
            "equity": 5281473,
            "current_ratio": 270.98,
            "debt_ratio": 34.08,
            "inventory_turnover_ratio": 1.6,
            "account_receivable_turnover_ratio": 1.7,
            "reinvestment_rate": 22.8,
            "research_to_sale_ratio": 5.08,
            "price_fair": 152.16,
            "eps_avg_yearly": 8.96,
            "eps_latest_yearly": 2.28,
            "eps_growth_yearly": 6.98
        },
        "20173": {
            "year_quarter": 20173,
            "year": 2017,
            "quarter": 3,
            "eps": -0.14,
            "eps_growth_year": -108.92,
            "eps_4q": 3.36,
            "eps_4q_growth_year": -65.89,
            "roe": -0.29,
            "roe_4q": 6.09,
            "gross_profit": 141431,
            "gross_margin": 18.34,
            "gross_margin_4q_avg": 20.26,
            "net_income": -15647,
            "net_income_4q": null,
            "revenue": 771144,
            "revenue_4q": null,
            "common_shares": 1054468,
            "book_valuer_per_share": 51.01,
            "book_valuer_per_share_4q_avg": 52.8,
            "equity": 5395600,
            "current_ratio": 292.94,
            "debt_ratio": 31.4,
            "inventory_turnover_ratio": 1.35,
            "account_receivable_turnover_ratio": 1.79,
            "reinvestment_rate": -0.41,
            "research_to_sale_ratio": 5.77,
            "price_fair": 152.16,
            "eps_avg_yearly": 8.96,
            "eps_latest_yearly": 2.28,
            "eps_growth_yearly": 6.98
        },
        "20174": {
            "year_quarter": 20174,
            "year": 2017,
            "quarter": 4,
            "eps": 0.09,
            "eps_growth_year": -96.44,
            "eps_4q": 1.05,
            "eps_4q_growth_year": -88.47,
            "roe": 0.11,
            "roe_4q": 1.9000000000000001,
            "gross_profit": 146510,
            "gross_margin": 16.67,
            "gross_margin_4q_avg": 19.23,
            "net_income": 6120,
            "net_income_4q": null,
            "revenue": 878788,
            "revenue_4q": null,
            "common_shares": 1054468,
            "book_valuer_per_share": 51.09,
            "book_valuer_per_share_4q_avg": 51.45,
            "equity": 5417003,
            "current_ratio": 241.37,
            "debt_ratio": 38.34,
            "inventory_turnover_ratio": 1.35,
            "account_receivable_turnover_ratio": 1.74,
            "reinvestment_rate": -3.65,
            "research_to_sale_ratio": 5.73,
            "price_fair": 152.16,
            "eps_avg_yearly": 8.96,
            "eps_latest_yearly": 2.28,
            "eps_growth_yearly": 6.98
        },
        "20181": {
            "year_quarter": 20181,
            "year": 2018,
            "quarter": 1,
            "eps": -0.69,
            "eps_growth_year": -227.78,
            "eps_4q": -0.18,
            "eps_4q_growth_year": -102.36,
            "roe": -1.35,
            "roe_4q": -0.42999999999999994,
            "gross_profit": 94997,
            "gross_margin": 11.37,
            "gross_margin_4q_avg": 16.96,
            "net_income": -74599,
            "net_income_4q": null,
            "revenue": 835778,
            "revenue_4q": null,
            "common_shares": 1054468,
            "book_valuer_per_share": 53.2,
            "book_valuer_per_share_4q_avg": 51.35,
            "equity": 5639095,
            "current_ratio": 353.83,
            "debt_ratio": 40.92,
            "inventory_turnover_ratio": 1.47,
            "account_receivable_turnover_ratio": 1.52,
            "reinvestment_rate": -0.64,
            "research_to_sale_ratio": 7.29,
            "price_fair": 152.16,
            "eps_avg_yearly": 8.96,
            "eps_latest_yearly": 2.28,
            "eps_growth_yearly": 6.98
        },
        "20182": {
            "year_quarter": 20182,
            "year": 2018,
            "quarter": 2,
            "eps": 0.49,
            "eps_growth_year": -14.04,
            "eps_4q": -0.26,
            "eps_4q_growth_year": -105.18,
            "roe": 0.85,
            "roe_4q": -0.6800000000000002,
            "gross_profit": 65229,
            "gross_margin": 7.39,
            "gross_margin_4q_avg": 13.44,
            "net_income": 47343,
            "net_income_4q": null,
            "revenue": 882712,
            "revenue_4q": null,
            "common_shares": 1054468,
            "book_valuer_per_share": 52.27,
            "book_valuer_per_share_4q_avg": 51.89,
            "equity": 5544438,
            "current_ratio": 253.48,
            "debt_ratio": 46.9,
            "inventory_turnover_ratio": 1.84,
            "account_receivable_turnover_ratio": 1.68,
            "reinvestment_rate": 26.14,
            "research_to_sale_ratio": 13.89,
            "price_fair": 152.16,
            "eps_avg_yearly": 8.96,
            "eps_latest_yearly": 2.28,
            "eps_growth_yearly": 6.98
        },
        "20183": {
            "year_quarter": 20183,
            "year": 2018,
            "quarter": 3,
            "eps": 1.05,
            "eps_growth_year": null,
            "eps_4q": 0.93,
            "eps_4q_growth_year": -72.33,
            "roe": 1.95,
            "roe_4q": 1.5599999999999998,
            "gross_profit": 260887,
            "gross_margin": 21.21,
            "gross_margin_4q_avg": 14.16,
            "net_income": 106256,
            "net_income_4q": null,
            "revenue": 1230050,
            "revenue_4q": null,
            "common_shares": 1054468,
            "book_valuer_per_share": 50.64,
            "book_valuer_per_share_4q_avg": 51.8,
            "equity": 5366531,
            "current_ratio": 256.39,
            "debt_ratio": 45.51,
            "inventory_turnover_ratio": 1.97,
            "account_receivable_turnover_ratio": 1.82,
            "reinvestment_rate": 39.43,
            "research_to_sale_ratio": null,
            "price_fair": 299.83,
            "eps_avg_yearly": 8.57,
            "eps_latest_yearly": 4.2,
            "eps_growth_yearly": 44.49
        },
        "20184": {
            "year_quarter": 20184,
            "year": 2018,
            "quarter": 4,
            "eps": 1.98,
            "eps_growth_year": 2230.3,
            "eps_4q": 2.83,
            "eps_4q_growth_year": 169.07,
            "roe": 3.84,
            "roe_4q": 5.289999999999999,
            "gross_profit": 420288,
            "gross_margin": 27.7,
            "gross_margin_4q_avg": 16.92,
            "net_income": 211618,
            "net_income_4q": null,
            "revenue": 1517170,
            "revenue_4q": null,
            "common_shares": 1054468,
            "book_valuer_per_share": 53.26,
            "book_valuer_per_share_4q_avg": 52.34,
            "equity": 5646093,
            "current_ratio": 241.74,
            "debt_ratio": 47.41,
            "inventory_turnover_ratio": 2.14,
            "account_receivable_turnover_ratio": 1.44,
            "reinvestment_rate": 49.59,
            "research_to_sale_ratio": null,
            "price_fair": 277.67,
            "eps_avg_yearly": 7.93,
            "eps_latest_yearly": 7.92,
            "eps_growth_yearly": 56.83
        },
        "20191": {
            "year_quarter": 20191,
            "year": 2019,
            "quarter": 1,
            "eps": 0.48,
            "eps_growth_year": null,
            "eps_4q": 4.11,
            "eps_4q_growth_year": null,
            "roe": 0.8,
            "roe_4q": 7.4399999999999995,
            "gross_profit": 198311,
            "gross_margin": 13.9,
            "gross_margin_4q_avg": 17.55,
            "net_income": 45156,
            "net_income_4q": null,
            "revenue": 1426822,
            "revenue_4q": null,
            "common_shares": 1054468,
            "book_valuer_per_share": 54.71,
            "book_valuer_per_share_4q_avg": 52.72,
            "equity": 5637433,
            "current_ratio": 234.78,
            "debt_ratio": 46.29,
            "inventory_turnover_ratio": 2.58,
            "account_receivable_turnover_ratio": 1.18,
            "reinvestment_rate": 73.64,
            "research_to_sale_ratio": 4.2,
            "price_fair": 256.43,
            "eps_avg_yearly": 7.33,
            "eps_latest_yearly": 1.92,
            "eps_growth_yearly": 45.15
        },
        "20192": {
            "year_quarter": 20192,
            "year": 2019,
            "quarter": 2,
            "eps": 1.21,
            "eps_growth_year": 146.94,
            "eps_4q": 4.82,
            "eps_4q_growth_year": null,
            "roe": 2.15,
            "roe_4q": 8.74,
            "gross_profit": 288090,
            "gross_margin": 18.76,
            "gross_margin_4q_avg": 20.39,
            "net_income": 118870,
            "net_income_4q": null,
            "revenue": 1535850,
            "revenue_4q": null,
            "common_shares": 1054468,
            "book_valuer_per_share": 52.68,
            "book_valuer_per_share_4q_avg": 52.82,
            "equity": 5423909,
            "current_ratio": 207.3,
            "debt_ratio": 50.11,
            "inventory_turnover_ratio": 2.99,
            "account_receivable_turnover_ratio": 1.37,
            "reinvestment_rate": 67.78,
            "research_to_sale_ratio": 4.54,
            "price_fair": 249.9,
            "eps_avg_yearly": 7.14,
            "eps_latest_yearly": 4.84,
            "eps_growth_yearly": 103.52
        },
        "20193": {
            "year_quarter": 20193,
            "year": 2019,
            "quarter": 3,
            "eps": 2.6,
            "eps_growth_year": 147.62,
            "eps_4q": 6.27,
            "eps_4q_growth_year": 575.37,
            "roe": 4.86,
            "roe_4q": 11.649999999999999,
            "gross_profit": 384608,
            "gross_margin": 27.65,
            "gross_margin_4q_avg": 22,
            "net_income": 266955,
            "net_income_4q": null,
            "revenue": 1390917,
            "revenue_4q": null,
            "common_shares": 1056308,
            "book_valuer_per_share": 53.32,
            "book_valuer_per_share_4q_avg": 53.49,
            "equity": 5556439,
            "current_ratio": 225.41,
            "debt_ratio": 48.38,
            "inventory_turnover_ratio": 2.67,
            "account_receivable_turnover_ratio": 1.23,
            "reinvestment_rate": 64.23,
            "research_to_sale_ratio": 5.53,
            "price_fair": 241.03,
            "eps_avg_yearly": 6.89,
            "eps_latest_yearly": 10.4,
            "eps_growth_yearly": 111.87
        },
        "20194": {
            "year_quarter": 20194,
            "year": 2019,
            "quarter": 4,
            "eps": 1.87,
            "eps_growth_year": -5.83,
            "eps_4q": 6.09,
            "eps_4q_growth_year": 115.41,
            "roe": 3.53,
            "roe_4q": 11.340000000000002,
            "gross_profit": 515490,
            "gross_margin": 37.05,
            "gross_margin_4q_avg": 24.34,
            "net_income": 198304,
            "net_income_4q": null,
            "revenue": 1391215,
            "revenue_4q": null,
            "common_shares": 1065248,
            "book_valuer_per_share": 53.91,
            "book_valuer_per_share_4q_avg": 53.66,
            "equity": 5667780,
            "current_ratio": 217.95,
            "debt_ratio": 50.49,
            "inventory_turnover_ratio": 2.49,
            "account_receivable_turnover_ratio": 1.24,
            "reinvestment_rate": 61.48,
            "research_to_sale_ratio": 5.34,
            "price_fair": 226.45,
            "eps_avg_yearly": 6.47,
            "eps_latest_yearly": 7.48,
            "eps_growth_yearly": 104.89
        },
        "20201": {
            "year_quarter": 20201,
            "year": 2020,
            "quarter": 1,
            "eps": 0.46,
            "eps_growth_year": -4.17,
            "eps_4q": 6.07,
            "eps_4q_growth_year": 47.91,
            "roe": 0.85,
            "roe_4q": 11.39,
            "gross_profit": 259107,
            "gross_margin": 25.77,
            "gross_margin_4q_avg": 27.31,
            "net_income": 46644,
            "net_income_4q": null,
            "revenue": 1005498,
            "revenue_4q": null,
            "common_shares": 1065248,
            "book_valuer_per_share": 50.06,
            "book_valuer_per_share_4q_avg": 52.49,
            "equity": 5262784,
            "current_ratio": 152.98,
            "debt_ratio": 52.5,
            "inventory_turnover_ratio": 2.15,
            "account_receivable_turnover_ratio": 1.12,
            "reinvestment_rate": 68.41,
            "research_to_sale_ratio": 6.79,
            "price_fair": 208.02,
            "eps_avg_yearly": 5.94,
            "eps_latest_yearly": 1.84,
            "eps_growth_yearly": 91.3
        },
        "20202": {
            "year_quarter": 20202,
            "year": 2020,
            "quarter": 2,
            "eps": 1.42,
            "eps_growth_year": 17.36,
            "eps_4q": 6.26,
            "eps_4q_growth_year": 29.98,
            "roe": 2.74,
            "roe_4q": 11.98,
            "gross_profit": 294730,
            "gross_margin": 26.5,
            "gross_margin_4q_avg": 29.24,
            "net_income": 144823,
            "net_income_4q": null,
            "revenue": 1112175,
            "revenue_4q": null,
            "common_shares": 1065248,
            "book_valuer_per_share": 50.21,
            "book_valuer_per_share_4q_avg": 51.88,
            "equity": 5317634,
            "current_ratio": 158.35,
            "debt_ratio": 52.13,
            "inventory_turnover_ratio": 2.46,
            "account_receivable_turnover_ratio": 1.52,
            "reinvestment_rate": 79.39,
            "research_to_sale_ratio": 5,
            "price_fair": 188.3,
            "eps_avg_yearly": 5.38,
            "eps_latest_yearly": 5.68,
            "eps_growth_yearly": 143.38
        },
        "20203": {
            "year_quarter": 20203,
            "year": 2020,
            "quarter": 3,
            "eps": 2.62,
            "eps_growth_year": 0.77,
            "eps_4q": 6.33,
            "eps_4q_growth_year": 0.93,
            "roe": 4.97,
            "roe_4q": 12.09,
            "gross_profit": 479835,
            "gross_margin": 36.28,
            "gross_margin_4q_avg": 31.4,
            "net_income": 275245,
            "net_income_4q": null,
            "revenue": 1322689,
            "revenue_4q": null,
            "common_shares": 1067018,
            "book_valuer_per_share": 54.36,
            "book_valuer_per_share_4q_avg": 52.14,
            "equity": 5764334,
            "current_ratio": 160.58,
            "debt_ratio": 52.68,
            "inventory_turnover_ratio": 2.63,
            "account_receivable_turnover_ratio": 1.5,
            "reinvestment_rate": 86.7,
            "research_to_sale_ratio": 4.33,
            "price_fair": 200.55,
            "eps_avg_yearly": 5.73,
            "eps_latest_yearly": 10.48,
            "eps_growth_yearly": 188.05
        },
        "20204": {
            "year_quarter": 20204,
            "year": 2020,
            "quarter": 4,
            "eps": 2.35,
            "eps_growth_year": 25.97,
            "eps_4q": 6.81,
            "eps_4q_growth_year": 11.84,
            "roe": 4.21,
            "roe_4q": 12.77,
            "gross_profit": 546685,
            "gross_margin": 38.79,
            "gross_margin_4q_avg": 31.84,
            "net_income": 252844,
            "net_income_4q": null,
            "revenue": 1409327,
            "revenue_4q": null,
            "common_shares": 1072558,
            "book_valuer_per_share": 58.26,
            "book_valuer_per_share_4q_avg": 53.22,
            "equity": 6238225,
            "current_ratio": 167.43,
            "debt_ratio": 57.52,
            "inventory_turnover_ratio": 2.6,
            "account_receivable_turnover_ratio": 1.35,
            "reinvestment_rate": 93.27,
            "research_to_sale_ratio": 6.46,
            "price_fair": 200.08,
            "eps_avg_yearly": 5.72,
            "eps_latest_yearly": 9.4,
            "eps_growth_yearly": 167.21
        },
        "20211": {
            "year_quarter": 20211,
            "year": 2021,
            "quarter": 1,
            "eps": 2.16,
            "eps_growth_year": 369.57,
            "eps_4q": 8.51,
            "eps_4q_growth_year": 40.12,
            "roe": 3.6,
            "roe_4q": 15.520000000000001,
            "gross_profit": 386725,
            "gross_margin": 36.05,
            "gross_margin_4q_avg": 34.41,
            "net_income": 228131,
            "net_income_4q": null,
            "revenue": 1072845,
            "revenue_4q": null,
            "common_shares": 1074648,
            "book_valuer_per_share": 60.1,
            "book_valuer_per_share_4q_avg": 55.73,
            "equity": 6445000,
            "current_ratio": 254.55,
            "debt_ratio": 51.99,
            "inventory_turnover_ratio": 2,
            "account_receivable_turnover_ratio": 1.13,
            "reinvestment_rate": 93.51,
            "research_to_sale_ratio": 7.48,
            "price_fair": 218.98,
            "eps_avg_yearly": 6.26,
            "eps_latest_yearly": 8.64,
            "eps_growth_yearly": 190.32
        },
        "20212": {
            "year_quarter": 20212,
            "year": 2021,
            "quarter": 2,
            "eps": 1.1,
            "eps_growth_year": -22.54,
            "eps_4q": 8.21,
            "eps_4q_growth_year": 31.2,
            "roe": 1.9,
            "roe_4q": 14.68,
            "gross_profit": 321816,
            "gross_margin": 27.17,
            "gross_margin_4q_avg": 34.57,
            "net_income": 119109,
            "net_income_4q": null,
            "revenue": 1184424,
            "revenue_4q": null,
            "common_shares": 1074648,
            "book_valuer_per_share": 56.48,
            "book_valuer_per_share_4q_avg": 57.3,
            "equity": 6061604,
            "current_ratio": 227.37,
            "debt_ratio": 55.24,
            "inventory_turnover_ratio": 1.97,
            "account_receivable_turnover_ratio": 1.5,
            "reinvestment_rate": 93.26,
            "research_to_sale_ratio": 12.32,
            "price_fair": 225.17,
            "eps_avg_yearly": 6.43,
            "eps_latest_yearly": 4.4,
            "eps_growth_yearly": 172.11
        },
        "20213": {
            "year_quarter": 20213,
            "year": 2021,
            "quarter": 3,
            "eps": 0.94,
            "eps_growth_year": -64.12,
            "eps_4q": 6.51,
            "eps_4q_growth_year": 2.78,
            "roe": 1.56,
            "roe_4q": 11.27,
            "gross_profit": 49282,
            "gross_margin": 5.44,
            "gross_margin_4q_avg": 26.86,
            "net_income": 96742,
            "net_income_4q": null,
            "revenue": 905516,
            "revenue_4q": null,
            "common_shares": 1074648,
            "book_valuer_per_share": 57.91,
            "book_valuer_per_share_4q_avg": 58.19,
            "equity": 6312341,
            "current_ratio": 217.75,
            "debt_ratio": 56.03,
            "inventory_turnover_ratio": 1.17,
            "account_receivable_turnover_ratio": 1.37,
            "reinvestment_rate": 68.92,
            "research_to_sale_ratio": 11,
            "price_fair": 217.97,
            "eps_avg_yearly": 6.23,
            "eps_latest_yearly": 3.76,
            "eps_growth_yearly": 154.39
        },
        "20214": {
            "year_quarter": 20214,
            "year": 2021,
            "quarter": 4,
            "eps": -0.43,
            "eps_growth_year": -118.17,
            "eps_4q": 3.75,
            "eps_4q_growth_year": -44.95,
            "roe": -1.02,
            "roe_4q": 6.04,
            "gross_profit": 164629,
            "gross_margin": 14.86,
            "gross_margin_4q_avg": 20.88,
            "net_income": -65375,
            "net_income_4q": null,
            "revenue": 1107615,
            "revenue_4q": null,
            "common_shares": 1074648,
            "book_valuer_per_share": 58.99,
            "book_valuer_per_share_4q_avg": 58.37,
            "equity": 6527732,
            "current_ratio": 215.66,
            "debt_ratio": 56.39,
            "inventory_turnover_ratio": 0.9,
            "account_receivable_turnover_ratio": 1.7,
            "reinvestment_rate": 89,
            "research_to_sale_ratio": 9.37,
            "price_fair": 217.97,
            "eps_avg_yearly": 6.23,
            "eps_latest_yearly": 3.76,
            "eps_growth_yearly": 154.39
        },
        "20221": {
            "year_quarter": 20221,
            "year": 2022,
            "quarter": 1,
            "eps": -0.94,
            "eps_growth_year": -143.52,
            "eps_4q": 0.67,
            "eps_4q_growth_year": -92.13,
            "roe": -1.54,
            "roe_4q": 0.8999999999999999,
            "gross_profit": 22293,
            "gross_margin": 2.73,
            "gross_margin_4q_avg": 12.55,
            "net_income": -102882,
            "net_income_4q": null,
            "revenue": 817196,
            "revenue_4q": null,
            "common_shares": 1074648,
            "book_valuer_per_share": 61.96,
            "book_valuer_per_share_4q_avg": 58.84,
            "equity": 6858896,
            "current_ratio": 176.15,
            "debt_ratio": 54.19,
            "inventory_turnover_ratio": 0.69,
            "account_receivable_turnover_ratio": 1.26,
            "reinvestment_rate": 95.64,
            "research_to_sale_ratio": 10.09,
            "price_fair": 217.97,
            "eps_avg_yearly": 6.23,
            "eps_latest_yearly": 3.76,
            "eps_growth_yearly": 154.39
        },
        "20222": {
            "year_quarter": 20222,
            "year": 2022,
            "quarter": 2,
            "eps": 1.43,
            "eps_growth_year": 30,
            "eps_4q": 1.01,
            "eps_4q_growth_year": -87.76,
            "roe": 2.21,
            "roe_4q": 1.21,
            "gross_profit": 164521,
            "gross_margin": 12.91,
            "gross_margin_4q_avg": 8.99,
            "net_income": 147426,
            "net_income_4q": null,
            "revenue": 1274819,
            "revenue_4q": null,
            "common_shares": 1074648,
            "book_valuer_per_share": 58.81,
            "book_valuer_per_share_4q_avg": 59.42,
            "equity": 6511125,
            "current_ratio": 160.97,
            "debt_ratio": 57.29,
            "inventory_turnover_ratio": 0.92,
            "account_receivable_turnover_ratio": 1.79,
            "reinvestment_rate": 66.83,
            "research_to_sale_ratio": 6.03,
            "price_fair": 217.97,
            "eps_avg_yearly": 6.23,
            "eps_latest_yearly": 3.76,
            "eps_growth_yearly": 154.39
        },
        "20223": {
            "year_quarter": 20223,
            "year": 2022,
            "quarter": 3,
            "eps": 1.61,
            "eps_growth_year": 71.28,
            "eps_4q": 1.69,
            "eps_4q_growth_year": -74.11,
            "roe": 2.46,
            "roe_4q": 2.11,
            "gross_profit": 241998,
            "gross_margin": 14.99,
            "gross_margin_4q_avg": 11.37,
            "net_income": 162669,
            "net_income_4q": null,
            "revenue": 1614491,
            "revenue_4q": null,
            "common_shares": 1074648,
            "book_valuer_per_share": 61.06,
            "book_valuer_per_share_4q_avg": 60.21,
            "equity": 6700329,
            "current_ratio": 179.09,
            "debt_ratio": 55.4,
            "inventory_turnover_ratio": 1.18,
            "account_receivable_turnover_ratio": 1.66,
            "reinvestment_rate": 60.7,
            "research_to_sale_ratio": 4.92,
            "price_fair": 224,
            "eps_avg_yearly": 6.4,
            "eps_latest_yearly": 6.44,
            "eps_growth_yearly": 123.1
        },
        "20224": {
            "year_quarter": 20224,
            "year": 2022,
            "quarter": 4,
            "eps": -0.19,
            "eps_growth_year": null,
            "eps_4q": 1.95,
            "eps_4q_growth_year": -48.1,
            "roe": -0.37,
            "roe_4q": 2.76,
            "gross_profit": 220912,
            "gross_margin": 13.71,
            "gross_margin_4q_avg": 11.09,
            "net_income": -24482,
            "net_income_4q": null,
            "revenue": 1611435,
            "revenue_4q": null,
            "common_shares": 1074648,
            "book_valuer_per_share": 59.07,
            "book_valuer_per_share_4q_avg": 60.23,
            "equity": 6678196,
            "current_ratio": 150.99,
            "debt_ratio": 59.01,
            "inventory_turnover_ratio": 1.49,
            "account_receivable_turnover_ratio": 1.54,
            "reinvestment_rate": 89.93,
            "research_to_sale_ratio": 4.46,
            "price_fair": 219.57,
            "eps_avg_yearly": 6.27,
            "eps_latest_yearly": 6.44,
            "eps_growth_yearly": 103.83
        },
        "20231": {
            "year_quarter": 20231,
            "year": 2023,
            "quarter": 1,
            "eps": 0.52,
            "eps_growth_year": null,
            "eps_4q": 3.42,
            "eps_4q_growth_year": 409.73,
            "roe": 1.09,
            "roe_4q": 5.390000000000001,
            "gross_profit": 225797,
            "gross_margin": 17.04,
            "gross_margin_4q_avg": 14.66,
            "net_income": 75711,
            "net_income_4q": null,
            "revenue": 1325186,
            "revenue_4q": null,
            "common_shares": 1074648,
            "book_valuer_per_share": 60.62,
            "book_valuer_per_share_4q_avg": 59.89,
            "equity": 7167558,
            "current_ratio": 177.67,
            "debt_ratio": 51.36,
            "inventory_turnover_ratio": 1.53,
            "account_receivable_turnover_ratio": 1.41,
            "reinvestment_rate": 60.31,
            "research_to_sale_ratio": 5.94,
            "price_fair": 233.42,
            "eps_avg_yearly": 6.67,
            "eps_latest_yearly": 6.44,
            "eps_growth_yearly": 140.82
        },
        "20232": {
            "year_quarter": 20232,
            "year": 2023,
            "quarter": 2,
            "eps": 0.76,
            "eps_growth_year": -46.85,
            "eps_4q": 2.72,
            "eps_4q_growth_year": 170.58,
            "roe": 0.94,
            "roe_4q": 4.12,
            "gross_profit": 237156,
            "gross_margin": 19.82,
            "gross_margin_4q_avg": 16.39,
            "net_income": 65775,
            "net_income_4q": null,
            "revenue": 1196421,
            "revenue_4q": null,
            "common_shares": 1074648,
            "book_valuer_per_share": 56.83,
            "book_valuer_per_share_4q_avg": 59.4,
            "equity": 6848858,
            "current_ratio": 168.22,
            "debt_ratio": 52.43,
            "inventory_turnover_ratio": 1.63,
            "account_receivable_turnover_ratio": 1.56,
            "reinvestment_rate": 68.96,
            "research_to_sale_ratio": 7.6,
            "price_fair": 227.69,
            "eps_avg_yearly": 6.51,
            "eps_latest_yearly": 3.04,
            "eps_growth_yearly": 102.3
        },
        "20233": {
            "year_quarter": 20233,
            "year": 2023,
            "quarter": 3,
            "eps": 1.26,
            "eps_growth_year": -21.74,
            "eps_4q": 2.33,
            "eps_4q_growth_year": 38.34,
            "roe": 1.94,
            "roe_4q": 3.5999999999999996,
            "gross_profit": 407355,
            "gross_margin": 30.07,
            "gross_margin_4q_avg": 20.16,
            "net_income": 138843,
            "net_income_4q": null,
            "revenue": 1354788,
            "revenue_4q": null,
            "common_shares": 1074648,
            "book_valuer_per_share": 62.02,
            "book_valuer_per_share_4q_avg": 59.64,
            "equity": 7478554,
            "current_ratio": 165.83,
            "debt_ratio": 50.71,
            "inventory_turnover_ratio": 1.68,
            "account_receivable_turnover_ratio": 1.45,
            "reinvestment_rate": 93.66,
            "research_to_sale_ratio": 7.69,
            "price_fair": 210.64,
            "eps_avg_yearly": 6.02,
            "eps_latest_yearly": 5.04,
            "eps_growth_yearly": 84.45
        }
    },
    "months": {
        "2015-01": {
            "month": "2015-01",
            "price": "164.10",
            "revenue": 625767
        },
        "2015-02": {
            "month": "2015-02",
            "price": "172.38",
            "revenue": 502316
        },
        "2015-03": {
            "month": "2015-03",
            "price": "177.98",
            "revenue": 566664
        },
        "2015-04": {
            "month": "2015-04",
            "price": "170.18",
            "revenue": 517663
        },
        "2015-05": {
            "month": "2015-05",
            "price": "165.15",
            "revenue": 412311
        },
        "2015-06": {
            "month": "2015-06",
            "price": "166.93",
            "revenue": 400077
        },
        "2015-07": {
            "month": "2015-07",
            "price": "156.70",
            "revenue": 393654
        },
        "2015-08": {
            "month": "2015-08",
            "price": "103.44",
            "revenue": 416143
        },
        "2015-09": {
            "month": "2015-09",
            "price": "111.46",
            "revenue": 506314
        },
        "2015-10": {
            "month": "2015-10",
            "price": "110.14",
            "revenue": 536925
        },
        "2015-11": {
            "month": "2015-11",
            "price": "123.29",
            "revenue": 545562
        },
        "2015-12": {
            "month": "2015-12",
            "price": "135.80",
            "revenue": 489639
        },
        "2016-01": {
            "month": "2016-01",
            "price": "101.30",
            "revenue": 341177
        },
        "2016-02": {
            "month": "2016-02",
            "price": "99.67",
            "revenue": 283365
        },
        "2016-03": {
            "month": "2016-03",
            "price": "105.70",
            "revenue": 348664
        },
        "2016-04": {
            "month": "2016-04",
            "price": "94.32",
            "revenue": 380242
        },
        "2016-05": {
            "month": "2016-05",
            "price": "86.27",
            "revenue": 382538
        },
        "2016-06": {
            "month": "2016-06",
            "price": "91.55",
            "revenue": 402676
        },
        "2016-07": {
            "month": "2016-07",
            "price": "93.12",
            "revenue": 408163
        },
        "2016-08": {
            "month": "2016-08",
            "price": "135.89",
            "revenue": 418211
        },
        "2016-09": {
            "month": "2016-09",
            "price": "152.84",
            "revenue": 350433
        },
        "2016-10": {
            "month": "2016-10",
            "price": "117.88",
            "revenue": 286576
        },
        "2016-11": {
            "month": "2016-11",
            "price": "98.52",
            "revenue": 276255
        },
        "2016-12": {
            "month": "2016-12",
            "price": "98.96",
            "revenue": 254588
        },
        "2017-01": {
            "month": "2017-01",
            "price": "95.86",
            "revenue": 244252
        },
        "2017-02": {
            "month": "2017-02",
            "price": "110.14",
            "revenue": 245880
        },
        "2017-03": {
            "month": "2017-03",
            "price": "111.02",
            "revenue": 246819
        },
        "2017-04": {
            "month": "2017-04",
            "price": "99.91",
            "revenue": 250253
        },
        "2017-05": {
            "month": "2017-05",
            "price": "106.40",
            "revenue": 251132
        },
        "2017-06": {
            "month": "2017-06",
            "price": "111.43",
            "revenue": 260376
        },
        "2017-07": {
            "month": "2017-07",
            "price": "100.68",
            "revenue": 250270
        },
        "2017-08": {
            "month": "2017-08",
            "price": "101.27",
            "revenue": 260628
        },
        "2017-09": {
            "month": "2017-09",
            "price": "103.88",
            "revenue": 260245
        },
        "2017-10": {
            "month": "2017-10",
            "price": "119.42",
            "revenue": 262497
        },
        "2017-11": {
            "month": "2017-11",
            "price": "130.25",
            "revenue": 268013
        },
        "2017-12": {
            "month": "2017-12",
            "price": "122.40",
            "revenue": 348278
        },
        "2018-01": {
            "month": "2018-01",
            "price": "147.48",
            "revenue": 316771
        },
        "2018-02": {
            "month": "2018-02",
            "price": "135.50",
            "revenue": 251103
        },
        "2018-03": {
            "month": "2018-03",
            "price": "142.24",
            "revenue": 273302
        },
        "2018-04": {
            "month": "2018-04",
            "price": "155.22",
            "revenue": 261746
        },
        "2018-05": {
            "month": "2018-05",
            "price": "153.98",
            "revenue": 282568
        },
        "2018-06": {
            "month": "2018-06",
            "price": "159.00",
            "revenue": 332999
        },
        "2018-07": {
            "month": "2018-07",
            "price": "147.55",
            "revenue": 367766
        },
        "2018-08": {
            "month": "2018-08",
            "price": "120.84",
            "revenue": 407635
        },
        "2018-09": {
            "month": "2018-09",
            "price": "98.35",
            "revenue": 441009
        },
        "2018-10": {
            "month": "2018-10",
            "price": "70.20",
            "revenue": 534601
        },
        "2018-11": {
            "month": "2018-11",
            "price": "62.70",
            "revenue": 522566
        },
        "2018-12": {
            "month": "2018-12",
            "price": "76.07",
            "revenue": 473644
        },
        "2019-01": {
            "month": "2019-01",
            "price": "81.04",
            "revenue": 486663
        },
        "2019-02": {
            "month": "2019-02",
            "price": "87.65",
            "revenue": 367387
        },
        "2019-03": {
            "month": "2019-03",
            "price": "105.62",
            "revenue": 572772
        },
        "2019-04": {
            "month": "2019-04",
            "price": "127.22",
            "revenue": 530320
        },
        "2019-05": {
            "month": "2019-05",
            "price": "99.40",
            "revenue": 574405
        },
        "2019-06": {
            "month": "2019-06",
            "price": "97.42",
            "revenue": 431125
        },
        "2019-07": {
            "month": "2019-07",
            "price": "108.48",
            "revenue": 416254
        },
        "2019-08": {
            "month": "2019-08",
            "price": "106.10",
            "revenue": 469568
        },
        "2019-09": {
            "month": "2019-09",
            "price": "119.63",
            "revenue": 505095
        },
        "2019-10": {
            "month": "2019-10",
            "price": "152.17",
            "revenue": 436448
        },
        "2019-11": {
            "month": "2019-11",
            "price": "153.05",
            "revenue": 463413
        },
        "2019-12": {
            "month": "2019-12",
            "price": "138.07",
            "revenue": 491355
        },
        "2020-01": {
            "month": "2020-01",
            "price": "157.80",
            "revenue": 474105
        },
        "2020-02": {
            "month": "2020-02",
            "price": "135.08",
            "revenue": 134452
        },
        "2020-03": {
            "month": "2020-03",
            "price": "96.98",
            "revenue": 395837
        },
        "2020-04": {
            "month": "2020-04",
            "price": "103.38",
            "revenue": 390353
        },
        "2020-05": {
            "month": "2020-05",
            "price": "108.85",
            "revenue": 338413
        },
        "2020-06": {
            "month": "2020-06",
            "price": "106.70",
            "revenue": 383572
        },
        "2020-07": {
            "month": "2020-07",
            "price": "116.33",
            "revenue": 390240
        },
        "2020-08": {
            "month": "2020-08",
            "price": "108.01",
            "revenue": 449181
        },
        "2020-09": {
            "month": "2020-09",
            "price": "100.91",
            "revenue": 483268
        },
        "2020-10": {
            "month": "2020-10",
            "price": "99.34",
            "revenue": 431168
        },
        "2020-11": {
            "month": "2020-11",
            "price": "109.40",
            "revenue": 521767
        },
        "2020-12": {
            "month": "2020-12",
            "price": "122.74",
            "revenue": 456235
        },
        "2021-01": {
            "month": "2021-01",
            "price": "137.82",
            "revenue": 426404
        },
        "2021-02": {
            "month": "2021-02",
            "price": "126.81",
            "revenue": 301426
        },
        "2021-03": {
            "month": "2021-03",
            "price": "122.09",
            "revenue": 345015
        },
        "2021-04": {
            "month": "2021-04",
            "price": "116.79",
            "revenue": 416292
        },
        "2021-05": {
            "month": "2021-05",
            "price": "103.33",
            "revenue": 419198
        },
        "2021-06": {
            "month": "2021-06",
            "price": "115.17",
            "revenue": 348935
        },
        "2021-07": {
            "month": "2021-07",
            "price": "113.95",
            "revenue": 309807
        },
        "2021-08": {
            "month": "2021-08",
            "price": "96.96",
            "revenue": 292966
        },
        "2021-09": {
            "month": "2021-09",
            "price": "91.36",
            "revenue": 302743
        },
        "2021-10": {
            "month": "2021-10",
            "price": "89.68",
            "revenue": 361215
        },
        "2021-11": {
            "month": "2021-11",
            "price": "94.87",
            "revenue": 347622
        },
        "2021-12": {
            "month": "2021-12",
            "price": "94.40",
            "revenue": 398778
        },
        "2022-01": {
            "month": "2022-01",
            "price": "90.87",
            "revenue": 297927
        },
        "2022-02": {
            "month": "2022-02",
            "price": "86.43",
            "revenue": 212537
        },
        "2022-03": {
            "month": "2022-03",
            "price": "83.39",
            "revenue": 306732
        },
        "2022-04": {
            "month": "2022-04",
            "price": "81.32",
            "revenue": 373191
        },
        "2022-05": {
            "month": "2022-05",
            "price": "73.20",
            "revenue": 442638
        },
        "2022-06": {
            "month": "2022-06",
            "price": "77.78",
            "revenue": 458990
        },
        "2022-07": {
            "month": "2022-07",
            "price": "70.20",
            "revenue": 477492
        },
        "2022-08": {
            "month": "2022-08",
            "price": "78.09",
            "revenue": 596431
        },
        "2022-09": {
            "month": "2022-09",
            "price": "87.18",
            "revenue": 540219
        },
        "2022-10": {
            "month": "2022-10",
            "price": "83.96",
            "revenue": 547988
        },
        "2022-11": {
            "month": "2022-11",
            "price": "80.59",
            "revenue": 559387
        },
        "2022-12": {
            "month": "2022-12",
            "price": "87.11",
            "revenue": 504060
        },
        "2023-01": {
            "month": "2023-01",
            "price": "81.01",
            "revenue": 431880
        },
        "2023-02": {
            "month": "2023-02",
            "price": "86.78",
            "revenue": 415294
        },
        "2023-03": {
            "month": "2023-03",
            "price": "83.74",
            "revenue": 478012
        },
        "2023-04": {
            "month": "2023-04",
            "price": "83.26",
            "revenue": 367660
        },
        "2023-05": {
            "month": "2023-05",
            "price": "84.80",
            "revenue": 395210
        },
        "2023-06": {
            "month": "2023-06",
            "price": "88.90",
            "revenue": 433551
        },
        "2023-07": {
            "month": "2023-07",
            "price": "119.21",
            "revenue": 432195
        },
        "2023-08": {
            "month": "2023-08",
            "price": "96.49",
            "revenue": 532103
        },
        "2023-09": {
            "month": "2023-09",
            "price": "123.80",
            "revenue": 390490
        },
        "2023-10": {
            "month": "2023-10",
            "price": "148.48",
            "revenue": 394278
        },
        "2023-11": {
            "month": "2023-11",
            "price": "140.84",
            "revenue": 442280
        },
        "2023-12": {
            "month": "2023-12",
            "price": "148.64",
            "revenue": 499269
        }
    }
}
