{
    "summary": {
        "stock_name": "康友-KY",
        "stock_id": "6452",
        "category": "生技醫療",
        "main_business": "大容量注射液(大輸液)及原料藥之生產與銷售",
        "website_url": "http://www.pharmally.com",
        "ceo": "陳民郎",
        "pe_ratio": 7,
        "report_year_from": 2012,
        "report_year_to": 2020,
        "age": 11,
        "eps_negative_percentage": 0,
        "eps_growth_avg": {
            "last_all": -23.61,
            "last_2y": -34.4,
            "last_4y": -23.61,
            "last_8y": null,
            "last_12y": null,
            "last_16y": null,
            "last_20y": null,
            "at_2006_last_3y": null,
            "at_2007_last_3y": null,
            "at_2008_last_3y": null,
            "at_2009_last_3y": null,
            "at_2010_last_3y": null,
            "at_2011_last_3y": null,
            "at_2012_last_3y": null,
            "at_2013_last_3y": null,
            "at_2014_last_3y": null,
            "at_2015_last_3y": null,
            "at_2016_last_3y": null,
            "at_2017_last_3y": null,
            "at_2018_last_3y": null,
            "at_2019_last_3y": -8.23,
            "at_2020_last_3y": -25.61,
            "at_2021_last_3y": -25.61,
            "at_2022_last_3y": -25.61,
            "at_2023_last_3y": -25.61,
            "at_2006_last_all": null,
            "at_2007_last_all": null,
            "at_2008_last_all": null,
            "at_2009_last_all": null,
            "at_2010_last_all": null,
            "at_2011_last_all": null,
            "at_2012_last_all": null,
            "at_2013_last_all": null,
            "at_2014_last_all": null,
            "at_2015_last_all": null,
            "at_2016_last_all": null,
            "at_2017_last_all": -7.41,
            "at_2018_last_all": -4.3,
            "at_2019_last_all": -8.23,
            "at_2020_last_all": -23.61,
            "at_2021_last_all": -23.61,
            "at_2022_last_all": -23.61,
            "at_2023_last_all": -23.61
        },
        "latest_eps": 8.6,
        "latest_price": 56.6,
        "latest_roe": 9.98,
        "latest_gross_margin": 39.53,
        "latest_equity": 7883279,
        "latest_revenue": 1090252,
        "latest_gross_profit": 430999,
        "latest_net_income": 133916,
        "latest_debt_ratio": 23.18,
        "latest_current_ratio": 376.98,
        "latest_account_receivable_turnover_ratio": 1.96,
        "latest_inventory_turnover_ratio": 1.96,
        "latest_reinvestment_rate": 33.49,
        "latest_research_to_sale_ratio": 0.68
    },
    "eps_dividends": {
        "2001": {
            "cash": 0,
            "stock": 0,
            "eps": 0
        },
        "2002": {
            "cash": 0,
            "stock": 0,
            "eps": 0
        },
        "2003": {
            "cash": 0,
            "stock": 0,
            "eps": 0
        },
        "2004": {
            "cash": 0,
            "stock": 0,
            "eps": 0
        },
        "2005": {
            "cash": 0,
            "stock": 0,
            "eps": 0
        },
        "2006": {
            "cash": 0,
            "stock": 0,
            "eps": 0
        },
        "2007": {
            "cash": 0,
            "stock": 0,
            "eps": 0
        },
        "2008": {
            "cash": 0,
            "stock": 0,
            "eps": 0
        },
        "2009": {
            "cash": 0,
            "stock": 0,
            "eps": 0
        },
        "2010": {
            "cash": 0,
            "stock": 0,
            "eps": 0
        },
        "2011": {
            "cash": 0,
            "stock": 0,
            "eps": 0
        },
        "2012": {
            "cash": 0,
            "stock": 0,
            "eps": 0
        },
        "2013": {
            "cash": 0,
            "stock": 0,
            "eps": 0
        },
        "2014": {
            "cash": 0,
            "stock": 0,
            "eps": 0
        },
        "2015": {
            "cash": 8,
            "stock": 0,
            "eps": 16.47
        },
        "2016": {
            "cash": 9,
            "stock": 0,
            "eps": 13.9
        },
        "2017": {
            "cash": 8,
            "stock": 2,
            "eps": 14.01
        },
        "2018": {
            "cash": 8,
            "stock": 0,
            "eps": 14.28
        },
        "2019": {
            "cash": 3,
            "stock": 3,
            "eps": 11.42
        },
        "2020": {
            "cash": 2,
            "stock": 2,
            "eps": 1.7
        }
    },
    "dividends": {
        "2015-10-26": {
            "cash": 8,
            "stock": 0
        },
        "2016-11-25": {
            "cash": 9.2,
            "stock": 0
        },
        "2017-12-29": {
            "cash": 8,
            "stock": 1.54
        },
        "2018-09-14": {
            "cash": 8,
            "stock": 0
        },
        "2019-12-18": {
            "cash": 3.2,
            "stock": 2.82
        },
        "2020-05-14": {
            "cash": 2,
            "stock": 2
        }
    },
    "prices": {
        "200101": "無",
        "200102": "無",
        "200103": "無",
        "200104": "無",
        "200105": "無",
        "200106": "無",
        "200107": "無",
        "200108": "無",
        "200109": "無",
        "200110": "無",
        "200111": "無",
        "200112": "無",
        "200201": "無",
        "200202": "無",
        "200203": "無",
        "200204": "無",
        "200205": "無",
        "200206": "無",
        "200207": "無",
        "200208": "無",
        "200209": "無",
        "200210": "無",
        "200211": "無",
        "200212": "無",
        "200301": "無",
        "200302": "無",
        "200303": "無",
        "200304": "無",
        "200305": "無",
        "200306": "無",
        "200307": "無",
        "200308": "無",
        "200309": "無",
        "200310": "無",
        "200311": "無",
        "200312": "無",
        "200401": "無",
        "200402": "無",
        "200403": "無",
        "200404": "無",
        "200405": "無",
        "200406": "無",
        "200407": "無",
        "200408": "無",
        "200409": "無",
        "200410": "無",
        "200411": "無",
        "200412": "無",
        "200501": "無",
        "200502": "無",
        "200503": "無",
        "200504": "無",
        "200505": "無",
        "200506": "無",
        "200507": "無",
        "200508": "無",
        "200509": "無",
        "200510": "無",
        "200511": "無",
        "200512": "無",
        "200601": "無",
        "200602": "無",
        "200603": "無",
        "200604": "無",
        "200605": "無",
        "200606": "無",
        "200607": "無",
        "200608": "無",
        "200609": "無",
        "200610": "無",
        "200611": "無",
        "200612": "無",
        "200701": "無",
        "200702": "無",
        "200703": "無",
        "200704": "無",
        "200705": "無",
        "200706": "無",
        "200707": "無",
        "200708": "無",
        "200709": "無",
        "200710": "無",
        "200711": "無",
        "200712": "無",
        "200801": "無",
        "200802": "無",
        "200803": "無",
        "200804": "無",
        "200805": "無",
        "200806": "無",
        "200807": "無",
        "200808": "無",
        "200809": "無",
        "200810": "無",
        "200811": "無",
        "200812": "無",
        "200901": "無",
        "200902": "無",
        "200903": "無",
        "200904": "無",
        "200905": "無",
        "200906": "無",
        "200907": "無",
        "200908": "無",
        "200909": "無",
        "200910": "無",
        "200911": "無",
        "200912": "無",
        "201001": "無",
        "201002": "無",
        "201003": "無",
        "201004": "無",
        "201005": "無",
        "201006": "無",
        "201007": "無",
        "201008": "無",
        "201009": "無",
        "201010": "無",
        "201011": "無",
        "201012": "無",
        "201101": "無",
        "201102": "無",
        "201103": "無",
        "201104": "無",
        "201105": "無",
        "201106": "無",
        "201107": "無",
        "201108": "無",
        "201109": "無",
        "201110": "無",
        "201111": "無",
        "201112": "無",
        "201201": "無",
        "201202": "無",
        "201203": "無",
        "201204": "無",
        "201205": "無",
        "201206": "無",
        "201207": "無",
        "201208": "無",
        "201209": "無",
        "201210": "無",
        "201211": "無",
        "201212": "無",
        "201301": "無",
        "201302": "無",
        "201303": "無",
        "201304": "無",
        "201305": "無",
        "201306": "無",
        "201307": "無",
        "201308": "無",
        "201309": "無",
        "201310": "無",
        "201311": "無",
        "201312": "無",
        "201401": "無",
        "201402": "無",
        "201403": "無",
        "201404": "無",
        "201405": "無",
        "201406": "無",
        "201407": "無",
        "201408": "無",
        "201409": "無",
        "201410": "無",
        "201411": "無",
        "201412": "無",
        "201501": "無",
        "201502": "無",
        "201503": "165.30",
        "201504": "166.80",
        "201505": "163.38",
        "201506": "172.57",
        "201507": "168.27",
        "201508": "160.50",
        "201509": "178.98",
        "201510": "258.67",
        "201511": "362.86",
        "201512": "367.07",
        "201601": "312.48",
        "201602": "365.08",
        "201603": "373.87",
        "201604": "368.32",
        "201605": "348.00",
        "201606": "372.33",
        "201607": "481.50",
        "201608": "493.11",
        "201609": "465.53",
        "201610": "474.68",
        "201611": "419.57",
        "201612": "438.66",
        "201701": "425.91",
        "201702": "464.22",
        "201703": "471.46",
        "201704": "469.25",
        "201705": "470.42",
        "201706": "463.33",
        "201707": "434.12",
        "201708": "423.20",
        "201709": "419.32",
        "201710": "455.45",
        "201711": "431.82",
        "201712": "414.93",
        "201801": "396.32",
        "201802": "372.88",
        "201803": "384.54",
        "201804": "393.81",
        "201805": "392.43",
        "201806": "378.02",
        "201807": "376.16",
        "201808": "370.59",
        "201809": "392.84",
        "201810": "442.82",
        "201811": "152.91",
        "201812": "161.36",
        "201901": "165.26",
        "201902": "210.69",
        "201903": "228.90",
        "201904": "230.22",
        "201905": "222.05",
        "201906": "219.66",
        "201907": "232.22",
        "201908": "220.19",
        "201909": "216.21",
        "201910": "220.71",
        "201911": "251.81",
        "201912": "213.23",
        "202001": "222.10",
        "202002": "219.11",
        "202003": "170.59",
        "202004": "155.15",
        "202005": "154.95",
        "202006": "158.18",
        "202007": "147.09",
        "202008": "95.80",
        "202009": "無",
        "202010": "無",
        "202011": "無",
        "202012": "無",
        "202101": "無",
        "202102": "無",
        "202103": "無",
        "202104": "無",
        "202105": "無",
        "202106": "無",
        "202107": "無",
        "202108": "無",
        "202109": "無",
        "202110": "無",
        "202111": "無",
        "202112": "無",
        "202201": "無",
        "202202": "無",
        "202203": "無",
        "202204": "無",
        "202205": "無",
        "202206": "無",
        "202207": "無",
        "202208": "無",
        "202209": "無",
        "202210": "無",
        "202211": "無",
        "202212": "無",
        "202301": "無",
        "202302": "無",
        "202303": "無",
        "202304": "無",
        "202305": "無"
    },
    "quarters": {
        "20011": {
            "year_quarter": 20011,
            "year": 2001,
            "quarter": 1,
            "eps": null,
            "eps_growth_year": null,
            "eps_4q": null,
            "eps_4q_growth_year": null,
            "roe": null,
            "gross_profit": null,
            "gross_margin": null,
            "net_income": null,
            "revenue": null,
            "common_shares": null,
            "equity": null,
            "current_ratio": null,
            "debt_ratio": null,
            "inventory_turnover_ratio": null,
            "account_receivable_turnover_ratio": null,
            "reinvestment_rate": null,
            "research_to_sale_ratio": null,
            "price_fair": 0,
            "eps_avg_yearly": 0,
            "eps_latest_yearly": 0,
            "eps_growth_yearly": 0
        },
        "20012": {
            "year_quarter": 20012,
            "year": 2001,
            "quarter": 2,
            "eps": null,
            "eps_growth_year": null,
            "eps_4q": null,
            "eps_4q_growth_year": null,
            "roe": null,
            "gross_profit": null,
            "gross_margin": null,
            "net_income": null,
            "revenue": null,
            "common_shares": null,
            "equity": null,
            "current_ratio": null,
            "debt_ratio": null,
            "inventory_turnover_ratio": null,
            "account_receivable_turnover_ratio": null,
            "reinvestment_rate": null,
            "research_to_sale_ratio": null,
            "price_fair": 0,
            "eps_avg_yearly": 0,
            "eps_latest_yearly": 0,
            "eps_growth_yearly": 0
        },
        "20013": {
            "year_quarter": 20013,
            "year": 2001,
            "quarter": 3,
            "eps": null,
            "eps_growth_year": null,
            "eps_4q": null,
            "eps_4q_growth_year": null,
            "roe": null,
            "gross_profit": null,
            "gross_margin": null,
            "net_income": null,
            "revenue": null,
            "common_shares": null,
            "equity": null,
            "current_ratio": null,
            "debt_ratio": null,
            "inventory_turnover_ratio": null,
            "account_receivable_turnover_ratio": null,
            "reinvestment_rate": null,
            "research_to_sale_ratio": null,
            "price_fair": 0,
            "eps_avg_yearly": 0,
            "eps_latest_yearly": 0,
            "eps_growth_yearly": 0
        },
        "20014": {
            "year_quarter": 20014,
            "year": 2001,
            "quarter": 4,
            "eps": null,
            "eps_growth_year": null,
            "eps_4q": null,
            "eps_4q_growth_year": null,
            "roe": null,
            "gross_profit": null,
            "gross_margin": null,
            "net_income": null,
            "revenue": null,
            "common_shares": null,
            "equity": null,
            "current_ratio": null,
            "debt_ratio": null,
            "inventory_turnover_ratio": null,
            "account_receivable_turnover_ratio": null,
            "reinvestment_rate": null,
            "research_to_sale_ratio": null,
            "price_fair": 0,
            "eps_avg_yearly": 0,
            "eps_latest_yearly": 0,
            "eps_growth_yearly": 0
        },
        "20021": {
            "year_quarter": 20021,
            "year": 2002,
            "quarter": 1,
            "eps": null,
            "eps_growth_year": null,
            "eps_4q": null,
            "eps_4q_growth_year": null,
            "roe": null,
            "gross_profit": null,
            "gross_margin": null,
            "net_income": null,
            "revenue": null,
            "common_shares": null,
            "equity": null,
            "current_ratio": null,
            "debt_ratio": null,
            "inventory_turnover_ratio": null,
            "account_receivable_turnover_ratio": null,
            "reinvestment_rate": null,
            "research_to_sale_ratio": null,
            "price_fair": 0,
            "eps_avg_yearly": 0,
            "eps_latest_yearly": 0,
            "eps_growth_yearly": 0
        },
        "20022": {
            "year_quarter": 20022,
            "year": 2002,
            "quarter": 2,
            "eps": null,
            "eps_growth_year": null,
            "eps_4q": null,
            "eps_4q_growth_year": null,
            "roe": null,
            "gross_profit": null,
            "gross_margin": null,
            "net_income": null,
            "revenue": null,
            "common_shares": null,
            "equity": null,
            "current_ratio": null,
            "debt_ratio": null,
            "inventory_turnover_ratio": null,
            "account_receivable_turnover_ratio": null,
            "reinvestment_rate": null,
            "research_to_sale_ratio": null,
            "price_fair": 0,
            "eps_avg_yearly": 0,
            "eps_latest_yearly": 0,
            "eps_growth_yearly": 0
        },
        "20023": {
            "year_quarter": 20023,
            "year": 2002,
            "quarter": 3,
            "eps": null,
            "eps_growth_year": null,
            "eps_4q": null,
            "eps_4q_growth_year": null,
            "roe": null,
            "gross_profit": null,
            "gross_margin": null,
            "net_income": null,
            "revenue": null,
            "common_shares": null,
            "equity": null,
            "current_ratio": null,
            "debt_ratio": null,
            "inventory_turnover_ratio": null,
            "account_receivable_turnover_ratio": null,
            "reinvestment_rate": null,
            "research_to_sale_ratio": null,
            "price_fair": 0,
            "eps_avg_yearly": 0,
            "eps_latest_yearly": 0,
            "eps_growth_yearly": 0
        },
        "20024": {
            "year_quarter": 20024,
            "year": 2002,
            "quarter": 4,
            "eps": null,
            "eps_growth_year": null,
            "eps_4q": null,
            "eps_4q_growth_year": null,
            "roe": null,
            "gross_profit": null,
            "gross_margin": null,
            "net_income": null,
            "revenue": null,
            "common_shares": null,
            "equity": null,
            "current_ratio": null,
            "debt_ratio": null,
            "inventory_turnover_ratio": null,
            "account_receivable_turnover_ratio": null,
            "reinvestment_rate": null,
            "research_to_sale_ratio": null,
            "price_fair": 0,
            "eps_avg_yearly": 0,
            "eps_latest_yearly": 0,
            "eps_growth_yearly": 0
        },
        "20031": {
            "year_quarter": 20031,
            "year": 2003,
            "quarter": 1,
            "eps": null,
            "eps_growth_year": null,
            "eps_4q": null,
            "eps_4q_growth_year": null,
            "roe": null,
            "gross_profit": null,
            "gross_margin": null,
            "net_income": null,
            "revenue": null,
            "common_shares": null,
            "equity": null,
            "current_ratio": null,
            "debt_ratio": null,
            "inventory_turnover_ratio": null,
            "account_receivable_turnover_ratio": null,
            "reinvestment_rate": null,
            "research_to_sale_ratio": null,
            "price_fair": 0,
            "eps_avg_yearly": 0,
            "eps_latest_yearly": 0,
            "eps_growth_yearly": 0
        },
        "20032": {
            "year_quarter": 20032,
            "year": 2003,
            "quarter": 2,
            "eps": null,
            "eps_growth_year": null,
            "eps_4q": null,
            "eps_4q_growth_year": null,
            "roe": null,
            "gross_profit": null,
            "gross_margin": null,
            "net_income": null,
            "revenue": null,
            "common_shares": null,
            "equity": null,
            "current_ratio": null,
            "debt_ratio": null,
            "inventory_turnover_ratio": null,
            "account_receivable_turnover_ratio": null,
            "reinvestment_rate": null,
            "research_to_sale_ratio": null,
            "price_fair": 0,
            "eps_avg_yearly": 0,
            "eps_latest_yearly": 0,
            "eps_growth_yearly": 0
        },
        "20033": {
            "year_quarter": 20033,
            "year": 2003,
            "quarter": 3,
            "eps": null,
            "eps_growth_year": null,
            "eps_4q": null,
            "eps_4q_growth_year": null,
            "roe": null,
            "gross_profit": null,
            "gross_margin": null,
            "net_income": null,
            "revenue": null,
            "common_shares": null,
            "equity": null,
            "current_ratio": null,
            "debt_ratio": null,
            "inventory_turnover_ratio": null,
            "account_receivable_turnover_ratio": null,
            "reinvestment_rate": null,
            "research_to_sale_ratio": null,
            "price_fair": 0,
            "eps_avg_yearly": 0,
            "eps_latest_yearly": 0,
            "eps_growth_yearly": 0
        },
        "20034": {
            "year_quarter": 20034,
            "year": 2003,
            "quarter": 4,
            "eps": null,
            "eps_growth_year": null,
            "eps_4q": null,
            "eps_4q_growth_year": null,
            "roe": null,
            "gross_profit": null,
            "gross_margin": null,
            "net_income": null,
            "revenue": null,
            "common_shares": null,
            "equity": null,
            "current_ratio": null,
            "debt_ratio": null,
            "inventory_turnover_ratio": null,
            "account_receivable_turnover_ratio": null,
            "reinvestment_rate": null,
            "research_to_sale_ratio": null,
            "price_fair": 0,
            "eps_avg_yearly": 0,
            "eps_latest_yearly": 0,
            "eps_growth_yearly": 0
        },
        "20041": {
            "year_quarter": 20041,
            "year": 2004,
            "quarter": 1,
            "eps": null,
            "eps_growth_year": null,
            "eps_4q": null,
            "eps_4q_growth_year": null,
            "roe": null,
            "gross_profit": null,
            "gross_margin": null,
            "net_income": null,
            "revenue": null,
            "common_shares": null,
            "equity": null,
            "current_ratio": null,
            "debt_ratio": null,
            "inventory_turnover_ratio": null,
            "account_receivable_turnover_ratio": null,
            "reinvestment_rate": null,
            "research_to_sale_ratio": null,
            "price_fair": 0,
            "eps_avg_yearly": 0,
            "eps_latest_yearly": 0,
            "eps_growth_yearly": 0
        },
        "20042": {
            "year_quarter": 20042,
            "year": 2004,
            "quarter": 2,
            "eps": null,
            "eps_growth_year": null,
            "eps_4q": null,
            "eps_4q_growth_year": null,
            "roe": null,
            "gross_profit": null,
            "gross_margin": null,
            "net_income": null,
            "revenue": null,
            "common_shares": null,
            "equity": null,
            "current_ratio": null,
            "debt_ratio": null,
            "inventory_turnover_ratio": null,
            "account_receivable_turnover_ratio": null,
            "reinvestment_rate": null,
            "research_to_sale_ratio": null,
            "price_fair": 0,
            "eps_avg_yearly": 0,
            "eps_latest_yearly": 0,
            "eps_growth_yearly": 0
        },
        "20043": {
            "year_quarter": 20043,
            "year": 2004,
            "quarter": 3,
            "eps": null,
            "eps_growth_year": null,
            "eps_4q": null,
            "eps_4q_growth_year": null,
            "roe": null,
            "gross_profit": null,
            "gross_margin": null,
            "net_income": null,
            "revenue": null,
            "common_shares": null,
            "equity": null,
            "current_ratio": null,
            "debt_ratio": null,
            "inventory_turnover_ratio": null,
            "account_receivable_turnover_ratio": null,
            "reinvestment_rate": null,
            "research_to_sale_ratio": null,
            "price_fair": 0,
            "eps_avg_yearly": 0,
            "eps_latest_yearly": 0,
            "eps_growth_yearly": 0
        },
        "20044": {
            "year_quarter": 20044,
            "year": 2004,
            "quarter": 4,
            "eps": null,
            "eps_growth_year": null,
            "eps_4q": null,
            "eps_4q_growth_year": null,
            "roe": null,
            "gross_profit": null,
            "gross_margin": null,
            "net_income": null,
            "revenue": null,
            "common_shares": null,
            "equity": null,
            "current_ratio": null,
            "debt_ratio": null,
            "inventory_turnover_ratio": null,
            "account_receivable_turnover_ratio": null,
            "reinvestment_rate": null,
            "research_to_sale_ratio": null,
            "price_fair": 0,
            "eps_avg_yearly": 0,
            "eps_latest_yearly": 0,
            "eps_growth_yearly": 0
        },
        "20051": {
            "year_quarter": 20051,
            "year": 2005,
            "quarter": 1,
            "eps": null,
            "eps_growth_year": null,
            "eps_4q": null,
            "eps_4q_growth_year": null,
            "roe": null,
            "gross_profit": null,
            "gross_margin": null,
            "net_income": null,
            "revenue": null,
            "common_shares": null,
            "equity": null,
            "current_ratio": null,
            "debt_ratio": null,
            "inventory_turnover_ratio": null,
            "account_receivable_turnover_ratio": null,
            "reinvestment_rate": null,
            "research_to_sale_ratio": null,
            "price_fair": 0,
            "eps_avg_yearly": 0,
            "eps_latest_yearly": 0,
            "eps_growth_yearly": 0
        },
        "20052": {
            "year_quarter": 20052,
            "year": 2005,
            "quarter": 2,
            "eps": null,
            "eps_growth_year": null,
            "eps_4q": null,
            "eps_4q_growth_year": null,
            "roe": null,
            "gross_profit": null,
            "gross_margin": null,
            "net_income": null,
            "revenue": null,
            "common_shares": null,
            "equity": null,
            "current_ratio": null,
            "debt_ratio": null,
            "inventory_turnover_ratio": null,
            "account_receivable_turnover_ratio": null,
            "reinvestment_rate": null,
            "research_to_sale_ratio": null,
            "price_fair": 0,
            "eps_avg_yearly": 0,
            "eps_latest_yearly": 0,
            "eps_growth_yearly": 0
        },
        "20053": {
            "year_quarter": 20053,
            "year": 2005,
            "quarter": 3,
            "eps": null,
            "eps_growth_year": null,
            "eps_4q": null,
            "eps_4q_growth_year": null,
            "roe": null,
            "gross_profit": null,
            "gross_margin": null,
            "net_income": null,
            "revenue": null,
            "common_shares": null,
            "equity": null,
            "current_ratio": null,
            "debt_ratio": null,
            "inventory_turnover_ratio": null,
            "account_receivable_turnover_ratio": null,
            "reinvestment_rate": null,
            "research_to_sale_ratio": null,
            "price_fair": 0,
            "eps_avg_yearly": 0,
            "eps_latest_yearly": 0,
            "eps_growth_yearly": 0
        },
        "20054": {
            "year_quarter": 20054,
            "year": 2005,
            "quarter": 4,
            "eps": null,
            "eps_growth_year": null,
            "eps_4q": null,
            "eps_4q_growth_year": null,
            "roe": null,
            "gross_profit": null,
            "gross_margin": null,
            "net_income": null,
            "revenue": null,
            "common_shares": null,
            "equity": null,
            "current_ratio": null,
            "debt_ratio": null,
            "inventory_turnover_ratio": null,
            "account_receivable_turnover_ratio": null,
            "reinvestment_rate": null,
            "research_to_sale_ratio": null,
            "price_fair": 0,
            "eps_avg_yearly": 0,
            "eps_latest_yearly": 0,
            "eps_growth_yearly": 0
        },
        "20061": {
            "year_quarter": 20061,
            "year": 2006,
            "quarter": 1,
            "eps": null,
            "eps_growth_year": null,
            "eps_4q": null,
            "eps_4q_growth_year": null,
            "roe": null,
            "gross_profit": null,
            "gross_margin": null,
            "net_income": null,
            "revenue": null,
            "common_shares": null,
            "equity": null,
            "current_ratio": null,
            "debt_ratio": null,
            "inventory_turnover_ratio": null,
            "account_receivable_turnover_ratio": null,
            "reinvestment_rate": null,
            "research_to_sale_ratio": null,
            "price_fair": 0,
            "eps_avg_yearly": 0,
            "eps_latest_yearly": 0,
            "eps_growth_yearly": 0
        },
        "20062": {
            "year_quarter": 20062,
            "year": 2006,
            "quarter": 2,
            "eps": null,
            "eps_growth_year": null,
            "eps_4q": null,
            "eps_4q_growth_year": null,
            "roe": null,
            "gross_profit": null,
            "gross_margin": null,
            "net_income": null,
            "revenue": null,
            "common_shares": null,
            "equity": null,
            "current_ratio": null,
            "debt_ratio": null,
            "inventory_turnover_ratio": null,
            "account_receivable_turnover_ratio": null,
            "reinvestment_rate": null,
            "research_to_sale_ratio": null,
            "price_fair": 0,
            "eps_avg_yearly": 0,
            "eps_latest_yearly": 0,
            "eps_growth_yearly": 0
        },
        "20063": {
            "year_quarter": 20063,
            "year": 2006,
            "quarter": 3,
            "eps": null,
            "eps_growth_year": null,
            "eps_4q": null,
            "eps_4q_growth_year": null,
            "roe": null,
            "gross_profit": null,
            "gross_margin": null,
            "net_income": null,
            "revenue": null,
            "common_shares": null,
            "equity": null,
            "current_ratio": null,
            "debt_ratio": null,
            "inventory_turnover_ratio": null,
            "account_receivable_turnover_ratio": null,
            "reinvestment_rate": null,
            "research_to_sale_ratio": null,
            "price_fair": 0,
            "eps_avg_yearly": 0,
            "eps_latest_yearly": 0,
            "eps_growth_yearly": 0
        },
        "20064": {
            "year_quarter": 20064,
            "year": 2006,
            "quarter": 4,
            "eps": null,
            "eps_growth_year": null,
            "eps_4q": null,
            "eps_4q_growth_year": null,
            "roe": null,
            "gross_profit": null,
            "gross_margin": null,
            "net_income": null,
            "revenue": null,
            "common_shares": null,
            "equity": null,
            "current_ratio": null,
            "debt_ratio": null,
            "inventory_turnover_ratio": null,
            "account_receivable_turnover_ratio": null,
            "reinvestment_rate": null,
            "research_to_sale_ratio": null,
            "price_fair": 0,
            "eps_avg_yearly": 0,
            "eps_latest_yearly": 0,
            "eps_growth_yearly": 0
        },
        "20071": {
            "year_quarter": 20071,
            "year": 2007,
            "quarter": 1,
            "eps": null,
            "eps_growth_year": null,
            "eps_4q": null,
            "eps_4q_growth_year": null,
            "roe": null,
            "gross_profit": null,
            "gross_margin": null,
            "net_income": null,
            "revenue": null,
            "common_shares": null,
            "equity": null,
            "current_ratio": null,
            "debt_ratio": null,
            "inventory_turnover_ratio": null,
            "account_receivable_turnover_ratio": null,
            "reinvestment_rate": null,
            "research_to_sale_ratio": null,
            "price_fair": 0,
            "eps_avg_yearly": 0,
            "eps_latest_yearly": 0,
            "eps_growth_yearly": 0
        },
        "20072": {
            "year_quarter": 20072,
            "year": 2007,
            "quarter": 2,
            "eps": null,
            "eps_growth_year": null,
            "eps_4q": null,
            "eps_4q_growth_year": null,
            "roe": null,
            "gross_profit": null,
            "gross_margin": null,
            "net_income": null,
            "revenue": null,
            "common_shares": null,
            "equity": null,
            "current_ratio": null,
            "debt_ratio": null,
            "inventory_turnover_ratio": null,
            "account_receivable_turnover_ratio": null,
            "reinvestment_rate": null,
            "research_to_sale_ratio": null,
            "price_fair": 0,
            "eps_avg_yearly": 0,
            "eps_latest_yearly": 0,
            "eps_growth_yearly": 0
        },
        "20073": {
            "year_quarter": 20073,
            "year": 2007,
            "quarter": 3,
            "eps": null,
            "eps_growth_year": null,
            "eps_4q": null,
            "eps_4q_growth_year": null,
            "roe": null,
            "gross_profit": null,
            "gross_margin": null,
            "net_income": null,
            "revenue": null,
            "common_shares": null,
            "equity": null,
            "current_ratio": null,
            "debt_ratio": null,
            "inventory_turnover_ratio": null,
            "account_receivable_turnover_ratio": null,
            "reinvestment_rate": null,
            "research_to_sale_ratio": null,
            "price_fair": 0,
            "eps_avg_yearly": 0,
            "eps_latest_yearly": 0,
            "eps_growth_yearly": 0
        },
        "20074": {
            "year_quarter": 20074,
            "year": 2007,
            "quarter": 4,
            "eps": null,
            "eps_growth_year": null,
            "eps_4q": null,
            "eps_4q_growth_year": null,
            "roe": null,
            "gross_profit": null,
            "gross_margin": null,
            "net_income": null,
            "revenue": null,
            "common_shares": null,
            "equity": null,
            "current_ratio": null,
            "debt_ratio": null,
            "inventory_turnover_ratio": null,
            "account_receivable_turnover_ratio": null,
            "reinvestment_rate": null,
            "research_to_sale_ratio": null,
            "price_fair": 0,
            "eps_avg_yearly": 0,
            "eps_latest_yearly": 0,
            "eps_growth_yearly": 0
        },
        "20081": {
            "year_quarter": 20081,
            "year": 2008,
            "quarter": 1,
            "eps": null,
            "eps_growth_year": null,
            "eps_4q": null,
            "eps_4q_growth_year": null,
            "roe": null,
            "gross_profit": null,
            "gross_margin": null,
            "net_income": null,
            "revenue": null,
            "common_shares": null,
            "equity": null,
            "current_ratio": null,
            "debt_ratio": null,
            "inventory_turnover_ratio": null,
            "account_receivable_turnover_ratio": null,
            "reinvestment_rate": null,
            "research_to_sale_ratio": null,
            "price_fair": 0,
            "eps_avg_yearly": 0,
            "eps_latest_yearly": 0,
            "eps_growth_yearly": 0
        },
        "20082": {
            "year_quarter": 20082,
            "year": 2008,
            "quarter": 2,
            "eps": null,
            "eps_growth_year": null,
            "eps_4q": null,
            "eps_4q_growth_year": null,
            "roe": null,
            "gross_profit": null,
            "gross_margin": null,
            "net_income": null,
            "revenue": null,
            "common_shares": null,
            "equity": null,
            "current_ratio": null,
            "debt_ratio": null,
            "inventory_turnover_ratio": null,
            "account_receivable_turnover_ratio": null,
            "reinvestment_rate": null,
            "research_to_sale_ratio": null,
            "price_fair": 0,
            "eps_avg_yearly": 0,
            "eps_latest_yearly": 0,
            "eps_growth_yearly": 0
        },
        "20083": {
            "year_quarter": 20083,
            "year": 2008,
            "quarter": 3,
            "eps": null,
            "eps_growth_year": null,
            "eps_4q": null,
            "eps_4q_growth_year": null,
            "roe": null,
            "gross_profit": null,
            "gross_margin": null,
            "net_income": null,
            "revenue": null,
            "common_shares": null,
            "equity": null,
            "current_ratio": null,
            "debt_ratio": null,
            "inventory_turnover_ratio": null,
            "account_receivable_turnover_ratio": null,
            "reinvestment_rate": null,
            "research_to_sale_ratio": null,
            "price_fair": 0,
            "eps_avg_yearly": 0,
            "eps_latest_yearly": 0,
            "eps_growth_yearly": 0
        },
        "20084": {
            "year_quarter": 20084,
            "year": 2008,
            "quarter": 4,
            "eps": null,
            "eps_growth_year": null,
            "eps_4q": null,
            "eps_4q_growth_year": null,
            "roe": null,
            "gross_profit": null,
            "gross_margin": null,
            "net_income": null,
            "revenue": null,
            "common_shares": null,
            "equity": null,
            "current_ratio": null,
            "debt_ratio": null,
            "inventory_turnover_ratio": null,
            "account_receivable_turnover_ratio": null,
            "reinvestment_rate": null,
            "research_to_sale_ratio": null,
            "price_fair": 0,
            "eps_avg_yearly": 0,
            "eps_latest_yearly": 0,
            "eps_growth_yearly": 0
        },
        "20091": {
            "year_quarter": 20091,
            "year": 2009,
            "quarter": 1,
            "eps": null,
            "eps_growth_year": null,
            "eps_4q": null,
            "eps_4q_growth_year": null,
            "roe": null,
            "gross_profit": null,
            "gross_margin": null,
            "net_income": null,
            "revenue": null,
            "common_shares": null,
            "equity": null,
            "current_ratio": null,
            "debt_ratio": null,
            "inventory_turnover_ratio": null,
            "account_receivable_turnover_ratio": null,
            "reinvestment_rate": null,
            "research_to_sale_ratio": null,
            "price_fair": 0,
            "eps_avg_yearly": 0,
            "eps_latest_yearly": 0,
            "eps_growth_yearly": 0
        },
        "20092": {
            "year_quarter": 20092,
            "year": 2009,
            "quarter": 2,
            "eps": null,
            "eps_growth_year": null,
            "eps_4q": null,
            "eps_4q_growth_year": null,
            "roe": null,
            "gross_profit": null,
            "gross_margin": null,
            "net_income": null,
            "revenue": null,
            "common_shares": null,
            "equity": null,
            "current_ratio": null,
            "debt_ratio": null,
            "inventory_turnover_ratio": null,
            "account_receivable_turnover_ratio": null,
            "reinvestment_rate": null,
            "research_to_sale_ratio": null,
            "price_fair": 0,
            "eps_avg_yearly": 0,
            "eps_latest_yearly": 0,
            "eps_growth_yearly": 0
        },
        "20093": {
            "year_quarter": 20093,
            "year": 2009,
            "quarter": 3,
            "eps": null,
            "eps_growth_year": null,
            "eps_4q": null,
            "eps_4q_growth_year": null,
            "roe": null,
            "gross_profit": null,
            "gross_margin": null,
            "net_income": null,
            "revenue": null,
            "common_shares": null,
            "equity": null,
            "current_ratio": null,
            "debt_ratio": null,
            "inventory_turnover_ratio": null,
            "account_receivable_turnover_ratio": null,
            "reinvestment_rate": null,
            "research_to_sale_ratio": null,
            "price_fair": 0,
            "eps_avg_yearly": 0,
            "eps_latest_yearly": 0,
            "eps_growth_yearly": 0
        },
        "20094": {
            "year_quarter": 20094,
            "year": 2009,
            "quarter": 4,
            "eps": null,
            "eps_growth_year": null,
            "eps_4q": null,
            "eps_4q_growth_year": null,
            "roe": null,
            "gross_profit": null,
            "gross_margin": null,
            "net_income": null,
            "revenue": null,
            "common_shares": null,
            "equity": null,
            "current_ratio": null,
            "debt_ratio": null,
            "inventory_turnover_ratio": null,
            "account_receivable_turnover_ratio": null,
            "reinvestment_rate": null,
            "research_to_sale_ratio": null,
            "price_fair": 0,
            "eps_avg_yearly": 0,
            "eps_latest_yearly": 0,
            "eps_growth_yearly": 0
        },
        "20101": {
            "year_quarter": 20101,
            "year": 2010,
            "quarter": 1,
            "eps": null,
            "eps_growth_year": null,
            "eps_4q": null,
            "eps_4q_growth_year": null,
            "roe": null,
            "gross_profit": null,
            "gross_margin": null,
            "net_income": null,
            "revenue": null,
            "common_shares": null,
            "equity": null,
            "current_ratio": null,
            "debt_ratio": null,
            "inventory_turnover_ratio": null,
            "account_receivable_turnover_ratio": null,
            "reinvestment_rate": null,
            "research_to_sale_ratio": null,
            "price_fair": 0,
            "eps_avg_yearly": 0,
            "eps_latest_yearly": 0,
            "eps_growth_yearly": 0
        },
        "20102": {
            "year_quarter": 20102,
            "year": 2010,
            "quarter": 2,
            "eps": null,
            "eps_growth_year": null,
            "eps_4q": null,
            "eps_4q_growth_year": null,
            "roe": null,
            "gross_profit": null,
            "gross_margin": null,
            "net_income": null,
            "revenue": null,
            "common_shares": null,
            "equity": null,
            "current_ratio": null,
            "debt_ratio": null,
            "inventory_turnover_ratio": null,
            "account_receivable_turnover_ratio": null,
            "reinvestment_rate": null,
            "research_to_sale_ratio": null,
            "price_fair": 0,
            "eps_avg_yearly": 0,
            "eps_latest_yearly": 0,
            "eps_growth_yearly": 0
        },
        "20103": {
            "year_quarter": 20103,
            "year": 2010,
            "quarter": 3,
            "eps": null,
            "eps_growth_year": null,
            "eps_4q": null,
            "eps_4q_growth_year": null,
            "roe": null,
            "gross_profit": null,
            "gross_margin": null,
            "net_income": null,
            "revenue": null,
            "common_shares": null,
            "equity": null,
            "current_ratio": null,
            "debt_ratio": null,
            "inventory_turnover_ratio": null,
            "account_receivable_turnover_ratio": null,
            "reinvestment_rate": null,
            "research_to_sale_ratio": null,
            "price_fair": 0,
            "eps_avg_yearly": 0,
            "eps_latest_yearly": 0,
            "eps_growth_yearly": 0
        },
        "20104": {
            "year_quarter": 20104,
            "year": 2010,
            "quarter": 4,
            "eps": null,
            "eps_growth_year": null,
            "eps_4q": null,
            "eps_4q_growth_year": null,
            "roe": null,
            "gross_profit": null,
            "gross_margin": null,
            "net_income": null,
            "revenue": null,
            "common_shares": null,
            "equity": null,
            "current_ratio": null,
            "debt_ratio": null,
            "inventory_turnover_ratio": null,
            "account_receivable_turnover_ratio": null,
            "reinvestment_rate": null,
            "research_to_sale_ratio": null,
            "price_fair": 0,
            "eps_avg_yearly": 0,
            "eps_latest_yearly": 0,
            "eps_growth_yearly": 0
        },
        "20111": {
            "year_quarter": 20111,
            "year": 2011,
            "quarter": 1,
            "eps": null,
            "eps_growth_year": null,
            "eps_4q": null,
            "eps_4q_growth_year": null,
            "roe": null,
            "gross_profit": null,
            "gross_margin": null,
            "net_income": null,
            "revenue": null,
            "common_shares": null,
            "equity": null,
            "current_ratio": null,
            "debt_ratio": null,
            "inventory_turnover_ratio": null,
            "account_receivable_turnover_ratio": null,
            "reinvestment_rate": null,
            "research_to_sale_ratio": null,
            "price_fair": 0,
            "eps_avg_yearly": 0,
            "eps_latest_yearly": 0,
            "eps_growth_yearly": 0
        },
        "20112": {
            "year_quarter": 20112,
            "year": 2011,
            "quarter": 2,
            "eps": null,
            "eps_growth_year": null,
            "eps_4q": null,
            "eps_4q_growth_year": null,
            "roe": null,
            "gross_profit": null,
            "gross_margin": null,
            "net_income": null,
            "revenue": null,
            "common_shares": null,
            "equity": null,
            "current_ratio": null,
            "debt_ratio": null,
            "inventory_turnover_ratio": null,
            "account_receivable_turnover_ratio": null,
            "reinvestment_rate": null,
            "research_to_sale_ratio": null,
            "price_fair": 0,
            "eps_avg_yearly": 0,
            "eps_latest_yearly": 0,
            "eps_growth_yearly": 0
        },
        "20113": {
            "year_quarter": 20113,
            "year": 2011,
            "quarter": 3,
            "eps": null,
            "eps_growth_year": null,
            "eps_4q": null,
            "eps_4q_growth_year": null,
            "roe": null,
            "gross_profit": null,
            "gross_margin": null,
            "net_income": null,
            "revenue": null,
            "common_shares": null,
            "equity": null,
            "current_ratio": null,
            "debt_ratio": null,
            "inventory_turnover_ratio": null,
            "account_receivable_turnover_ratio": null,
            "reinvestment_rate": null,
            "research_to_sale_ratio": null,
            "price_fair": 0,
            "eps_avg_yearly": 0,
            "eps_latest_yearly": 0,
            "eps_growth_yearly": 0
        },
        "20114": {
            "year_quarter": 20114,
            "year": 2011,
            "quarter": 4,
            "eps": null,
            "eps_growth_year": null,
            "eps_4q": null,
            "eps_4q_growth_year": null,
            "roe": null,
            "gross_profit": null,
            "gross_margin": null,
            "net_income": null,
            "revenue": null,
            "common_shares": null,
            "equity": null,
            "current_ratio": null,
            "debt_ratio": null,
            "inventory_turnover_ratio": null,
            "account_receivable_turnover_ratio": null,
            "reinvestment_rate": null,
            "research_to_sale_ratio": null,
            "price_fair": 0,
            "eps_avg_yearly": 0,
            "eps_latest_yearly": 0,
            "eps_growth_yearly": 0
        },
        "20121": {
            "year_quarter": 20121,
            "year": 2012,
            "quarter": 1,
            "eps": null,
            "eps_growth_year": null,
            "eps_4q": null,
            "eps_4q_growth_year": null,
            "roe": null,
            "gross_profit": null,
            "gross_margin": null,
            "net_income": null,
            "revenue": null,
            "common_shares": null,
            "equity": null,
            "current_ratio": null,
            "debt_ratio": null,
            "inventory_turnover_ratio": null,
            "account_receivable_turnover_ratio": null,
            "reinvestment_rate": null,
            "research_to_sale_ratio": null,
            "price_fair": 0,
            "eps_avg_yearly": 0,
            "eps_latest_yearly": 0,
            "eps_growth_yearly": 0
        },
        "20122": {
            "year_quarter": 20122,
            "year": 2012,
            "quarter": 2,
            "eps": null,
            "eps_growth_year": null,
            "eps_4q": null,
            "eps_4q_growth_year": null,
            "roe": null,
            "gross_profit": null,
            "gross_margin": null,
            "net_income": null,
            "revenue": null,
            "common_shares": null,
            "equity": null,
            "current_ratio": null,
            "debt_ratio": null,
            "inventory_turnover_ratio": null,
            "account_receivable_turnover_ratio": null,
            "reinvestment_rate": null,
            "research_to_sale_ratio": null,
            "price_fair": 0,
            "eps_avg_yearly": 0,
            "eps_latest_yearly": 0,
            "eps_growth_yearly": 0
        },
        "20123": {
            "year_quarter": 20123,
            "year": 2012,
            "quarter": 3,
            "eps": null,
            "eps_growth_year": null,
            "eps_4q": null,
            "eps_4q_growth_year": null,
            "roe": null,
            "gross_profit": null,
            "gross_margin": null,
            "net_income": null,
            "revenue": null,
            "common_shares": null,
            "equity": null,
            "current_ratio": null,
            "debt_ratio": null,
            "inventory_turnover_ratio": null,
            "account_receivable_turnover_ratio": null,
            "reinvestment_rate": null,
            "research_to_sale_ratio": null,
            "price_fair": 0,
            "eps_avg_yearly": 0,
            "eps_latest_yearly": 0,
            "eps_growth_yearly": 0
        },
        "20124": {
            "year_quarter": 20124,
            "year": 2012,
            "quarter": 4,
            "eps": null,
            "eps_growth_year": null,
            "eps_4q": null,
            "eps_4q_growth_year": null,
            "roe": null,
            "gross_profit": null,
            "gross_margin": null,
            "net_income": null,
            "revenue": null,
            "common_shares": 550000,
            "equity": 1684760,
            "current_ratio": 134.6,
            "debt_ratio": 25.79,
            "inventory_turnover_ratio": null,
            "account_receivable_turnover_ratio": null,
            "reinvestment_rate": null,
            "research_to_sale_ratio": null,
            "price_fair": 0,
            "eps_avg_yearly": 0,
            "eps_latest_yearly": 0,
            "eps_growth_yearly": 0
        },
        "20131": {
            "year_quarter": 20131,
            "year": 2013,
            "quarter": 1,
            "eps": null,
            "eps_growth_year": null,
            "eps_4q": null,
            "eps_4q_growth_year": null,
            "roe": null,
            "gross_profit": null,
            "gross_margin": null,
            "net_income": null,
            "revenue": null,
            "common_shares": null,
            "equity": null,
            "current_ratio": null,
            "debt_ratio": null,
            "inventory_turnover_ratio": null,
            "account_receivable_turnover_ratio": null,
            "reinvestment_rate": null,
            "research_to_sale_ratio": null,
            "price_fair": 0,
            "eps_avg_yearly": 0,
            "eps_latest_yearly": 0,
            "eps_growth_yearly": 0
        },
        "20132": {
            "year_quarter": 20132,
            "year": 2013,
            "quarter": 2,
            "eps": null,
            "eps_growth_year": null,
            "eps_4q": null,
            "eps_4q_growth_year": null,
            "roe": null,
            "gross_profit": null,
            "gross_margin": null,
            "net_income": null,
            "revenue": null,
            "common_shares": null,
            "equity": null,
            "current_ratio": null,
            "debt_ratio": null,
            "inventory_turnover_ratio": null,
            "account_receivable_turnover_ratio": null,
            "reinvestment_rate": null,
            "research_to_sale_ratio": null,
            "price_fair": 0,
            "eps_avg_yearly": 0,
            "eps_latest_yearly": 0,
            "eps_growth_yearly": 0
        },
        "20133": {
            "year_quarter": 20133,
            "year": 2013,
            "quarter": 3,
            "eps": null,
            "eps_growth_year": null,
            "eps_4q": null,
            "eps_4q_growth_year": null,
            "roe": null,
            "gross_profit": null,
            "gross_margin": null,
            "net_income": null,
            "revenue": null,
            "common_shares": null,
            "equity": null,
            "current_ratio": null,
            "debt_ratio": null,
            "inventory_turnover_ratio": null,
            "account_receivable_turnover_ratio": null,
            "reinvestment_rate": null,
            "research_to_sale_ratio": null,
            "price_fair": 0,
            "eps_avg_yearly": 0,
            "eps_latest_yearly": 0,
            "eps_growth_yearly": 0
        },
        "20134": {
            "year_quarter": 20134,
            "year": 2013,
            "quarter": 4,
            "eps": null,
            "eps_growth_year": null,
            "eps_4q": null,
            "eps_4q_growth_year": null,
            "roe": null,
            "gross_profit": null,
            "gross_margin": null,
            "net_income": null,
            "revenue": null,
            "common_shares": 550000,
            "equity": 2271533,
            "current_ratio": 218.37,
            "debt_ratio": 22.34,
            "inventory_turnover_ratio": null,
            "account_receivable_turnover_ratio": null,
            "reinvestment_rate": null,
            "research_to_sale_ratio": null,
            "price_fair": 0,
            "eps_avg_yearly": 0,
            "eps_latest_yearly": 0,
            "eps_growth_yearly": 0
        },
        "20141": {
            "year_quarter": 20141,
            "year": 2014,
            "quarter": 1,
            "eps": null,
            "eps_growth_year": null,
            "eps_4q": null,
            "eps_4q_growth_year": null,
            "roe": null,
            "gross_profit": 356854,
            "gross_margin": null,
            "net_income": 190628,
            "revenue": 840043,
            "common_shares": 550000,
            "equity": 2475032,
            "current_ratio": 260.15,
            "debt_ratio": 21.03,
            "inventory_turnover_ratio": null,
            "account_receivable_turnover_ratio": null,
            "reinvestment_rate": null,
            "research_to_sale_ratio": null,
            "price_fair": 0,
            "eps_avg_yearly": 0,
            "eps_latest_yearly": 0,
            "eps_growth_yearly": 0
        },
        "20142": {
            "year_quarter": 20142,
            "year": 2014,
            "quarter": 2,
            "eps": null,
            "eps_growth_year": null,
            "eps_4q": null,
            "eps_4q_growth_year": null,
            "roe": null,
            "gross_profit": 386910,
            "gross_margin": null,
            "net_income": 171892,
            "revenue": 959365,
            "common_shares": 550000,
            "equity": 2576281,
            "current_ratio": 339.95,
            "debt_ratio": 17.51,
            "inventory_turnover_ratio": null,
            "account_receivable_turnover_ratio": null,
            "reinvestment_rate": null,
            "research_to_sale_ratio": null,
            "price_fair": 0,
            "eps_avg_yearly": 0,
            "eps_latest_yearly": 0,
            "eps_growth_yearly": 0
        },
        "20143": {
            "year_quarter": 20143,
            "year": 2014,
            "quarter": 3,
            "eps": null,
            "eps_growth_year": null,
            "eps_4q": null,
            "eps_4q_growth_year": null,
            "roe": null,
            "gross_profit": 409076,
            "gross_margin": null,
            "net_income": 199093,
            "revenue": 992678,
            "common_shares": 550000,
            "equity": 2845114,
            "current_ratio": 389.81,
            "debt_ratio": 16.63,
            "inventory_turnover_ratio": null,
            "account_receivable_turnover_ratio": null,
            "reinvestment_rate": null,
            "research_to_sale_ratio": null,
            "price_fair": 0,
            "eps_avg_yearly": 0,
            "eps_latest_yearly": 0,
            "eps_growth_yearly": 0
        },
        "20144": {
            "year_quarter": 20144,
            "year": 2014,
            "quarter": 4,
            "eps": null,
            "eps_growth_year": null,
            "eps_4q": null,
            "eps_4q_growth_year": null,
            "roe": null,
            "gross_profit": 458166,
            "gross_margin": null,
            "net_income": 204032,
            "revenue": 1151465,
            "common_shares": 550000,
            "equity": 3143835,
            "current_ratio": 433.65,
            "debt_ratio": 15.91,
            "inventory_turnover_ratio": null,
            "account_receivable_turnover_ratio": null,
            "reinvestment_rate": null,
            "research_to_sale_ratio": null,
            "price_fair": 0,
            "eps_avg_yearly": 0,
            "eps_latest_yearly": 0,
            "eps_growth_yearly": 0
        },
        "20151": {
            "year_quarter": 20151,
            "year": 2015,
            "quarter": 1,
            "eps": 3.66,
            "eps_growth_year": null,
            "eps_4q": 3.15,
            "eps_4q_growth_year": null,
            "roe": 4.93,
            "gross_profit": 402097,
            "gross_margin": 40.64,
            "net_income": 204511,
            "revenue": 989441,
            "common_shares": 650000,
            "equity": 5154474,
            "current_ratio": 883.14,
            "debt_ratio": 10.33,
            "inventory_turnover_ratio": 2.39,
            "account_receivable_turnover_ratio": 1.49,
            "reinvestment_rate": null,
            "research_to_sale_ratio": 0.27,
            "price_fair": 0,
            "eps_avg_yearly": 0,
            "eps_latest_yearly": 0,
            "eps_growth_yearly": 0
        },
        "20152": {
            "year_quarter": 20152,
            "year": 2015,
            "quarter": 2,
            "eps": 3.5,
            "eps_growth_year": null,
            "eps_4q": 6.72,
            "eps_4q_growth_year": null,
            "roe": 4.62,
            "gross_profit": 435723,
            "gross_margin": 40.76,
            "net_income": 224972,
            "revenue": 1068914,
            "common_shares": 650000,
            "equity": 4593506,
            "current_ratio": 398.08,
            "debt_ratio": 18.38,
            "inventory_turnover_ratio": 2.57,
            "account_receivable_turnover_ratio": 1.62,
            "reinvestment_rate": null,
            "research_to_sale_ratio": 0.49,
            "price_fair": 42,
            "eps_avg_yearly": 14,
            "eps_latest_yearly": 14,
            "eps_growth_yearly": -17.49
        },
        "20153": {
            "year_quarter": 20153,
            "year": 2015,
            "quarter": 3,
            "eps": 4.03,
            "eps_growth_year": null,
            "eps_4q": 10.76,
            "eps_4q_growth_year": null,
            "roe": 5.34,
            "gross_profit": 460551,
            "gross_margin": 40.98,
            "net_income": 257309,
            "revenue": 1123723,
            "common_shares": 650000,
            "equity": 5037786,
            "current_ratio": 395.95,
            "debt_ratio": 18.4,
            "inventory_turnover_ratio": 2.4,
            "account_receivable_turnover_ratio": 1.55,
            "reinvestment_rate": null,
            "research_to_sale_ratio": 0.11,
            "price_fair": 475.03,
            "eps_avg_yearly": 15.06,
            "eps_latest_yearly": 16.12,
            "eps_growth_yearly": 21.54
        },
        "20154": {
            "year_quarter": 20154,
            "year": 2015,
            "quarter": 4,
            "eps": 5.28,
            "eps_growth_year": null,
            "eps_4q": 15.85,
            "eps_4q_growth_year": null,
            "roe": 6.57,
            "gross_profit": 483056,
            "gross_margin": 39.34,
            "net_income": 343491,
            "revenue": 1228038,
            "common_shares": 650000,
            "equity": 5414892,
            "current_ratio": 932.34,
            "debt_ratio": 8.89,
            "inventory_turnover_ratio": 2.65,
            "account_receivable_turnover_ratio": 1.67,
            "reinvestment_rate": null,
            "research_to_sale_ratio": 0.14,
            "price_fair": 597.8,
            "eps_avg_yearly": 17.08,
            "eps_latest_yearly": 21.12,
            "eps_growth_yearly": 55.72
        },
        "20161": {
            "year_quarter": 20161,
            "year": 2016,
            "quarter": 1,
            "eps": 3.42,
            "eps_growth_year": -6.56,
            "eps_4q": 16.13,
            "eps_4q_growth_year": 412.57,
            "roe": 4.04,
            "gross_profit": 392706,
            "gross_margin": 39.22,
            "net_income": 222497,
            "revenue": 1001287,
            "common_shares": 650000,
            "equity": 5609024,
            "current_ratio": 992.04,
            "debt_ratio": 8.06,
            "inventory_turnover_ratio": 2.18,
            "account_receivable_turnover_ratio": 1.54,
            "reinvestment_rate": null,
            "research_to_sale_ratio": 0.14,
            "price_fair": 268.79,
            "eps_avg_yearly": 16.23,
            "eps_latest_yearly": 13.68,
            "eps_growth_yearly": 6.56
        },
        "20162": {
            "year_quarter": 20162,
            "year": 2016,
            "quarter": 2,
            "eps": 3.34,
            "eps_growth_year": -4.57,
            "eps_4q": 16.01,
            "eps_4q_growth_year": 138.12,
            "roe": 4.06,
            "gross_profit": 437789,
            "gross_margin": 39.38,
            "net_income": 217051,
            "revenue": 1111801,
            "common_shares": 650000,
            "equity": 5088312,
            "current_ratio": 362.4,
            "debt_ratio": 17.99,
            "inventory_turnover_ratio": 2.47,
            "account_receivable_turnover_ratio": 1.86,
            "reinvestment_rate": null,
            "research_to_sale_ratio": 0.12,
            "price_fair": 209.44,
            "eps_avg_yearly": 15.66,
            "eps_latest_yearly": 13.36,
            "eps_growth_yearly": 3.38
        },
        "20163": {
            "year_quarter": 20163,
            "year": 2016,
            "quarter": 3,
            "eps": 3.34,
            "eps_growth_year": -17.12,
            "eps_4q": 15.38,
            "eps_4q_growth_year": 42.96,
            "roe": 4.22,
            "gross_profit": 435898,
            "gross_margin": 40.35,
            "net_income": 215901,
            "revenue": 1080203,
            "common_shares": 650000,
            "equity": 5141745,
            "current_ratio": 296.83,
            "debt_ratio": 24.57,
            "inventory_turnover_ratio": 2.7,
            "account_receivable_turnover_ratio": 1.69,
            "reinvestment_rate": null,
            "research_to_sale_ratio": 0.23,
            "price_fair": 195.72,
            "eps_avg_yearly": 15.27,
            "eps_latest_yearly": 13.36,
            "eps_growth_yearly": 2.81
        },
        "20164": {
            "year_quarter": 20164,
            "year": 2016,
            "quarter": 4,
            "eps": 3.8,
            "eps_growth_year": -28.14,
            "eps_4q": 13.9,
            "eps_4q_growth_year": -12.33,
            "roe": 4.68,
            "gross_profit": 474727,
            "gross_margin": 41.6,
            "net_income": 249776,
            "revenue": 1141175,
            "common_shares": 650000,
            "equity": 5540911,
            "current_ratio": 393.06,
            "debt_ratio": 27.71,
            "inventory_turnover_ratio": 3.05,
            "account_receivable_turnover_ratio": 1.73,
            "reinvestment_rate": null,
            "research_to_sale_ratio": 0.09,
            "price_fair": 309.57,
            "eps_avg_yearly": 15.26,
            "eps_latest_yearly": 15.2,
            "eps_growth_yearly": 10.28
        },
        "20171": {
            "year_quarter": 20171,
            "year": 2017,
            "quarter": 1,
            "eps": 3.23,
            "eps_growth_year": -5.56,
            "eps_4q": 13.7,
            "eps_4q_growth_year": -15.04,
            "roe": 3.69,
            "gross_profit": 370910,
            "gross_margin": 41.27,
            "net_income": 207157,
            "revenue": 898656,
            "common_shares": 650000,
            "equity": 5687003,
            "current_ratio": 669.6,
            "debt_ratio": 22.98,
            "inventory_turnover_ratio": 2.45,
            "account_receivable_turnover_ratio": 1.51,
            "reinvestment_rate": null,
            "research_to_sale_ratio": 0.31,
            "price_fair": 172.11,
            "eps_avg_yearly": 14.97,
            "eps_latest_yearly": 12.92,
            "eps_growth_yearly": 1.5
        },
        "20172": {
            "year_quarter": 20172,
            "year": 2017,
            "quarter": 2,
            "eps": 3.73,
            "eps_growth_year": 11.68,
            "eps_4q": 12.22,
            "eps_4q_growth_year": -23.67,
            "roe": 4.28,
            "gross_profit": 418086,
            "gross_margin": 40.34,
            "net_income": 239053,
            "revenue": 1036484,
            "common_shares": 650000,
            "equity": 5494770,
            "current_ratio": 304.32,
            "debt_ratio": 32.67,
            "inventory_turnover_ratio": 2.86,
            "account_receivable_turnover_ratio": 1.91,
            "reinvestment_rate": null,
            "research_to_sale_ratio": 0.12,
            "price_fair": 272.52,
            "eps_avg_yearly": 14.96,
            "eps_latest_yearly": 14.92,
            "eps_growth_yearly": 8.21
        },
        "20173": {
            "year_quarter": 20173,
            "year": 2017,
            "quarter": 3,
            "eps": 3.91,
            "eps_growth_year": 17.07,
            "eps_4q": 12.71,
            "eps_4q_growth_year": -17.35,
            "roe": 4.42,
            "gross_profit": 432828,
            "gross_margin": 39.2,
            "net_income": 249436,
            "revenue": 1104229,
            "common_shares": 650000,
            "equity": 5780216,
            "current_ratio": 198.87,
            "debt_ratio": 30.99,
            "inventory_turnover_ratio": 2.64,
            "account_receivable_turnover_ratio": 1.91,
            "reinvestment_rate": null,
            "research_to_sale_ratio": 0.14,
            "price_fair": 290.42,
            "eps_avg_yearly": 15.03,
            "eps_latest_yearly": 15.64,
            "eps_growth_yearly": 9.32
        },
        "20174": {
            "year_quarter": 20174,
            "year": 2017,
            "quarter": 4,
            "eps": 3.14,
            "eps_growth_year": -17.19,
            "eps_4q": 12.21,
            "eps_4q_growth_year": -12.17,
            "roe": 3.71,
            "gross_profit": 477439,
            "gross_margin": 37.73,
            "net_income": 240976,
            "revenue": 1265250,
            "common_shares": 780000,
            "equity": 7206019,
            "current_ratio": 350.39,
            "debt_ratio": 18.38,
            "inventory_turnover_ratio": 2.65,
            "account_receivable_turnover_ratio": 1.95,
            "reinvestment_rate": 23.43,
            "research_to_sale_ratio": 0.2,
            "price_fair": 167.5,
            "eps_avg_yearly": 14.81,
            "eps_latest_yearly": 12.56,
            "eps_growth_yearly": 1.31
        },
        "20181": {
            "year_quarter": 20181,
            "year": 2018,
            "quarter": 1,
            "eps": 2.94,
            "eps_growth_year": -8.98,
            "eps_4q": 12.46,
            "eps_4q_growth_year": -9.07,
            "roe": 3.05,
            "gross_profit": 445025,
            "gross_margin": 39.62,
            "net_income": 223912,
            "revenue": 1123172,
            "common_shares": 780000,
            "equity": 7499535,
            "current_ratio": 377.64,
            "debt_ratio": 17.01,
            "inventory_turnover_ratio": 2.04,
            "account_receivable_turnover_ratio": 1.8,
            "reinvestment_rate": 24.7,
            "research_to_sale_ratio": 0.19,
            "price_fair": 43.66,
            "eps_avg_yearly": 14.55,
            "eps_latest_yearly": 11.76,
            "eps_growth_yearly": -0.92
        },
        "20182": {
            "year_quarter": 20182,
            "year": 2018,
            "quarter": 2,
            "eps": 2.86,
            "eps_growth_year": -23.32,
            "eps_4q": 12.2,
            "eps_4q_growth_year": -0.12,
            "roe": 3,
            "gross_profit": 523866,
            "gross_margin": 40.4,
            "net_income": 217531,
            "revenue": 1296599,
            "common_shares": 780000,
            "equity": 7023561,
            "current_ratio": 239.74,
            "debt_ratio": 26.62,
            "inventory_turnover_ratio": 2.21,
            "account_receivable_turnover_ratio": 2.32,
            "reinvestment_rate": 38.51,
            "research_to_sale_ratio": 0.29,
            "price_fair": 42.94,
            "eps_avg_yearly": 14.31,
            "eps_latest_yearly": 11.44,
            "eps_growth_yearly": -1.69
        },
        "20183": {
            "year_quarter": 20183,
            "year": 2018,
            "quarter": 3,
            "eps": 3.24,
            "eps_growth_year": -17.14,
            "eps_4q": 12.19,
            "eps_4q_growth_year": -4.15,
            "roe": 3.58,
            "gross_profit": 554298,
            "gross_margin": 41.24,
            "net_income": 251506,
            "revenue": 1344138,
            "common_shares": 780000,
            "equity": 7040670,
            "current_ratio": 234.36,
            "debt_ratio": 27.47,
            "inventory_turnover_ratio": 2.48,
            "account_receivable_turnover_ratio": 2.34,
            "reinvestment_rate": 45.76,
            "research_to_sale_ratio": 0.32,
            "price_fair": 173.87,
            "eps_avg_yearly": 14.22,
            "eps_latest_yearly": 12.96,
            "eps_growth_yearly": 2.23
        },
        "20184": {
            "year_quarter": 20184,
            "year": 2018,
            "quarter": 4,
            "eps": 5.24,
            "eps_growth_year": 66.78,
            "eps_4q": 14.29,
            "eps_4q_growth_year": 17.05,
            "roe": 5.59,
            "gross_profit": 578298,
            "gross_margin": 40.92,
            "net_income": 407025,
            "revenue": 1413255,
            "common_shares": 780000,
            "equity": 7517693,
            "current_ratio": 258.65,
            "debt_ratio": 26.81,
            "inventory_turnover_ratio": 2.69,
            "account_receivable_turnover_ratio": 2.37,
            "reinvestment_rate": 47,
            "research_to_sale_ratio": 0.41,
            "price_fair": 418.61,
            "eps_avg_yearly": 14.67,
            "eps_latest_yearly": 20.96,
            "eps_growth_yearly": 18.54
        },
        "20191": {
            "year_quarter": 20191,
            "year": 2019,
            "quarter": 1,
            "eps": 3.26,
            "eps_growth_year": 10.88,
            "eps_4q": 14.6,
            "eps_4q_growth_year": 17.21,
            "roe": 3.21,
            "gross_profit": 446559,
            "gross_margin": 40.15,
            "net_income": 248560,
            "revenue": 1112106,
            "common_shares": 780000,
            "equity": 7948169,
            "current_ratio": 279.29,
            "debt_ratio": 24.84,
            "inventory_turnover_ratio": 2.02,
            "account_receivable_turnover_ratio": 1.95,
            "reinvestment_rate": 47.99,
            "research_to_sale_ratio": 0.6,
            "price_fair": 261.24,
            "eps_avg_yearly": 14.57,
            "eps_latest_yearly": 13.04,
            "eps_growth_yearly": 7.94
        },
        "20192": {
            "year_quarter": 20192,
            "year": 2019,
            "quarter": 2,
            "eps": 3.34,
            "eps_growth_year": 16.78,
            "eps_4q": 11.77,
            "eps_4q_growth_year": -3.57,
            "roe": 3.07,
            "gross_profit": 519830,
            "gross_margin": 40.87,
            "net_income": 242686,
            "revenue": 1271770,
            "common_shares": 780000,
            "equity": 7872712,
            "current_ratio": 307.26,
            "debt_ratio": 26.07,
            "inventory_turnover_ratio": 2.16,
            "account_receivable_turnover_ratio": 2.34,
            "reinvestment_rate": 44.42,
            "research_to_sale_ratio": 0.38,
            "price_fair": 285.31,
            "eps_avg_yearly": 14.53,
            "eps_latest_yearly": 13.36,
            "eps_growth_yearly": 9.64
        },
        "20193": {
            "year_quarter": 20193,
            "year": 2019,
            "quarter": 3,
            "eps": 2.32,
            "eps_growth_year": -28.4,
            "eps_4q": 11.05,
            "eps_4q_growth_year": -9.31,
            "roe": 2.21,
            "gross_profit": 547805,
            "gross_margin": 41.47,
            "net_income": 172751,
            "revenue": 1321005,
            "common_shares": 780000,
            "equity": 7782195,
            "current_ratio": 327.77,
            "debt_ratio": 25.23,
            "inventory_turnover_ratio": 2.21,
            "account_receivable_turnover_ratio": 2.35,
            "reinvestment_rate": 39.12,
            "research_to_sale_ratio": 0.57,
            "price_fair": 42.29,
            "eps_avg_yearly": 14.1,
            "eps_latest_yearly": 9.28,
            "eps_growth_yearly": -1.78
        },
        "20194": {
            "year_quarter": 20194,
            "year": 2019,
            "quarter": 4,
            "eps": 2.5,
            "eps_growth_year": -52.38,
            "eps_4q": 9.46,
            "eps_4q_growth_year": -33.8,
            "roe": 3.06,
            "gross_profit": 564086,
            "gross_margin": 40.79,
            "net_income": 240280,
            "revenue": 1382912,
            "common_shares": 1000000,
            "equity": 7927071,
            "current_ratio": 356.74,
            "debt_ratio": 23.51,
            "inventory_turnover_ratio": 2.35,
            "account_receivable_turnover_ratio": 2.39,
            "reinvestment_rate": 32.64,
            "research_to_sale_ratio": 0.56,
            "price_fair": 40.21,
            "eps_avg_yearly": 13.4,
            "eps_latest_yearly": 10,
            "eps_growth_yearly": -7.59
        },
        "20201": {
            "year_quarter": 20201,
            "year": 2020,
            "quarter": 1,
            "eps": 1.7,
            "eps_growth_year": -47.85,
            "eps_4q": 8.6,
            "eps_4q_growth_year": -41.08,
            "roe": 1.69,
            "gross_profit": 430999,
            "gross_margin": 39.53,
            "net_income": 133916,
            "revenue": 1090252,
            "common_shares": 1000000,
            "equity": 7883279,
            "current_ratio": 376.98,
            "debt_ratio": 23.18,
            "inventory_turnover_ratio": 1.96,
            "account_receivable_turnover_ratio": 1.96,
            "reinvestment_rate": 33.49,
            "research_to_sale_ratio": 0.68,
            "price_fair": 38.92,
            "eps_avg_yearly": 12.97,
            "eps_latest_yearly": 6.8,
            "eps_growth_yearly": -6.79
        }
    },
    "months": {
        "2015-03": {
            "month": "2015-03",
            "price": "165.30",
            "revenue": 368607
        },
        "2015-04": {
            "month": "2015-04",
            "price": "166.80",
            "revenue": 358227
        },
        "2015-05": {
            "month": "2015-05",
            "price": "163.38",
            "revenue": 348929
        },
        "2015-06": {
            "month": "2015-06",
            "price": "172.57",
            "revenue": 361040
        },
        "2015-07": {
            "month": "2015-07",
            "price": "168.27",
            "revenue": 367521
        },
        "2015-08": {
            "month": "2015-08",
            "price": "160.50",
            "revenue": 374737
        },
        "2015-09": {
            "month": "2015-09",
            "price": "178.98",
            "revenue": 381847
        },
        "2015-10": {
            "month": "2015-10",
            "price": "258.67",
            "revenue": 398597
        },
        "2015-11": {
            "month": "2015-11",
            "price": "362.86",
            "revenue": 405408
        },
        "2015-12": {
            "month": "2015-12",
            "price": "367.07",
            "revenue": 425043
        },
        "2016-01": {
            "month": "2016-01",
            "price": "312.48",
            "revenue": 323756
        },
        "2016-02": {
            "month": "2016-02",
            "price": "365.08",
            "revenue": 304406
        },
        "2016-03": {
            "month": "2016-03",
            "price": "373.87",
            "revenue": 372745
        },
        "2016-04": {
            "month": "2016-04",
            "price": "368.32",
            "revenue": 371094
        },
        "2016-05": {
            "month": "2016-05",
            "price": "348.00",
            "revenue": 370934
        },
        "2016-06": {
            "month": "2016-06",
            "price": "372.33",
            "revenue": 368289
        },
        "2016-07": {
            "month": "2016-07",
            "price": "481.50",
            "revenue": 361029
        },
        "2016-08": {
            "month": "2016-08",
            "price": "493.11",
            "revenue": 359126
        },
        "2016-09": {
            "month": "2016-09",
            "price": "465.53",
            "revenue": 357460
        },
        "2016-10": {
            "month": "2016-10",
            "price": "474.68",
            "revenue": 371273
        },
        "2016-11": {
            "month": "2016-11",
            "price": "419.57",
            "revenue": 373222
        },
        "2016-12": {
            "month": "2016-12",
            "price": "438.66",
            "revenue": 390777
        },
        "2017-01": {
            "month": "2017-01",
            "price": "425.91",
            "revenue": 262142
        },
        "2017-02": {
            "month": "2017-02",
            "price": "464.22",
            "revenue": 299601
        },
        "2017-03": {
            "month": "2017-03",
            "price": "471.46",
            "revenue": 335280
        },
        "2017-04": {
            "month": "2017-04",
            "price": "469.25",
            "revenue": 344264
        },
        "2017-05": {
            "month": "2017-05",
            "price": "470.42",
            "revenue": 342322
        },
        "2017-06": {
            "month": "2017-06",
            "price": "463.33",
            "revenue": 347927
        },
        "2017-07": {
            "month": "2017-07",
            "price": "434.12",
            "revenue": 355911
        },
        "2017-08": {
            "month": "2017-08",
            "price": "423.20",
            "revenue": 368294
        },
        "2017-09": {
            "month": "2017-09",
            "price": "419.32",
            "revenue": 381160
        },
        "2017-10": {
            "month": "2017-10",
            "price": "455.45",
            "revenue": 384226
        },
        "2017-11": {
            "month": "2017-11",
            "price": "431.82",
            "revenue": 437823
        },
        "2017-12": {
            "month": "2017-12",
            "price": "414.93",
            "revenue": 445223
        },
        "2018-01": {
            "month": "2018-01",
            "price": "396.32",
            "revenue": 361527
        },
        "2018-02": {
            "month": "2018-02",
            "price": "372.88",
            "revenue": 351353
        },
        "2018-03": {
            "month": "2018-03",
            "price": "384.54",
            "revenue": 410349
        },
        "2018-04": {
            "month": "2018-04",
            "price": "393.81",
            "revenue": 420332
        },
        "2018-05": {
            "month": "2018-05",
            "price": "392.43",
            "revenue": 434182
        },
        "2018-06": {
            "month": "2018-06",
            "price": "378.02",
            "revenue": 443122
        },
        "2018-07": {
            "month": "2018-07",
            "price": "376.16",
            "revenue": 441769
        },
        "2018-08": {
            "month": "2018-08",
            "price": "370.59",
            "revenue": 444799
        },
        "2018-09": {
            "month": "2018-09",
            "price": "392.84",
            "revenue": 453745
        },
        "2018-10": {
            "month": "2018-10",
            "price": "442.82",
            "revenue": 459860
        },
        "2018-11": {
            "month": "2018-11",
            "price": "152.91",
            "revenue": 468628
        },
        "2018-12": {
            "month": "2018-12",
            "price": "161.36",
            "revenue": 480628
        },
        "2019-01": {
            "month": "2019-01",
            "price": "165.26",
            "revenue": 356916
        },
        "2019-02": {
            "month": "2019-02",
            "price": "210.69",
            "revenue": 348177
        },
        "2019-03": {
            "month": "2019-03",
            "price": "228.90",
            "revenue": 407345
        },
        "2019-04": {
            "month": "2019-04",
            "price": "230.22",
            "revenue": 417729
        },
        "2019-05": {
            "month": "2019-05",
            "price": "222.05",
            "revenue": 421606
        },
        "2019-06": {
            "month": "2019-06",
            "price": "219.66",
            "revenue": 431949
        },
        "2019-07": {
            "month": "2019-07",
            "price": "232.22",
            "revenue": 436095
        },
        "2019-08": {
            "month": "2019-08",
            "price": "220.19",
            "revenue": 437220
        },
        "2019-09": {
            "month": "2019-09",
            "price": "216.21",
            "revenue": 444882
        },
        "2019-10": {
            "month": "2019-10",
            "price": "220.71",
            "revenue": 449527
        },
        "2019-11": {
            "month": "2019-11",
            "price": "251.81",
            "revenue": 460914
        },
        "2019-12": {
            "month": "2019-12",
            "price": "213.23",
            "revenue": 465788
        },
        "2020-01": {
            "month": "2020-01",
            "price": "222.10",
            "revenue": 306401
        },
        "2020-02": {
            "month": "2020-02",
            "price": "219.11",
            "revenue": 374307
        },
        "2020-03": {
            "month": "2020-03",
            "price": "170.59",
            "revenue": 409295
        },
        "2020-04": {
            "month": "2020-04",
            "price": "155.15",
            "revenue": 397880
        },
        "2020-05": {
            "month": "2020-05",
            "price": "154.95",
            "revenue": 386839
        },
        "2020-06": {
            "month": "2020-06",
            "price": "158.18",
            "revenue": 382561
        },
        "2020-07": {
            "month": "2020-07",
            "price": "147.09",
            "revenue": 356200
        }
    }
}
