{
    "summary": {
        "stock_name": "GIS-KY",
        "stock_id": "6456",
        "category": "光電",
        "main_business": "觸控及顯示模組之生產及銷售業務",
        "website_url": "http://www.gis-touch.com",
        "ceo": "徐同炤",
        "pe_ratio": 17,
        "report_year_from": 2015,
        "report_year_to": 2023,
        "age": 8,
        "eps_negative_percentage": 11,
        "eps_growth_avg": {
            "last_all": 11.12,
            "last_2y": 2.1,
            "last_4y": -10.6,
            "last_8y": null,
            "last_12y": null,
            "last_16y": null,
            "last_20y": null,
            "at_2006_last_3y": null,
            "at_2007_last_3y": null,
            "at_2008_last_3y": null,
            "at_2009_last_3y": null,
            "at_2010_last_3y": null,
            "at_2011_last_3y": null,
            "at_2012_last_3y": null,
            "at_2013_last_3y": null,
            "at_2014_last_3y": null,
            "at_2015_last_3y": null,
            "at_2016_last_3y": null,
            "at_2017_last_3y": null,
            "at_2018_last_3y": null,
            "at_2019_last_3y": 17.88,
            "at_2020_last_3y": 12.74,
            "at_2021_last_3y": -7.92,
            "at_2022_last_3y": -2.16,
            "at_2023_last_3y": -2.16,
            "at_2006_last_all": null,
            "at_2007_last_all": null,
            "at_2008_last_all": null,
            "at_2009_last_all": null,
            "at_2010_last_all": null,
            "at_2011_last_all": null,
            "at_2012_last_all": null,
            "at_2013_last_all": null,
            "at_2014_last_all": null,
            "at_2015_last_all": null,
            "at_2016_last_all": null,
            "at_2017_last_all": 65.42,
            "at_2018_last_all": 28.82,
            "at_2019_last_all": 17.88,
            "at_2020_last_all": 16.36,
            "at_2021_last_all": 16.53,
            "at_2022_last_all": 11.12,
            "at_2023_last_all": 11.12
        },
        "latest_eps": 3.62,
        "latest_price": 62.5,
        "latest_roe": 3.68,
        "latest_gross_margin": 5.3,
        "latest_equity": 30300994,
        "latest_revenue": 20661507,
        "latest_gross_profit": 1094321,
        "latest_net_income": 114068,
        "latest_debt_ratio": 57.24,
        "latest_current_ratio": 191.7,
        "latest_account_receivable_turnover_ratio": 1.22,
        "latest_inventory_turnover_ratio": 1.67,
        "latest_reinvestment_rate": -35.22,
        "latest_research_to_sale_ratio": 4.16
    },
    "eps_dividends": {
        "2001": {
            "cash": 0,
            "stock": 0,
            "eps": 0
        },
        "2002": {
            "cash": 0,
            "stock": 0,
            "eps": 0
        },
        "2003": {
            "cash": 0,
            "stock": 0,
            "eps": 0
        },
        "2004": {
            "cash": 0,
            "stock": 0,
            "eps": 0
        },
        "2005": {
            "cash": 0,
            "stock": 0,
            "eps": 0
        },
        "2006": {
            "cash": 0,
            "stock": 0,
            "eps": 0
        },
        "2007": {
            "cash": 0,
            "stock": 0,
            "eps": 0
        },
        "2008": {
            "cash": 0,
            "stock": 0,
            "eps": 0
        },
        "2009": {
            "cash": 0,
            "stock": 0,
            "eps": 0
        },
        "2010": {
            "cash": 0,
            "stock": 0,
            "eps": 0
        },
        "2011": {
            "cash": 0,
            "stock": 0,
            "eps": 0
        },
        "2012": {
            "cash": 0,
            "stock": 0,
            "eps": 0
        },
        "2013": {
            "cash": 0,
            "stock": 0,
            "eps": 0
        },
        "2014": {
            "cash": 0,
            "stock": 0,
            "eps": 0
        },
        "2015": {
            "cash": 2,
            "stock": 0,
            "eps": 7.2
        },
        "2016": {
            "cash": 3,
            "stock": 0,
            "eps": 9.42
        },
        "2017": {
            "cash": 4,
            "stock": 0,
            "eps": 21.18
        },
        "2018": {
            "cash": 9,
            "stock": 0,
            "eps": 11.78
        },
        "2019": {
            "cash": 4,
            "stock": 0,
            "eps": 10.02
        },
        "2020": {
            "cash": 3.5,
            "stock": 0,
            "eps": 11.05
        },
        "2021": {
            "cash": 4,
            "stock": 0,
            "eps": 12.97
        },
        "2022": {
            "cash": 5,
            "stock": 0,
            "eps": 10.2
        },
        "2023": {
            "cash": 3.5,
            "stock": 0,
            "eps": -3.07
        }
    },
    "dividends": {
        "2015-02-26": {
            "cash": 2,
            "stock": 0
        },
        "2016-07-18": {
            "cash": 3,
            "stock": 0
        },
        "2017-07-13": {
            "cash": 4,
            "stock": 0
        },
        "2018-07-20": {
            "cash": 9,
            "stock": 0
        },
        "2019-07-19": {
            "cash": 4,
            "stock": 0
        },
        "2020-08-14": {
            "cash": 3.5,
            "stock": 0
        },
        "2021-06-28": {
            "cash": 4,
            "stock": 0
        },
        "2022-06-29": {
            "cash": 5,
            "stock": 0
        },
        "2023-06-29": {
            "cash": 3.5,
            "stock": 0
        }
    },
    "prices": {
        "200101": "無",
        "200102": "無",
        "200103": "無",
        "200104": "無",
        "200105": "無",
        "200106": "無",
        "200107": "無",
        "200108": "無",
        "200109": "無",
        "200110": "無",
        "200111": "無",
        "200112": "無",
        "200201": "無",
        "200202": "無",
        "200203": "無",
        "200204": "無",
        "200205": "無",
        "200206": "無",
        "200207": "無",
        "200208": "無",
        "200209": "無",
        "200210": "無",
        "200211": "無",
        "200212": "無",
        "200301": "無",
        "200302": "無",
        "200303": "無",
        "200304": "無",
        "200305": "無",
        "200306": "無",
        "200307": "無",
        "200308": "無",
        "200309": "無",
        "200310": "無",
        "200311": "無",
        "200312": "無",
        "200401": "無",
        "200402": "無",
        "200403": "無",
        "200404": "無",
        "200405": "無",
        "200406": "無",
        "200407": "無",
        "200408": "無",
        "200409": "無",
        "200410": "無",
        "200411": "無",
        "200412": "無",
        "200501": "無",
        "200502": "無",
        "200503": "無",
        "200504": "無",
        "200505": "無",
        "200506": "無",
        "200507": "無",
        "200508": "無",
        "200509": "無",
        "200510": "無",
        "200511": "無",
        "200512": "無",
        "200601": "無",
        "200602": "無",
        "200603": "無",
        "200604": "無",
        "200605": "無",
        "200606": "無",
        "200607": "無",
        "200608": "無",
        "200609": "無",
        "200610": "無",
        "200611": "無",
        "200612": "無",
        "200701": "無",
        "200702": "無",
        "200703": "無",
        "200704": "無",
        "200705": "無",
        "200706": "無",
        "200707": "無",
        "200708": "無",
        "200709": "無",
        "200710": "無",
        "200711": "無",
        "200712": "無",
        "200801": "無",
        "200802": "無",
        "200803": "無",
        "200804": "無",
        "200805": "無",
        "200806": "無",
        "200807": "無",
        "200808": "無",
        "200809": "無",
        "200810": "無",
        "200811": "無",
        "200812": "無",
        "200901": "無",
        "200902": "無",
        "200903": "無",
        "200904": "無",
        "200905": "無",
        "200906": "無",
        "200907": "無",
        "200908": "無",
        "200909": "無",
        "200910": "無",
        "200911": "無",
        "200912": "無",
        "201001": "無",
        "201002": "無",
        "201003": "無",
        "201004": "無",
        "201005": "無",
        "201006": "無",
        "201007": "無",
        "201008": "無",
        "201009": "無",
        "201010": "無",
        "201011": "無",
        "201012": "無",
        "201101": "無",
        "201102": "無",
        "201103": "無",
        "201104": "無",
        "201105": "無",
        "201106": "無",
        "201107": "無",
        "201108": "無",
        "201109": "無",
        "201110": "無",
        "201111": "無",
        "201112": "無",
        "201201": "無",
        "201202": "無",
        "201203": "無",
        "201204": "無",
        "201205": "無",
        "201206": "無",
        "201207": "無",
        "201208": "無",
        "201209": "無",
        "201210": "無",
        "201211": "無",
        "201212": "無",
        "201301": "無",
        "201302": "無",
        "201303": "無",
        "201304": "無",
        "201305": "無",
        "201306": "無",
        "201307": "無",
        "201308": "無",
        "201309": "無",
        "201310": "無",
        "201311": "無",
        "201312": "無",
        "201401": "無",
        "201402": "無",
        "201403": "無",
        "201404": "無",
        "201405": "無",
        "201406": "無",
        "201407": "無",
        "201408": "無",
        "201409": "無",
        "201410": "無",
        "201411": "無",
        "201412": "無",
        "201501": "無",
        "201502": "無",
        "201503": "無",
        "201504": "無",
        "201505": "無",
        "201506": "128.12",
        "201507": "143.07",
        "201508": "117.12",
        "201509": "124.68",
        "201510": "125.36",
        "201511": "138.86",
        "201512": "124.04",
        "201601": "92.25",
        "201602": "97.84",
        "201603": "116.00",
        "201604": "99.67",
        "201605": "82.60",
        "201606": "83.80",
        "201607": "80.70",
        "201608": "81.76",
        "201609": "80.83",
        "201610": "85.16",
        "201611": "85.83",
        "201612": "90.57",
        "201701": "92.31",
        "201702": "118.44",
        "201703": "139.54",
        "201704": "145.28",
        "201705": "207.75",
        "201706": "225.04",
        "201707": "253.88",
        "201708": "322.63",
        "201709": "327.95",
        "201710": "292.39",
        "201711": "255.09",
        "201712": "214.62",
        "201801": "200.05",
        "201802": "179.54",
        "201803": "177.26",
        "201804": "173.94",
        "201805": "186.30",
        "201806": "205.10",
        "201807": "190.61",
        "201808": "197.57",
        "201809": "140.66",
        "201810": "113.66",
        "201811": "95.83",
        "201812": "95.24",
        "201901": "96.05",
        "201902": "109.08",
        "201903": "118.45",
        "201904": "124.12",
        "201905": "100.34",
        "201906": "101.62",
        "201907": "109.24",
        "201908": "111.76",
        "201909": "107.13",
        "201910": "111.69",
        "201911": "105.61",
        "201912": "109.36",
        "202001": "108.10",
        "202002": "100.88",
        "202003": "81.47",
        "202004": "87.12",
        "202005": "101.84",
        "202006": "115.15",
        "202007": "123.33",
        "202008": "129.36",
        "202009": "130.27",
        "202010": "121.89",
        "202011": "111.90",
        "202012": "114.00",
        "202101": "117.45",
        "202102": "111.15",
        "202103": "123.43",
        "202104": "124.92",
        "202105": "101.91",
        "202106": "108.36",
        "202107": "121.59",
        "202108": "109.07",
        "202109": "101.30",
        "202110": "93.89",
        "202111": "100.39",
        "202112": "102.93",
        "202201": "100.12",
        "202202": "93.83",
        "202203": "93.61",
        "202204": "94.42",
        "202205": "87.33",
        "202206": "82.30",
        "202207": "74.77",
        "202208": "77.89",
        "202209": "79.29",
        "202210": "80.80",
        "202211": "86.79",
        "202212": "91.88",
        "202301": "83.67",
        "202302": "85.89",
        "202303": "82.90",
        "202304": "81.67",
        "202305": "75.79",
        "202306": "74.86",
        "202307": "69.30",
        "202308": "64.25",
        "202309": "62.36"
    },
    "quarters": {
        "20011": {
            "year_quarter": 20011,
            "year": 2001,
            "quarter": 1,
            "eps": null,
            "eps_growth_year": null,
            "eps_4q": null,
            "eps_4q_growth_year": null,
            "roe": null,
            "roe_4q": 0,
            "gross_profit": null,
            "gross_margin": null,
            "gross_margin_4q_avg": 0,
            "net_income": null,
            "revenue": null,
            "common_shares": null,
            "book_valuer_per_share": null,
            "book_valuer_per_share_4q_avg": 0,
            "equity": null,
            "current_ratio": null,
            "debt_ratio": null,
            "inventory_turnover_ratio": null,
            "account_receivable_turnover_ratio": null,
            "reinvestment_rate": null,
            "research_to_sale_ratio": null,
            "price_fair": 0,
            "eps_avg_yearly": 0,
            "eps_latest_yearly": 0,
            "eps_growth_yearly": 0
        },
        "20012": {
            "year_quarter": 20012,
            "year": 2001,
            "quarter": 2,
            "eps": null,
            "eps_growth_year": null,
            "eps_4q": null,
            "eps_4q_growth_year": null,
            "roe": null,
            "roe_4q": 0,
            "gross_profit": null,
            "gross_margin": null,
            "gross_margin_4q_avg": 0,
            "net_income": null,
            "revenue": null,
            "common_shares": null,
            "book_valuer_per_share": null,
            "book_valuer_per_share_4q_avg": 0,
            "equity": null,
            "current_ratio": null,
            "debt_ratio": null,
            "inventory_turnover_ratio": null,
            "account_receivable_turnover_ratio": null,
            "reinvestment_rate": null,
            "research_to_sale_ratio": null,
            "price_fair": 0,
            "eps_avg_yearly": 0,
            "eps_latest_yearly": 0,
            "eps_growth_yearly": 0
        },
        "20013": {
            "year_quarter": 20013,
            "year": 2001,
            "quarter": 3,
            "eps": null,
            "eps_growth_year": null,
            "eps_4q": null,
            "eps_4q_growth_year": null,
            "roe": null,
            "roe_4q": 0,
            "gross_profit": null,
            "gross_margin": null,
            "gross_margin_4q_avg": 0,
            "net_income": null,
            "revenue": null,
            "common_shares": null,
            "book_valuer_per_share": null,
            "book_valuer_per_share_4q_avg": 0,
            "equity": null,
            "current_ratio": null,
            "debt_ratio": null,
            "inventory_turnover_ratio": null,
            "account_receivable_turnover_ratio": null,
            "reinvestment_rate": null,
            "research_to_sale_ratio": null,
            "price_fair": 0,
            "eps_avg_yearly": 0,
            "eps_latest_yearly": 0,
            "eps_growth_yearly": 0
        },
        "20014": {
            "year_quarter": 20014,
            "year": 2001,
            "quarter": 4,
            "eps": null,
            "eps_growth_year": null,
            "eps_4q": null,
            "eps_4q_growth_year": null,
            "roe": null,
            "roe_4q": 0,
            "gross_profit": null,
            "gross_margin": null,
            "gross_margin_4q_avg": 0,
            "net_income": null,
            "revenue": null,
            "common_shares": null,
            "book_valuer_per_share": null,
            "book_valuer_per_share_4q_avg": 0,
            "equity": null,
            "current_ratio": null,
            "debt_ratio": null,
            "inventory_turnover_ratio": null,
            "account_receivable_turnover_ratio": null,
            "reinvestment_rate": null,
            "research_to_sale_ratio": null,
            "price_fair": 0,
            "eps_avg_yearly": 0,
            "eps_latest_yearly": 0,
            "eps_growth_yearly": 0
        },
        "20021": {
            "year_quarter": 20021,
            "year": 2002,
            "quarter": 1,
            "eps": null,
            "eps_growth_year": null,
            "eps_4q": null,
            "eps_4q_growth_year": null,
            "roe": null,
            "roe_4q": 0,
            "gross_profit": null,
            "gross_margin": null,
            "gross_margin_4q_avg": 0,
            "net_income": null,
            "revenue": null,
            "common_shares": null,
            "book_valuer_per_share": null,
            "book_valuer_per_share_4q_avg": 0,
            "equity": null,
            "current_ratio": null,
            "debt_ratio": null,
            "inventory_turnover_ratio": null,
            "account_receivable_turnover_ratio": null,
            "reinvestment_rate": null,
            "research_to_sale_ratio": null,
            "price_fair": 0,
            "eps_avg_yearly": 0,
            "eps_latest_yearly": 0,
            "eps_growth_yearly": 0
        },
        "20022": {
            "year_quarter": 20022,
            "year": 2002,
            "quarter": 2,
            "eps": null,
            "eps_growth_year": null,
            "eps_4q": null,
            "eps_4q_growth_year": null,
            "roe": null,
            "roe_4q": 0,
            "gross_profit": null,
            "gross_margin": null,
            "gross_margin_4q_avg": 0,
            "net_income": null,
            "revenue": null,
            "common_shares": null,
            "book_valuer_per_share": null,
            "book_valuer_per_share_4q_avg": 0,
            "equity": null,
            "current_ratio": null,
            "debt_ratio": null,
            "inventory_turnover_ratio": null,
            "account_receivable_turnover_ratio": null,
            "reinvestment_rate": null,
            "research_to_sale_ratio": null,
            "price_fair": 0,
            "eps_avg_yearly": 0,
            "eps_latest_yearly": 0,
            "eps_growth_yearly": 0
        },
        "20023": {
            "year_quarter": 20023,
            "year": 2002,
            "quarter": 3,
            "eps": null,
            "eps_growth_year": null,
            "eps_4q": null,
            "eps_4q_growth_year": null,
            "roe": null,
            "roe_4q": 0,
            "gross_profit": null,
            "gross_margin": null,
            "gross_margin_4q_avg": 0,
            "net_income": null,
            "revenue": null,
            "common_shares": null,
            "book_valuer_per_share": null,
            "book_valuer_per_share_4q_avg": 0,
            "equity": null,
            "current_ratio": null,
            "debt_ratio": null,
            "inventory_turnover_ratio": null,
            "account_receivable_turnover_ratio": null,
            "reinvestment_rate": null,
            "research_to_sale_ratio": null,
            "price_fair": 0,
            "eps_avg_yearly": 0,
            "eps_latest_yearly": 0,
            "eps_growth_yearly": 0
        },
        "20024": {
            "year_quarter": 20024,
            "year": 2002,
            "quarter": 4,
            "eps": null,
            "eps_growth_year": null,
            "eps_4q": null,
            "eps_4q_growth_year": null,
            "roe": null,
            "roe_4q": 0,
            "gross_profit": null,
            "gross_margin": null,
            "gross_margin_4q_avg": 0,
            "net_income": null,
            "revenue": null,
            "common_shares": null,
            "book_valuer_per_share": null,
            "book_valuer_per_share_4q_avg": 0,
            "equity": null,
            "current_ratio": null,
            "debt_ratio": null,
            "inventory_turnover_ratio": null,
            "account_receivable_turnover_ratio": null,
            "reinvestment_rate": null,
            "research_to_sale_ratio": null,
            "price_fair": 0,
            "eps_avg_yearly": 0,
            "eps_latest_yearly": 0,
            "eps_growth_yearly": 0
        },
        "20031": {
            "year_quarter": 20031,
            "year": 2003,
            "quarter": 1,
            "eps": null,
            "eps_growth_year": null,
            "eps_4q": null,
            "eps_4q_growth_year": null,
            "roe": null,
            "roe_4q": 0,
            "gross_profit": null,
            "gross_margin": null,
            "gross_margin_4q_avg": 0,
            "net_income": null,
            "revenue": null,
            "common_shares": null,
            "book_valuer_per_share": null,
            "book_valuer_per_share_4q_avg": 0,
            "equity": null,
            "current_ratio": null,
            "debt_ratio": null,
            "inventory_turnover_ratio": null,
            "account_receivable_turnover_ratio": null,
            "reinvestment_rate": null,
            "research_to_sale_ratio": null,
            "price_fair": 0,
            "eps_avg_yearly": 0,
            "eps_latest_yearly": 0,
            "eps_growth_yearly": 0
        },
        "20032": {
            "year_quarter": 20032,
            "year": 2003,
            "quarter": 2,
            "eps": null,
            "eps_growth_year": null,
            "eps_4q": null,
            "eps_4q_growth_year": null,
            "roe": null,
            "roe_4q": 0,
            "gross_profit": null,
            "gross_margin": null,
            "gross_margin_4q_avg": 0,
            "net_income": null,
            "revenue": null,
            "common_shares": null,
            "book_valuer_per_share": null,
            "book_valuer_per_share_4q_avg": 0,
            "equity": null,
            "current_ratio": null,
            "debt_ratio": null,
            "inventory_turnover_ratio": null,
            "account_receivable_turnover_ratio": null,
            "reinvestment_rate": null,
            "research_to_sale_ratio": null,
            "price_fair": 0,
            "eps_avg_yearly": 0,
            "eps_latest_yearly": 0,
            "eps_growth_yearly": 0
        },
        "20033": {
            "year_quarter": 20033,
            "year": 2003,
            "quarter": 3,
            "eps": null,
            "eps_growth_year": null,
            "eps_4q": null,
            "eps_4q_growth_year": null,
            "roe": null,
            "roe_4q": 0,
            "gross_profit": null,
            "gross_margin": null,
            "gross_margin_4q_avg": 0,
            "net_income": null,
            "revenue": null,
            "common_shares": null,
            "book_valuer_per_share": null,
            "book_valuer_per_share_4q_avg": 0,
            "equity": null,
            "current_ratio": null,
            "debt_ratio": null,
            "inventory_turnover_ratio": null,
            "account_receivable_turnover_ratio": null,
            "reinvestment_rate": null,
            "research_to_sale_ratio": null,
            "price_fair": 0,
            "eps_avg_yearly": 0,
            "eps_latest_yearly": 0,
            "eps_growth_yearly": 0
        },
        "20034": {
            "year_quarter": 20034,
            "year": 2003,
            "quarter": 4,
            "eps": null,
            "eps_growth_year": null,
            "eps_4q": null,
            "eps_4q_growth_year": null,
            "roe": null,
            "roe_4q": 0,
            "gross_profit": null,
            "gross_margin": null,
            "gross_margin_4q_avg": 0,
            "net_income": null,
            "revenue": null,
            "common_shares": null,
            "book_valuer_per_share": null,
            "book_valuer_per_share_4q_avg": 0,
            "equity": null,
            "current_ratio": null,
            "debt_ratio": null,
            "inventory_turnover_ratio": null,
            "account_receivable_turnover_ratio": null,
            "reinvestment_rate": null,
            "research_to_sale_ratio": null,
            "price_fair": 0,
            "eps_avg_yearly": 0,
            "eps_latest_yearly": 0,
            "eps_growth_yearly": 0
        },
        "20041": {
            "year_quarter": 20041,
            "year": 2004,
            "quarter": 1,
            "eps": null,
            "eps_growth_year": null,
            "eps_4q": null,
            "eps_4q_growth_year": null,
            "roe": null,
            "roe_4q": 0,
            "gross_profit": null,
            "gross_margin": null,
            "gross_margin_4q_avg": 0,
            "net_income": null,
            "revenue": null,
            "common_shares": null,
            "book_valuer_per_share": null,
            "book_valuer_per_share_4q_avg": 0,
            "equity": null,
            "current_ratio": null,
            "debt_ratio": null,
            "inventory_turnover_ratio": null,
            "account_receivable_turnover_ratio": null,
            "reinvestment_rate": null,
            "research_to_sale_ratio": null,
            "price_fair": 0,
            "eps_avg_yearly": 0,
            "eps_latest_yearly": 0,
            "eps_growth_yearly": 0
        },
        "20042": {
            "year_quarter": 20042,
            "year": 2004,
            "quarter": 2,
            "eps": null,
            "eps_growth_year": null,
            "eps_4q": null,
            "eps_4q_growth_year": null,
            "roe": null,
            "roe_4q": 0,
            "gross_profit": null,
            "gross_margin": null,
            "gross_margin_4q_avg": 0,
            "net_income": null,
            "revenue": null,
            "common_shares": null,
            "book_valuer_per_share": null,
            "book_valuer_per_share_4q_avg": 0,
            "equity": null,
            "current_ratio": null,
            "debt_ratio": null,
            "inventory_turnover_ratio": null,
            "account_receivable_turnover_ratio": null,
            "reinvestment_rate": null,
            "research_to_sale_ratio": null,
            "price_fair": 0,
            "eps_avg_yearly": 0,
            "eps_latest_yearly": 0,
            "eps_growth_yearly": 0
        },
        "20043": {
            "year_quarter": 20043,
            "year": 2004,
            "quarter": 3,
            "eps": null,
            "eps_growth_year": null,
            "eps_4q": null,
            "eps_4q_growth_year": null,
            "roe": null,
            "roe_4q": 0,
            "gross_profit": null,
            "gross_margin": null,
            "gross_margin_4q_avg": 0,
            "net_income": null,
            "revenue": null,
            "common_shares": null,
            "book_valuer_per_share": null,
            "book_valuer_per_share_4q_avg": 0,
            "equity": null,
            "current_ratio": null,
            "debt_ratio": null,
            "inventory_turnover_ratio": null,
            "account_receivable_turnover_ratio": null,
            "reinvestment_rate": null,
            "research_to_sale_ratio": null,
            "price_fair": 0,
            "eps_avg_yearly": 0,
            "eps_latest_yearly": 0,
            "eps_growth_yearly": 0
        },
        "20044": {
            "year_quarter": 20044,
            "year": 2004,
            "quarter": 4,
            "eps": null,
            "eps_growth_year": null,
            "eps_4q": null,
            "eps_4q_growth_year": null,
            "roe": null,
            "roe_4q": 0,
            "gross_profit": null,
            "gross_margin": null,
            "gross_margin_4q_avg": 0,
            "net_income": null,
            "revenue": null,
            "common_shares": null,
            "book_valuer_per_share": null,
            "book_valuer_per_share_4q_avg": 0,
            "equity": null,
            "current_ratio": null,
            "debt_ratio": null,
            "inventory_turnover_ratio": null,
            "account_receivable_turnover_ratio": null,
            "reinvestment_rate": null,
            "research_to_sale_ratio": null,
            "price_fair": 0,
            "eps_avg_yearly": 0,
            "eps_latest_yearly": 0,
            "eps_growth_yearly": 0
        },
        "20051": {
            "year_quarter": 20051,
            "year": 2005,
            "quarter": 1,
            "eps": null,
            "eps_growth_year": null,
            "eps_4q": null,
            "eps_4q_growth_year": null,
            "roe": null,
            "roe_4q": 0,
            "gross_profit": null,
            "gross_margin": null,
            "gross_margin_4q_avg": 0,
            "net_income": null,
            "revenue": null,
            "common_shares": null,
            "book_valuer_per_share": null,
            "book_valuer_per_share_4q_avg": 0,
            "equity": null,
            "current_ratio": null,
            "debt_ratio": null,
            "inventory_turnover_ratio": null,
            "account_receivable_turnover_ratio": null,
            "reinvestment_rate": null,
            "research_to_sale_ratio": null,
            "price_fair": 0,
            "eps_avg_yearly": 0,
            "eps_latest_yearly": 0,
            "eps_growth_yearly": 0
        },
        "20052": {
            "year_quarter": 20052,
            "year": 2005,
            "quarter": 2,
            "eps": null,
            "eps_growth_year": null,
            "eps_4q": null,
            "eps_4q_growth_year": null,
            "roe": null,
            "roe_4q": 0,
            "gross_profit": null,
            "gross_margin": null,
            "gross_margin_4q_avg": 0,
            "net_income": null,
            "revenue": null,
            "common_shares": null,
            "book_valuer_per_share": null,
            "book_valuer_per_share_4q_avg": 0,
            "equity": null,
            "current_ratio": null,
            "debt_ratio": null,
            "inventory_turnover_ratio": null,
            "account_receivable_turnover_ratio": null,
            "reinvestment_rate": null,
            "research_to_sale_ratio": null,
            "price_fair": 0,
            "eps_avg_yearly": 0,
            "eps_latest_yearly": 0,
            "eps_growth_yearly": 0
        },
        "20053": {
            "year_quarter": 20053,
            "year": 2005,
            "quarter": 3,
            "eps": null,
            "eps_growth_year": null,
            "eps_4q": null,
            "eps_4q_growth_year": null,
            "roe": null,
            "roe_4q": 0,
            "gross_profit": null,
            "gross_margin": null,
            "gross_margin_4q_avg": 0,
            "net_income": null,
            "revenue": null,
            "common_shares": null,
            "book_valuer_per_share": null,
            "book_valuer_per_share_4q_avg": 0,
            "equity": null,
            "current_ratio": null,
            "debt_ratio": null,
            "inventory_turnover_ratio": null,
            "account_receivable_turnover_ratio": null,
            "reinvestment_rate": null,
            "research_to_sale_ratio": null,
            "price_fair": 0,
            "eps_avg_yearly": 0,
            "eps_latest_yearly": 0,
            "eps_growth_yearly": 0
        },
        "20054": {
            "year_quarter": 20054,
            "year": 2005,
            "quarter": 4,
            "eps": null,
            "eps_growth_year": null,
            "eps_4q": null,
            "eps_4q_growth_year": null,
            "roe": null,
            "roe_4q": 0,
            "gross_profit": null,
            "gross_margin": null,
            "gross_margin_4q_avg": 0,
            "net_income": null,
            "revenue": null,
            "common_shares": null,
            "book_valuer_per_share": null,
            "book_valuer_per_share_4q_avg": 0,
            "equity": null,
            "current_ratio": null,
            "debt_ratio": null,
            "inventory_turnover_ratio": null,
            "account_receivable_turnover_ratio": null,
            "reinvestment_rate": null,
            "research_to_sale_ratio": null,
            "price_fair": 0,
            "eps_avg_yearly": 0,
            "eps_latest_yearly": 0,
            "eps_growth_yearly": 0
        },
        "20061": {
            "year_quarter": 20061,
            "year": 2006,
            "quarter": 1,
            "eps": null,
            "eps_growth_year": null,
            "eps_4q": null,
            "eps_4q_growth_year": null,
            "roe": null,
            "roe_4q": 0,
            "gross_profit": null,
            "gross_margin": null,
            "gross_margin_4q_avg": 0,
            "net_income": null,
            "revenue": null,
            "common_shares": null,
            "book_valuer_per_share": null,
            "book_valuer_per_share_4q_avg": 0,
            "equity": null,
            "current_ratio": null,
            "debt_ratio": null,
            "inventory_turnover_ratio": null,
            "account_receivable_turnover_ratio": null,
            "reinvestment_rate": null,
            "research_to_sale_ratio": null,
            "price_fair": 0,
            "eps_avg_yearly": 0,
            "eps_latest_yearly": 0,
            "eps_growth_yearly": 0
        },
        "20062": {
            "year_quarter": 20062,
            "year": 2006,
            "quarter": 2,
            "eps": null,
            "eps_growth_year": null,
            "eps_4q": null,
            "eps_4q_growth_year": null,
            "roe": null,
            "roe_4q": 0,
            "gross_profit": null,
            "gross_margin": null,
            "gross_margin_4q_avg": 0,
            "net_income": null,
            "revenue": null,
            "common_shares": null,
            "book_valuer_per_share": null,
            "book_valuer_per_share_4q_avg": 0,
            "equity": null,
            "current_ratio": null,
            "debt_ratio": null,
            "inventory_turnover_ratio": null,
            "account_receivable_turnover_ratio": null,
            "reinvestment_rate": null,
            "research_to_sale_ratio": null,
            "price_fair": 0,
            "eps_avg_yearly": 0,
            "eps_latest_yearly": 0,
            "eps_growth_yearly": 0
        },
        "20063": {
            "year_quarter": 20063,
            "year": 2006,
            "quarter": 3,
            "eps": null,
            "eps_growth_year": null,
            "eps_4q": null,
            "eps_4q_growth_year": null,
            "roe": null,
            "roe_4q": 0,
            "gross_profit": null,
            "gross_margin": null,
            "gross_margin_4q_avg": 0,
            "net_income": null,
            "revenue": null,
            "common_shares": null,
            "book_valuer_per_share": null,
            "book_valuer_per_share_4q_avg": 0,
            "equity": null,
            "current_ratio": null,
            "debt_ratio": null,
            "inventory_turnover_ratio": null,
            "account_receivable_turnover_ratio": null,
            "reinvestment_rate": null,
            "research_to_sale_ratio": null,
            "price_fair": 0,
            "eps_avg_yearly": 0,
            "eps_latest_yearly": 0,
            "eps_growth_yearly": 0
        },
        "20064": {
            "year_quarter": 20064,
            "year": 2006,
            "quarter": 4,
            "eps": null,
            "eps_growth_year": null,
            "eps_4q": null,
            "eps_4q_growth_year": null,
            "roe": null,
            "roe_4q": 0,
            "gross_profit": null,
            "gross_margin": null,
            "gross_margin_4q_avg": 0,
            "net_income": null,
            "revenue": null,
            "common_shares": null,
            "book_valuer_per_share": null,
            "book_valuer_per_share_4q_avg": 0,
            "equity": null,
            "current_ratio": null,
            "debt_ratio": null,
            "inventory_turnover_ratio": null,
            "account_receivable_turnover_ratio": null,
            "reinvestment_rate": null,
            "research_to_sale_ratio": null,
            "price_fair": 0,
            "eps_avg_yearly": 0,
            "eps_latest_yearly": 0,
            "eps_growth_yearly": 0
        },
        "20071": {
            "year_quarter": 20071,
            "year": 2007,
            "quarter": 1,
            "eps": null,
            "eps_growth_year": null,
            "eps_4q": null,
            "eps_4q_growth_year": null,
            "roe": null,
            "roe_4q": 0,
            "gross_profit": null,
            "gross_margin": null,
            "gross_margin_4q_avg": 0,
            "net_income": null,
            "revenue": null,
            "common_shares": null,
            "book_valuer_per_share": null,
            "book_valuer_per_share_4q_avg": 0,
            "equity": null,
            "current_ratio": null,
            "debt_ratio": null,
            "inventory_turnover_ratio": null,
            "account_receivable_turnover_ratio": null,
            "reinvestment_rate": null,
            "research_to_sale_ratio": null,
            "price_fair": 0,
            "eps_avg_yearly": 0,
            "eps_latest_yearly": 0,
            "eps_growth_yearly": 0
        },
        "20072": {
            "year_quarter": 20072,
            "year": 2007,
            "quarter": 2,
            "eps": null,
            "eps_growth_year": null,
            "eps_4q": null,
            "eps_4q_growth_year": null,
            "roe": null,
            "roe_4q": 0,
            "gross_profit": null,
            "gross_margin": null,
            "gross_margin_4q_avg": 0,
            "net_income": null,
            "revenue": null,
            "common_shares": null,
            "book_valuer_per_share": null,
            "book_valuer_per_share_4q_avg": 0,
            "equity": null,
            "current_ratio": null,
            "debt_ratio": null,
            "inventory_turnover_ratio": null,
            "account_receivable_turnover_ratio": null,
            "reinvestment_rate": null,
            "research_to_sale_ratio": null,
            "price_fair": 0,
            "eps_avg_yearly": 0,
            "eps_latest_yearly": 0,
            "eps_growth_yearly": 0
        },
        "20073": {
            "year_quarter": 20073,
            "year": 2007,
            "quarter": 3,
            "eps": null,
            "eps_growth_year": null,
            "eps_4q": null,
            "eps_4q_growth_year": null,
            "roe": null,
            "roe_4q": 0,
            "gross_profit": null,
            "gross_margin": null,
            "gross_margin_4q_avg": 0,
            "net_income": null,
            "revenue": null,
            "common_shares": null,
            "book_valuer_per_share": null,
            "book_valuer_per_share_4q_avg": 0,
            "equity": null,
            "current_ratio": null,
            "debt_ratio": null,
            "inventory_turnover_ratio": null,
            "account_receivable_turnover_ratio": null,
            "reinvestment_rate": null,
            "research_to_sale_ratio": null,
            "price_fair": 0,
            "eps_avg_yearly": 0,
            "eps_latest_yearly": 0,
            "eps_growth_yearly": 0
        },
        "20074": {
            "year_quarter": 20074,
            "year": 2007,
            "quarter": 4,
            "eps": null,
            "eps_growth_year": null,
            "eps_4q": null,
            "eps_4q_growth_year": null,
            "roe": null,
            "roe_4q": 0,
            "gross_profit": null,
            "gross_margin": null,
            "gross_margin_4q_avg": 0,
            "net_income": null,
            "revenue": null,
            "common_shares": null,
            "book_valuer_per_share": null,
            "book_valuer_per_share_4q_avg": 0,
            "equity": null,
            "current_ratio": null,
            "debt_ratio": null,
            "inventory_turnover_ratio": null,
            "account_receivable_turnover_ratio": null,
            "reinvestment_rate": null,
            "research_to_sale_ratio": null,
            "price_fair": 0,
            "eps_avg_yearly": 0,
            "eps_latest_yearly": 0,
            "eps_growth_yearly": 0
        },
        "20081": {
            "year_quarter": 20081,
            "year": 2008,
            "quarter": 1,
            "eps": null,
            "eps_growth_year": null,
            "eps_4q": null,
            "eps_4q_growth_year": null,
            "roe": null,
            "roe_4q": 0,
            "gross_profit": null,
            "gross_margin": null,
            "gross_margin_4q_avg": 0,
            "net_income": null,
            "revenue": null,
            "common_shares": null,
            "book_valuer_per_share": null,
            "book_valuer_per_share_4q_avg": 0,
            "equity": null,
            "current_ratio": null,
            "debt_ratio": null,
            "inventory_turnover_ratio": null,
            "account_receivable_turnover_ratio": null,
            "reinvestment_rate": null,
            "research_to_sale_ratio": null,
            "price_fair": 0,
            "eps_avg_yearly": 0,
            "eps_latest_yearly": 0,
            "eps_growth_yearly": 0
        },
        "20082": {
            "year_quarter": 20082,
            "year": 2008,
            "quarter": 2,
            "eps": null,
            "eps_growth_year": null,
            "eps_4q": null,
            "eps_4q_growth_year": null,
            "roe": null,
            "roe_4q": 0,
            "gross_profit": null,
            "gross_margin": null,
            "gross_margin_4q_avg": 0,
            "net_income": null,
            "revenue": null,
            "common_shares": null,
            "book_valuer_per_share": null,
            "book_valuer_per_share_4q_avg": 0,
            "equity": null,
            "current_ratio": null,
            "debt_ratio": null,
            "inventory_turnover_ratio": null,
            "account_receivable_turnover_ratio": null,
            "reinvestment_rate": null,
            "research_to_sale_ratio": null,
            "price_fair": 0,
            "eps_avg_yearly": 0,
            "eps_latest_yearly": 0,
            "eps_growth_yearly": 0
        },
        "20083": {
            "year_quarter": 20083,
            "year": 2008,
            "quarter": 3,
            "eps": null,
            "eps_growth_year": null,
            "eps_4q": null,
            "eps_4q_growth_year": null,
            "roe": null,
            "roe_4q": 0,
            "gross_profit": null,
            "gross_margin": null,
            "gross_margin_4q_avg": 0,
            "net_income": null,
            "revenue": null,
            "common_shares": null,
            "book_valuer_per_share": null,
            "book_valuer_per_share_4q_avg": 0,
            "equity": null,
            "current_ratio": null,
            "debt_ratio": null,
            "inventory_turnover_ratio": null,
            "account_receivable_turnover_ratio": null,
            "reinvestment_rate": null,
            "research_to_sale_ratio": null,
            "price_fair": 0,
            "eps_avg_yearly": 0,
            "eps_latest_yearly": 0,
            "eps_growth_yearly": 0
        },
        "20084": {
            "year_quarter": 20084,
            "year": 2008,
            "quarter": 4,
            "eps": null,
            "eps_growth_year": null,
            "eps_4q": null,
            "eps_4q_growth_year": null,
            "roe": null,
            "roe_4q": 0,
            "gross_profit": null,
            "gross_margin": null,
            "gross_margin_4q_avg": 0,
            "net_income": null,
            "revenue": null,
            "common_shares": null,
            "book_valuer_per_share": null,
            "book_valuer_per_share_4q_avg": 0,
            "equity": null,
            "current_ratio": null,
            "debt_ratio": null,
            "inventory_turnover_ratio": null,
            "account_receivable_turnover_ratio": null,
            "reinvestment_rate": null,
            "research_to_sale_ratio": null,
            "price_fair": 0,
            "eps_avg_yearly": 0,
            "eps_latest_yearly": 0,
            "eps_growth_yearly": 0
        },
        "20091": {
            "year_quarter": 20091,
            "year": 2009,
            "quarter": 1,
            "eps": null,
            "eps_growth_year": null,
            "eps_4q": null,
            "eps_4q_growth_year": null,
            "roe": null,
            "roe_4q": 0,
            "gross_profit": null,
            "gross_margin": null,
            "gross_margin_4q_avg": 0,
            "net_income": null,
            "revenue": null,
            "common_shares": null,
            "book_valuer_per_share": null,
            "book_valuer_per_share_4q_avg": 0,
            "equity": null,
            "current_ratio": null,
            "debt_ratio": null,
            "inventory_turnover_ratio": null,
            "account_receivable_turnover_ratio": null,
            "reinvestment_rate": null,
            "research_to_sale_ratio": null,
            "price_fair": 0,
            "eps_avg_yearly": 0,
            "eps_latest_yearly": 0,
            "eps_growth_yearly": 0
        },
        "20092": {
            "year_quarter": 20092,
            "year": 2009,
            "quarter": 2,
            "eps": null,
            "eps_growth_year": null,
            "eps_4q": null,
            "eps_4q_growth_year": null,
            "roe": null,
            "roe_4q": 0,
            "gross_profit": null,
            "gross_margin": null,
            "gross_margin_4q_avg": 0,
            "net_income": null,
            "revenue": null,
            "common_shares": null,
            "book_valuer_per_share": null,
            "book_valuer_per_share_4q_avg": 0,
            "equity": null,
            "current_ratio": null,
            "debt_ratio": null,
            "inventory_turnover_ratio": null,
            "account_receivable_turnover_ratio": null,
            "reinvestment_rate": null,
            "research_to_sale_ratio": null,
            "price_fair": 0,
            "eps_avg_yearly": 0,
            "eps_latest_yearly": 0,
            "eps_growth_yearly": 0
        },
        "20093": {
            "year_quarter": 20093,
            "year": 2009,
            "quarter": 3,
            "eps": null,
            "eps_growth_year": null,
            "eps_4q": null,
            "eps_4q_growth_year": null,
            "roe": null,
            "roe_4q": 0,
            "gross_profit": null,
            "gross_margin": null,
            "gross_margin_4q_avg": 0,
            "net_income": null,
            "revenue": null,
            "common_shares": null,
            "book_valuer_per_share": null,
            "book_valuer_per_share_4q_avg": 0,
            "equity": null,
            "current_ratio": null,
            "debt_ratio": null,
            "inventory_turnover_ratio": null,
            "account_receivable_turnover_ratio": null,
            "reinvestment_rate": null,
            "research_to_sale_ratio": null,
            "price_fair": 0,
            "eps_avg_yearly": 0,
            "eps_latest_yearly": 0,
            "eps_growth_yearly": 0
        },
        "20094": {
            "year_quarter": 20094,
            "year": 2009,
            "quarter": 4,
            "eps": null,
            "eps_growth_year": null,
            "eps_4q": null,
            "eps_4q_growth_year": null,
            "roe": null,
            "roe_4q": 0,
            "gross_profit": null,
            "gross_margin": null,
            "gross_margin_4q_avg": 0,
            "net_income": null,
            "revenue": null,
            "common_shares": null,
            "book_valuer_per_share": null,
            "book_valuer_per_share_4q_avg": 0,
            "equity": null,
            "current_ratio": null,
            "debt_ratio": null,
            "inventory_turnover_ratio": null,
            "account_receivable_turnover_ratio": null,
            "reinvestment_rate": null,
            "research_to_sale_ratio": null,
            "price_fair": 0,
            "eps_avg_yearly": 0,
            "eps_latest_yearly": 0,
            "eps_growth_yearly": 0
        },
        "20101": {
            "year_quarter": 20101,
            "year": 2010,
            "quarter": 1,
            "eps": null,
            "eps_growth_year": null,
            "eps_4q": null,
            "eps_4q_growth_year": null,
            "roe": null,
            "roe_4q": 0,
            "gross_profit": null,
            "gross_margin": null,
            "gross_margin_4q_avg": 0,
            "net_income": null,
            "revenue": null,
            "common_shares": null,
            "book_valuer_per_share": null,
            "book_valuer_per_share_4q_avg": 0,
            "equity": null,
            "current_ratio": null,
            "debt_ratio": null,
            "inventory_turnover_ratio": null,
            "account_receivable_turnover_ratio": null,
            "reinvestment_rate": null,
            "research_to_sale_ratio": null,
            "price_fair": 0,
            "eps_avg_yearly": 0,
            "eps_latest_yearly": 0,
            "eps_growth_yearly": 0
        },
        "20102": {
            "year_quarter": 20102,
            "year": 2010,
            "quarter": 2,
            "eps": null,
            "eps_growth_year": null,
            "eps_4q": null,
            "eps_4q_growth_year": null,
            "roe": null,
            "roe_4q": 0,
            "gross_profit": null,
            "gross_margin": null,
            "gross_margin_4q_avg": 0,
            "net_income": null,
            "revenue": null,
            "common_shares": null,
            "book_valuer_per_share": null,
            "book_valuer_per_share_4q_avg": 0,
            "equity": null,
            "current_ratio": null,
            "debt_ratio": null,
            "inventory_turnover_ratio": null,
            "account_receivable_turnover_ratio": null,
            "reinvestment_rate": null,
            "research_to_sale_ratio": null,
            "price_fair": 0,
            "eps_avg_yearly": 0,
            "eps_latest_yearly": 0,
            "eps_growth_yearly": 0
        },
        "20103": {
            "year_quarter": 20103,
            "year": 2010,
            "quarter": 3,
            "eps": null,
            "eps_growth_year": null,
            "eps_4q": null,
            "eps_4q_growth_year": null,
            "roe": null,
            "roe_4q": 0,
            "gross_profit": null,
            "gross_margin": null,
            "gross_margin_4q_avg": 0,
            "net_income": null,
            "revenue": null,
            "common_shares": null,
            "book_valuer_per_share": null,
            "book_valuer_per_share_4q_avg": 0,
            "equity": null,
            "current_ratio": null,
            "debt_ratio": null,
            "inventory_turnover_ratio": null,
            "account_receivable_turnover_ratio": null,
            "reinvestment_rate": null,
            "research_to_sale_ratio": null,
            "price_fair": 0,
            "eps_avg_yearly": 0,
            "eps_latest_yearly": 0,
            "eps_growth_yearly": 0
        },
        "20104": {
            "year_quarter": 20104,
            "year": 2010,
            "quarter": 4,
            "eps": null,
            "eps_growth_year": null,
            "eps_4q": null,
            "eps_4q_growth_year": null,
            "roe": null,
            "roe_4q": 0,
            "gross_profit": null,
            "gross_margin": null,
            "gross_margin_4q_avg": 0,
            "net_income": null,
            "revenue": null,
            "common_shares": null,
            "book_valuer_per_share": null,
            "book_valuer_per_share_4q_avg": 0,
            "equity": null,
            "current_ratio": null,
            "debt_ratio": null,
            "inventory_turnover_ratio": null,
            "account_receivable_turnover_ratio": null,
            "reinvestment_rate": null,
            "research_to_sale_ratio": null,
            "price_fair": 0,
            "eps_avg_yearly": 0,
            "eps_latest_yearly": 0,
            "eps_growth_yearly": 0
        },
        "20111": {
            "year_quarter": 20111,
            "year": 2011,
            "quarter": 1,
            "eps": null,
            "eps_growth_year": null,
            "eps_4q": null,
            "eps_4q_growth_year": null,
            "roe": null,
            "roe_4q": 0,
            "gross_profit": null,
            "gross_margin": null,
            "gross_margin_4q_avg": 0,
            "net_income": null,
            "revenue": null,
            "common_shares": null,
            "book_valuer_per_share": null,
            "book_valuer_per_share_4q_avg": 0,
            "equity": null,
            "current_ratio": null,
            "debt_ratio": null,
            "inventory_turnover_ratio": null,
            "account_receivable_turnover_ratio": null,
            "reinvestment_rate": null,
            "research_to_sale_ratio": null,
            "price_fair": 0,
            "eps_avg_yearly": 0,
            "eps_latest_yearly": 0,
            "eps_growth_yearly": 0
        },
        "20112": {
            "year_quarter": 20112,
            "year": 2011,
            "quarter": 2,
            "eps": null,
            "eps_growth_year": null,
            "eps_4q": null,
            "eps_4q_growth_year": null,
            "roe": null,
            "roe_4q": 0,
            "gross_profit": null,
            "gross_margin": null,
            "gross_margin_4q_avg": 0,
            "net_income": null,
            "revenue": null,
            "common_shares": null,
            "book_valuer_per_share": null,
            "book_valuer_per_share_4q_avg": 0,
            "equity": null,
            "current_ratio": null,
            "debt_ratio": null,
            "inventory_turnover_ratio": null,
            "account_receivable_turnover_ratio": null,
            "reinvestment_rate": null,
            "research_to_sale_ratio": null,
            "price_fair": 0,
            "eps_avg_yearly": 0,
            "eps_latest_yearly": 0,
            "eps_growth_yearly": 0
        },
        "20113": {
            "year_quarter": 20113,
            "year": 2011,
            "quarter": 3,
            "eps": null,
            "eps_growth_year": null,
            "eps_4q": null,
            "eps_4q_growth_year": null,
            "roe": null,
            "roe_4q": 0,
            "gross_profit": null,
            "gross_margin": null,
            "gross_margin_4q_avg": 0,
            "net_income": null,
            "revenue": null,
            "common_shares": null,
            "book_valuer_per_share": null,
            "book_valuer_per_share_4q_avg": 0,
            "equity": null,
            "current_ratio": null,
            "debt_ratio": null,
            "inventory_turnover_ratio": null,
            "account_receivable_turnover_ratio": null,
            "reinvestment_rate": null,
            "research_to_sale_ratio": null,
            "price_fair": 0,
            "eps_avg_yearly": 0,
            "eps_latest_yearly": 0,
            "eps_growth_yearly": 0
        },
        "20114": {
            "year_quarter": 20114,
            "year": 2011,
            "quarter": 4,
            "eps": null,
            "eps_growth_year": null,
            "eps_4q": null,
            "eps_4q_growth_year": null,
            "roe": null,
            "roe_4q": 0,
            "gross_profit": null,
            "gross_margin": null,
            "gross_margin_4q_avg": 0,
            "net_income": null,
            "revenue": null,
            "common_shares": null,
            "book_valuer_per_share": null,
            "book_valuer_per_share_4q_avg": 0,
            "equity": null,
            "current_ratio": null,
            "debt_ratio": null,
            "inventory_turnover_ratio": null,
            "account_receivable_turnover_ratio": null,
            "reinvestment_rate": null,
            "research_to_sale_ratio": null,
            "price_fair": 0,
            "eps_avg_yearly": 0,
            "eps_latest_yearly": 0,
            "eps_growth_yearly": 0
        },
        "20121": {
            "year_quarter": 20121,
            "year": 2012,
            "quarter": 1,
            "eps": null,
            "eps_growth_year": null,
            "eps_4q": null,
            "eps_4q_growth_year": null,
            "roe": null,
            "roe_4q": 0,
            "gross_profit": null,
            "gross_margin": null,
            "gross_margin_4q_avg": 0,
            "net_income": null,
            "revenue": null,
            "common_shares": null,
            "book_valuer_per_share": null,
            "book_valuer_per_share_4q_avg": 0,
            "equity": null,
            "current_ratio": null,
            "debt_ratio": null,
            "inventory_turnover_ratio": null,
            "account_receivable_turnover_ratio": null,
            "reinvestment_rate": null,
            "research_to_sale_ratio": null,
            "price_fair": 0,
            "eps_avg_yearly": 0,
            "eps_latest_yearly": 0,
            "eps_growth_yearly": 0
        },
        "20122": {
            "year_quarter": 20122,
            "year": 2012,
            "quarter": 2,
            "eps": null,
            "eps_growth_year": null,
            "eps_4q": null,
            "eps_4q_growth_year": null,
            "roe": null,
            "roe_4q": 0,
            "gross_profit": null,
            "gross_margin": null,
            "gross_margin_4q_avg": 0,
            "net_income": null,
            "revenue": null,
            "common_shares": null,
            "book_valuer_per_share": null,
            "book_valuer_per_share_4q_avg": 0,
            "equity": null,
            "current_ratio": null,
            "debt_ratio": null,
            "inventory_turnover_ratio": null,
            "account_receivable_turnover_ratio": null,
            "reinvestment_rate": null,
            "research_to_sale_ratio": null,
            "price_fair": 0,
            "eps_avg_yearly": 0,
            "eps_latest_yearly": 0,
            "eps_growth_yearly": 0
        },
        "20123": {
            "year_quarter": 20123,
            "year": 2012,
            "quarter": 3,
            "eps": null,
            "eps_growth_year": null,
            "eps_4q": null,
            "eps_4q_growth_year": null,
            "roe": null,
            "roe_4q": 0,
            "gross_profit": null,
            "gross_margin": null,
            "gross_margin_4q_avg": 0,
            "net_income": null,
            "revenue": null,
            "common_shares": null,
            "book_valuer_per_share": null,
            "book_valuer_per_share_4q_avg": 0,
            "equity": null,
            "current_ratio": null,
            "debt_ratio": null,
            "inventory_turnover_ratio": null,
            "account_receivable_turnover_ratio": null,
            "reinvestment_rate": null,
            "research_to_sale_ratio": null,
            "price_fair": 0,
            "eps_avg_yearly": 0,
            "eps_latest_yearly": 0,
            "eps_growth_yearly": 0
        },
        "20124": {
            "year_quarter": 20124,
            "year": 2012,
            "quarter": 4,
            "eps": null,
            "eps_growth_year": null,
            "eps_4q": null,
            "eps_4q_growth_year": null,
            "roe": null,
            "roe_4q": 0,
            "gross_profit": null,
            "gross_margin": null,
            "gross_margin_4q_avg": 0,
            "net_income": null,
            "revenue": null,
            "common_shares": 423920,
            "book_valuer_per_share": 22.21,
            "book_valuer_per_share_4q_avg": 5.55,
            "equity": 2764244,
            "current_ratio": 103.29,
            "debt_ratio": 90.6,
            "inventory_turnover_ratio": null,
            "account_receivable_turnover_ratio": null,
            "reinvestment_rate": null,
            "research_to_sale_ratio": null,
            "price_fair": 0,
            "eps_avg_yearly": 0,
            "eps_latest_yearly": 0,
            "eps_growth_yearly": 0
        },
        "20131": {
            "year_quarter": 20131,
            "year": 2013,
            "quarter": 1,
            "eps": null,
            "eps_growth_year": null,
            "eps_4q": null,
            "eps_4q_growth_year": null,
            "roe": null,
            "roe_4q": 0,
            "gross_profit": null,
            "gross_margin": null,
            "gross_margin_4q_avg": 0,
            "net_income": null,
            "revenue": null,
            "common_shares": null,
            "book_valuer_per_share": null,
            "book_valuer_per_share_4q_avg": 5.55,
            "equity": null,
            "current_ratio": null,
            "debt_ratio": null,
            "inventory_turnover_ratio": null,
            "account_receivable_turnover_ratio": null,
            "reinvestment_rate": null,
            "research_to_sale_ratio": null,
            "price_fair": 0,
            "eps_avg_yearly": 0,
            "eps_latest_yearly": 0,
            "eps_growth_yearly": 0
        },
        "20132": {
            "year_quarter": 20132,
            "year": 2013,
            "quarter": 2,
            "eps": null,
            "eps_growth_year": null,
            "eps_4q": null,
            "eps_4q_growth_year": null,
            "roe": null,
            "roe_4q": 0,
            "gross_profit": null,
            "gross_margin": null,
            "gross_margin_4q_avg": 0,
            "net_income": null,
            "revenue": null,
            "common_shares": null,
            "book_valuer_per_share": null,
            "book_valuer_per_share_4q_avg": 5.55,
            "equity": null,
            "current_ratio": null,
            "debt_ratio": null,
            "inventory_turnover_ratio": null,
            "account_receivable_turnover_ratio": null,
            "reinvestment_rate": null,
            "research_to_sale_ratio": null,
            "price_fair": 0,
            "eps_avg_yearly": 0,
            "eps_latest_yearly": 0,
            "eps_growth_yearly": 0
        },
        "20133": {
            "year_quarter": 20133,
            "year": 2013,
            "quarter": 3,
            "eps": null,
            "eps_growth_year": null,
            "eps_4q": null,
            "eps_4q_growth_year": null,
            "roe": null,
            "roe_4q": 0,
            "gross_profit": null,
            "gross_margin": null,
            "gross_margin_4q_avg": 0,
            "net_income": null,
            "revenue": null,
            "common_shares": null,
            "book_valuer_per_share": null,
            "book_valuer_per_share_4q_avg": 5.55,
            "equity": null,
            "current_ratio": null,
            "debt_ratio": null,
            "inventory_turnover_ratio": null,
            "account_receivable_turnover_ratio": null,
            "reinvestment_rate": null,
            "research_to_sale_ratio": null,
            "price_fair": 0,
            "eps_avg_yearly": 0,
            "eps_latest_yearly": 0,
            "eps_growth_yearly": 0
        },
        "20134": {
            "year_quarter": 20134,
            "year": 2013,
            "quarter": 4,
            "eps": null,
            "eps_growth_year": null,
            "eps_4q": null,
            "eps_4q_growth_year": null,
            "roe": null,
            "roe_4q": 0,
            "gross_profit": null,
            "gross_margin": null,
            "gross_margin_4q_avg": 0,
            "net_income": null,
            "revenue": null,
            "common_shares": 2682320,
            "book_valuer_per_share": 20.77,
            "book_valuer_per_share_4q_avg": 5.19,
            "equity": 5571119,
            "current_ratio": 88.16,
            "debt_ratio": 87.14,
            "inventory_turnover_ratio": null,
            "account_receivable_turnover_ratio": null,
            "reinvestment_rate": null,
            "research_to_sale_ratio": null,
            "price_fair": 0,
            "eps_avg_yearly": 0,
            "eps_latest_yearly": 0,
            "eps_growth_yearly": 0
        },
        "20141": {
            "year_quarter": 20141,
            "year": 2014,
            "quarter": 1,
            "eps": null,
            "eps_growth_year": null,
            "eps_4q": null,
            "eps_4q_growth_year": null,
            "roe": null,
            "roe_4q": 0,
            "gross_profit": 1176413,
            "gross_margin": null,
            "gross_margin_4q_avg": 0,
            "net_income": 97169,
            "revenue": 16848164,
            "common_shares": 2735345,
            "book_valuer_per_share": 20.81,
            "book_valuer_per_share_4q_avg": 10.4,
            "equity": 5691208,
            "current_ratio": 74.5,
            "debt_ratio": 80.61,
            "inventory_turnover_ratio": null,
            "account_receivable_turnover_ratio": null,
            "reinvestment_rate": null,
            "research_to_sale_ratio": null,
            "price_fair": 0,
            "eps_avg_yearly": 0,
            "eps_latest_yearly": 0,
            "eps_growth_yearly": 0
        },
        "20142": {
            "year_quarter": 20142,
            "year": 2014,
            "quarter": 2,
            "eps": null,
            "eps_growth_year": null,
            "eps_4q": null,
            "eps_4q_growth_year": null,
            "roe": null,
            "roe_4q": 0,
            "gross_profit": 997560,
            "gross_margin": null,
            "gross_margin_4q_avg": 0,
            "net_income": 145555,
            "revenue": 14563725,
            "common_shares": 2843849,
            "book_valuer_per_share": 20.91,
            "book_valuer_per_share_4q_avg": 15.62,
            "equity": 5946047,
            "current_ratio": 99.4,
            "debt_ratio": 79.73,
            "inventory_turnover_ratio": null,
            "account_receivable_turnover_ratio": null,
            "reinvestment_rate": null,
            "research_to_sale_ratio": null,
            "price_fair": 0,
            "eps_avg_yearly": 0,
            "eps_latest_yearly": 0,
            "eps_growth_yearly": 0
        },
        "20143": {
            "year_quarter": 20143,
            "year": 2014,
            "quarter": 3,
            "eps": null,
            "eps_growth_year": null,
            "eps_4q": null,
            "eps_4q_growth_year": null,
            "roe": null,
            "roe_4q": 0,
            "gross_profit": 1590476,
            "gross_margin": null,
            "gross_margin_4q_avg": 0,
            "net_income": 541975,
            "revenue": 20417820,
            "common_shares": 2860410,
            "book_valuer_per_share": 23.3,
            "book_valuer_per_share_4q_avg": 21.45,
            "equity": 6663965,
            "current_ratio": 108.1,
            "debt_ratio": 80.63,
            "inventory_turnover_ratio": null,
            "account_receivable_turnover_ratio": null,
            "reinvestment_rate": null,
            "research_to_sale_ratio": null,
            "price_fair": 0,
            "eps_avg_yearly": 0,
            "eps_latest_yearly": 0,
            "eps_growth_yearly": 0
        },
        "20144": {
            "year_quarter": 20144,
            "year": 2014,
            "quarter": 4,
            "eps": null,
            "eps_growth_year": null,
            "eps_4q": null,
            "eps_4q_growth_year": null,
            "roe": null,
            "roe_4q": 0,
            "gross_profit": 1926186,
            "gross_margin": null,
            "gross_margin_4q_avg": 0,
            "net_income": 550573,
            "revenue": 24133486,
            "common_shares": 2860410,
            "book_valuer_per_share": 25.96,
            "book_valuer_per_share_4q_avg": 22.75,
            "equity": 7425237,
            "current_ratio": 97.4,
            "debt_ratio": 80.79,
            "inventory_turnover_ratio": null,
            "account_receivable_turnover_ratio": null,
            "reinvestment_rate": null,
            "research_to_sale_ratio": null,
            "price_fair": 0,
            "eps_avg_yearly": 0,
            "eps_latest_yearly": 0,
            "eps_growth_yearly": 0
        },
        "20151": {
            "year_quarter": 20151,
            "year": 2015,
            "quarter": 1,
            "eps": 0.13,
            "eps_growth_year": null,
            "eps_4q": 0.13,
            "eps_4q_growth_year": null,
            "roe": 0.52,
            "roe_4q": 0.52,
            "gross_profit": 772876,
            "gross_margin": 5.08,
            "gross_margin_4q_avg": 1.27,
            "net_income": 37360,
            "revenue": 15221217,
            "common_shares": 2860140,
            "book_valuer_per_share": 23.87,
            "book_valuer_per_share_4q_avg": 23.51,
            "equity": 6826270,
            "current_ratio": 87.53,
            "debt_ratio": 78.03,
            "inventory_turnover_ratio": 3.29,
            "account_receivable_turnover_ratio": 1.74,
            "reinvestment_rate": null,
            "research_to_sale_ratio": 1.62,
            "price_fair": 0,
            "eps_avg_yearly": 0,
            "eps_latest_yearly": 0,
            "eps_growth_yearly": 0
        },
        "20152": {
            "year_quarter": 20152,
            "year": 2015,
            "quarter": 2,
            "eps": 0.34,
            "eps_growth_year": null,
            "eps_4q": 0.44,
            "eps_4q_growth_year": null,
            "roe": 1.23,
            "roe_4q": 1.75,
            "gross_profit": 935126,
            "gross_margin": 6.72,
            "gross_margin_4q_avg": 2.95,
            "net_income": 97959,
            "revenue": 13915304,
            "common_shares": 3095430,
            "book_valuer_per_share": 29.52,
            "book_valuer_per_share_4q_avg": 25.66,
            "equity": 9138692,
            "current_ratio": 102.89,
            "debt_ratio": 74.35,
            "inventory_turnover_ratio": 2.63,
            "account_receivable_turnover_ratio": 1.78,
            "reinvestment_rate": null,
            "research_to_sale_ratio": 2.2,
            "price_fair": 47.6,
            "eps_avg_yearly": 1.36,
            "eps_latest_yearly": 1.36,
            "eps_growth_yearly": 646.15
        },
        "20153": {
            "year_quarter": 20153,
            "year": 2015,
            "quarter": 3,
            "eps": 3.11,
            "eps_growth_year": null,
            "eps_4q": 3.53,
            "eps_4q_growth_year": null,
            "roe": 9.72,
            "roe_4q": 11.47,
            "gross_profit": 2821960,
            "gross_margin": 10.44,
            "gross_margin_4q_avg": 5.56,
            "net_income": 956156,
            "revenue": 27032820,
            "common_shares": 3095040,
            "book_valuer_per_share": 34.03,
            "book_valuer_per_share_4q_avg": 28.35,
            "equity": 10531366,
            "current_ratio": 106.57,
            "debt_ratio": 79.31,
            "inventory_turnover_ratio": 2.72,
            "account_receivable_turnover_ratio": 2.26,
            "reinvestment_rate": null,
            "research_to_sale_ratio": 1.61,
            "price_fair": 241.5,
            "eps_avg_yearly": 6.9,
            "eps_latest_yearly": 12.44,
            "eps_growth_yearly": 1952.49
        },
        "20154": {
            "year_quarter": 20154,
            "year": 2015,
            "quarter": 4,
            "eps": 3.62,
            "eps_growth_year": null,
            "eps_4q": 7.15,
            "eps_4q_growth_year": null,
            "roe": 10.18,
            "roe_4q": 21.65,
            "gross_profit": 3339056,
            "gross_margin": 8.9,
            "gross_margin_4q_avg": 7.79,
            "net_income": 1119922,
            "revenue": 37509159,
            "common_shares": 3094566,
            "book_valuer_per_share": 37.07,
            "book_valuer_per_share_4q_avg": 31.12,
            "equity": 11470383,
            "current_ratio": 110.62,
            "debt_ratio": 76.61,
            "inventory_turnover_ratio": 3.35,
            "account_receivable_turnover_ratio": 2.26,
            "reinvestment_rate": null,
            "research_to_sale_ratio": 1.53,
            "price_fair": 329.93,
            "eps_avg_yearly": 9.43,
            "eps_latest_yearly": 14.48,
            "eps_growth_yearly": 1323.52
        },
        "20161": {
            "year_quarter": 20161,
            "year": 2016,
            "quarter": 1,
            "eps": 1.14,
            "eps_growth_year": 776.92,
            "eps_4q": 8.17,
            "eps_4q_growth_year": 6151.85,
            "roe": 3.06,
            "roe_4q": 24.19,
            "gross_profit": 1690762,
            "gross_margin": 8.63,
            "gross_margin_4q_avg": 8.67,
            "net_income": 353054,
            "revenue": 19592953,
            "common_shares": 3094518,
            "book_valuer_per_share": 37.62,
            "book_valuer_per_share_4q_avg": 34.56,
            "equity": 11642522,
            "current_ratio": 110.31,
            "debt_ratio": 72.78,
            "inventory_turnover_ratio": 2.26,
            "account_receivable_turnover_ratio": 1.47,
            "reinvestment_rate": null,
            "research_to_sale_ratio": 1.59,
            "price_fair": 287.35,
            "eps_avg_yearly": 8.21,
            "eps_latest_yearly": 4.56,
            "eps_growth_yearly": 924.13
        },
        "20162": {
            "year_quarter": 20162,
            "year": 2016,
            "quarter": 2,
            "eps": -0.2,
            "eps_growth_year": -158.82,
            "eps_4q": 7.65,
            "eps_4q_growth_year": 1650.18,
            "roe": -0.56,
            "roe_4q": 22.4,
            "gross_profit": 440693,
            "gross_margin": 4.29,
            "gross_margin_4q_avg": 8.07,
            "net_income": -61510,
            "revenue": 10283463,
            "common_shares": 3094518,
            "book_valuer_per_share": 33.78,
            "book_valuer_per_share_4q_avg": 35.63,
            "equity": 10454603,
            "current_ratio": 97.59,
            "debt_ratio": 67.69,
            "inventory_turnover_ratio": 1.42,
            "account_receivable_turnover_ratio": 1.56,
            "reinvestment_rate": null,
            "research_to_sale_ratio": 2.2,
            "price_fair": 287.35,
            "eps_avg_yearly": 8.21,
            "eps_latest_yearly": 4.56,
            "eps_growth_yearly": 924.13
        },
        "20163": {
            "year_quarter": 20163,
            "year": 2016,
            "quarter": 3,
            "eps": 3.2,
            "eps_growth_year": 2.89,
            "eps_4q": 7.75,
            "eps_4q_growth_year": 119.81,
            "roe": 9.14,
            "roe_4q": 21.82,
            "gross_profit": 2394649,
            "gross_margin": 12.06,
            "gross_margin_4q_avg": 8.47,
            "net_income": 987196,
            "revenue": 19862181,
            "common_shares": 3094398,
            "book_valuer_per_share": 35.99,
            "book_valuer_per_share_4q_avg": 36.12,
            "equity": 11136943,
            "current_ratio": 104.31,
            "debt_ratio": 70.96,
            "inventory_turnover_ratio": 2.53,
            "account_receivable_turnover_ratio": 2.59,
            "reinvestment_rate": null,
            "research_to_sale_ratio": 2.07,
            "price_fair": 287.35,
            "eps_avg_yearly": 8.21,
            "eps_latest_yearly": 4.56,
            "eps_growth_yearly": 924.13
        },
        "20164": {
            "year_quarter": 20164,
            "year": 2016,
            "quarter": 4,
            "eps": 5.28,
            "eps_growth_year": 45.77,
            "eps_4q": 9.44,
            "eps_4q_growth_year": 32.14,
            "roe": 13.82,
            "roe_4q": 25.46,
            "gross_profit": 4483590,
            "gross_margin": 15.14,
            "gross_margin_4q_avg": 10.03,
            "net_income": 1618680,
            "revenue": 29622576,
            "common_shares": 3094398,
            "book_valuer_per_share": 40.06,
            "book_valuer_per_share_4q_avg": 36.86,
            "equity": 12289992,
            "current_ratio": 103.34,
            "debt_ratio": 70.78,
            "inventory_turnover_ratio": 4.25,
            "account_receivable_turnover_ratio": 2.31,
            "reinvestment_rate": null,
            "research_to_sale_ratio": 2.11,
            "price_fair": 377.72,
            "eps_avg_yearly": 10.79,
            "eps_latest_yearly": 21.12,
            "eps_growth_yearly": 791.31
        },
        "20171": {
            "year_quarter": 20171,
            "year": 2017,
            "quarter": 1,
            "eps": 3.04,
            "eps_growth_year": 166.67,
            "eps_4q": 11.34,
            "eps_4q_growth_year": 38.87,
            "roe": 7.49,
            "roe_4q": 29.890000000000004,
            "gross_profit": 2293033,
            "gross_margin": 12.6,
            "gross_margin_4q_avg": 11.02,
            "net_income": 930740,
            "revenue": 18204959,
            "common_shares": 3094398,
            "book_valuer_per_share": 40.95,
            "book_valuer_per_share_4q_avg": 37.7,
            "equity": 12549617,
            "current_ratio": 104.13,
            "debt_ratio": 68.56,
            "inventory_turnover_ratio": 3.26,
            "account_receivable_turnover_ratio": 1.53,
            "reinvestment_rate": null,
            "research_to_sale_ratio": 2.23,
            "price_fair": 385.7,
            "eps_avg_yearly": 11.02,
            "eps_latest_yearly": 12.16,
            "eps_growth_yearly": 631.14
        },
        "20172": {
            "year_quarter": 20172,
            "year": 2017,
            "quarter": 2,
            "eps": 4.59,
            "eps_growth_year": null,
            "eps_4q": 14.75,
            "eps_4q_growth_year": 92.78,
            "roe": 8.86,
            "roe_4q": 39.31,
            "gross_profit": 3078360,
            "gross_margin": 13.17,
            "gross_margin_4q_avg": 13.24,
            "net_income": 1425860,
            "revenue": 23381700,
            "common_shares": 3394398,
            "book_valuer_per_share": 58.32,
            "book_valuer_per_share_4q_avg": 43.83,
            "equity": 19619530,
            "current_ratio": 116.07,
            "debt_ratio": 65.23,
            "inventory_turnover_ratio": 2.7,
            "account_receivable_turnover_ratio": 2,
            "reinvestment_rate": null,
            "research_to_sale_ratio": 1.53,
            "price_fair": 422.4,
            "eps_avg_yearly": 12.07,
            "eps_latest_yearly": 18.36,
            "eps_growth_yearly": 570.11
        },
        "20173": {
            "year_quarter": 20173,
            "year": 2017,
            "quarter": 3,
            "eps": 7.63,
            "eps_growth_year": 138.44,
            "eps_4q": 19.34,
            "eps_4q_growth_year": 149.51,
            "roe": 12.3,
            "roe_4q": 42.47,
            "gross_profit": 5199409,
            "gross_margin": 12.09,
            "gross_margin_4q_avg": 13.25,
            "net_income": 2589779,
            "revenue": 43022812,
            "common_shares": 3394398,
            "book_valuer_per_share": 66.21,
            "book_valuer_per_share_4q_avg": 51.39,
            "equity": 22474323,
            "current_ratio": 111.57,
            "debt_ratio": 69.24,
            "inventory_turnover_ratio": 3.23,
            "account_receivable_turnover_ratio": 2.12,
            "reinvestment_rate": null,
            "research_to_sale_ratio": 1.09,
            "price_fair": 503.13,
            "eps_avg_yearly": 14.38,
            "eps_latest_yearly": 30.52,
            "eps_growth_yearly": 531.96
        },
        "20174": {
            "year_quarter": 20174,
            "year": 2017,
            "quarter": 4,
            "eps": 5.92,
            "eps_growth_year": 12.13,
            "eps_4q": 20.49,
            "eps_4q_growth_year": 116.96,
            "roe": 8.55,
            "roe_4q": 37.2,
            "gross_profit": 4507177,
            "gross_margin": 9.75,
            "gross_margin_4q_avg": 11.9,
            "net_income": 2007951,
            "revenue": 46206689,
            "common_shares": 3394398,
            "book_valuer_per_share": 72.23,
            "book_valuer_per_share_4q_avg": 59.43,
            "equity": 24517052,
            "current_ratio": 115.57,
            "debt_ratio": 64.3,
            "inventory_turnover_ratio": 3.31,
            "account_receivable_turnover_ratio": 1.92,
            "reinvestment_rate": 45.43,
            "research_to_sale_ratio": 1.2,
            "price_fair": 539.31,
            "eps_avg_yearly": 15.41,
            "eps_latest_yearly": 23.68,
            "eps_growth_yearly": 462.9
        },
        "20181": {
            "year_quarter": 20181,
            "year": 2018,
            "quarter": 1,
            "eps": 1.78,
            "eps_growth_year": -41.45,
            "eps_4q": 19.61,
            "eps_4q_growth_year": 72.89,
            "roe": 2.43,
            "roe_4q": 32.14,
            "gross_profit": 1676337,
            "gross_margin": 7.65,
            "gross_margin_4q_avg": 10.67,
            "net_income": 602074,
            "revenue": 21925820,
            "common_shares": 3394398,
            "book_valuer_per_share": 74.17,
            "book_valuer_per_share_4q_avg": 67.73,
            "equity": 25063404,
            "current_ratio": 122.41,
            "debt_ratio": 56.39,
            "inventory_turnover_ratio": 2.21,
            "account_receivable_turnover_ratio": 1.13,
            "reinvestment_rate": 44.99,
            "research_to_sale_ratio": 1.24,
            "price_fair": 510.3,
            "eps_avg_yearly": 14.58,
            "eps_latest_yearly": 7.12,
            "eps_growth_yearly": 388.63
        },
        "20182": {
            "year_quarter": 20182,
            "year": 2018,
            "quarter": 2,
            "eps": 2.44,
            "eps_growth_year": -46.84,
            "eps_4q": 17.83,
            "eps_4q_growth_year": 20.86,
            "roe": 3.45,
            "roe_4q": 26.730000000000004,
            "gross_profit": 1897493,
            "gross_margin": 8.07,
            "gross_margin_4q_avg": 9.39,
            "net_income": 824514,
            "revenue": 23523722,
            "common_shares": 3394398,
            "book_valuer_per_share": 67.41,
            "book_valuer_per_share_4q_avg": 70.01,
            "equity": 22781738,
            "current_ratio": 111.88,
            "debt_ratio": 62.17,
            "inventory_turnover_ratio": 3.31,
            "account_receivable_turnover_ratio": 1.35,
            "reinvestment_rate": 53.17,
            "research_to_sale_ratio": 2.59,
            "price_fair": 494.96,
            "eps_avg_yearly": 14.14,
            "eps_latest_yearly": 9.76,
            "eps_growth_yearly": 366.79
        },
        "20183": {
            "year_quarter": 20183,
            "year": 2018,
            "quarter": 3,
            "eps": 2.7,
            "eps_growth_year": -64.61,
            "eps_4q": 12.86,
            "eps_4q_growth_year": -33.5,
            "roe": 3.99,
            "roe_4q": 18.42,
            "gross_profit": 2798632,
            "gross_margin": 8.94,
            "gross_margin_4q_avg": 8.6,
            "net_income": 911786,
            "revenue": 31317341,
            "common_shares": 3394398,
            "book_valuer_per_share": 67.68,
            "book_valuer_per_share_4q_avg": 70.37,
            "equity": 22872040,
            "current_ratio": 108.02,
            "debt_ratio": 68.62,
            "inventory_turnover_ratio": 2.89,
            "account_receivable_turnover_ratio": 1.38,
            "reinvestment_rate": 62.07,
            "research_to_sale_ratio": 3.28,
            "price_fair": 485.22,
            "eps_avg_yearly": 13.86,
            "eps_latest_yearly": 10.8,
            "eps_growth_yearly": 339.77
        },
        "20184": {
            "year_quarter": 20184,
            "year": 2018,
            "quarter": 4,
            "eps": 4.86,
            "eps_growth_year": -17.87,
            "eps_4q": 11.78,
            "eps_4q_growth_year": -42.51,
            "roe": 6.9,
            "roe_4q": 16.77,
            "gross_profit": 4651680,
            "gross_margin": 9,
            "gross_margin_4q_avg": 8.42,
            "net_income": 1641784,
            "revenue": 51676948,
            "common_shares": 3394398,
            "book_valuer_per_share": 73.06,
            "book_valuer_per_share_4q_avg": 70.58,
            "equity": 24688627,
            "current_ratio": 110.85,
            "debt_ratio": 73.01,
            "inventory_turnover_ratio": 3.65,
            "account_receivable_turnover_ratio": 1.44,
            "reinvestment_rate": 44.08,
            "research_to_sale_ratio": 2.33,
            "price_fair": 500.23,
            "eps_avg_yearly": 14.29,
            "eps_latest_yearly": 19.44,
            "eps_growth_yearly": 338.25
        },
        "20191": {
            "year_quarter": 20191,
            "year": 2019,
            "quarter": 1,
            "eps": 2.04,
            "eps_growth_year": 14.61,
            "eps_4q": 12.04,
            "eps_4q_growth_year": -38.61,
            "roe": 2.72,
            "roe_4q": 17.060000000000002,
            "gross_profit": 2461703,
            "gross_margin": 8.36,
            "gross_margin_4q_avg": 8.59,
            "net_income": 689362,
            "revenue": 29436562,
            "common_shares": 3394398,
            "book_valuer_per_share": 77.06,
            "book_valuer_per_share_4q_avg": 71.3,
            "equity": 26042377,
            "current_ratio": 119.87,
            "debt_ratio": 65.12,
            "inventory_turnover_ratio": 2.58,
            "account_receivable_turnover_ratio": 0.81,
            "reinvestment_rate": 45.24,
            "research_to_sale_ratio": 3.04,
            "price_fair": 484.9,
            "eps_avg_yearly": 13.85,
            "eps_latest_yearly": 8.16,
            "eps_growth_yearly": 297.51
        },
        "20192": {
            "year_quarter": 20192,
            "year": 2019,
            "quarter": 2,
            "eps": 3.32,
            "eps_growth_year": 36.07,
            "eps_4q": 12.92,
            "eps_4q_growth_year": -27.52,
            "roe": 4.37,
            "roe_4q": 17.98,
            "gross_profit": 2497013,
            "gross_margin": 10.7,
            "gross_margin_4q_avg": 9.25,
            "net_income": 1123607,
            "revenue": 23333846,
            "common_shares": 3394398,
            "book_valuer_per_share": 75.24,
            "book_valuer_per_share_4q_avg": 73.26,
            "equity": 25427177,
            "current_ratio": 122.42,
            "debt_ratio": 64.86,
            "inventory_turnover_ratio": 2.22,
            "account_receivable_turnover_ratio": 0.87,
            "reinvestment_rate": 34.96,
            "research_to_sale_ratio": 4.64,
            "price_fair": 514.7,
            "eps_avg_yearly": 14.71,
            "eps_latest_yearly": 13.28,
            "eps_growth_yearly": 269.29
        },
        "20193": {
            "year_quarter": 20193,
            "year": 2019,
            "quarter": 3,
            "eps": 1.13,
            "eps_growth_year": -58.15,
            "eps_4q": 11.35,
            "eps_4q_growth_year": -11.76,
            "roe": 1.52,
            "roe_4q": 15.510000000000002,
            "gross_profit": 2154446,
            "gross_margin": 6.54,
            "gross_margin_4q_avg": 8.65,
            "net_income": 380587,
            "revenue": 32948775,
            "common_shares": 3394398,
            "book_valuer_per_share": 73.14,
            "book_valuer_per_share_4q_avg": 74.63,
            "equity": 24718518,
            "current_ratio": 124.26,
            "debt_ratio": 68.9,
            "inventory_turnover_ratio": 2.84,
            "account_receivable_turnover_ratio": 1.13,
            "reinvestment_rate": 16.8,
            "research_to_sale_ratio": 3.76,
            "price_fair": 391.2,
            "eps_avg_yearly": 14.14,
            "eps_latest_yearly": 4.52,
            "eps_growth_yearly": 17.67
        },
        "20194": {
            "year_quarter": 20194,
            "year": 2019,
            "quarter": 4,
            "eps": 3.53,
            "eps_growth_year": -27.41,
            "eps_4q": 10.02,
            "eps_4q_growth_year": -14.94,
            "roe": 4.72,
            "roe_4q": 13.33,
            "gross_profit": 3497885,
            "gross_margin": 10.29,
            "gross_margin_4q_avg": 8.97,
            "net_income": 1191844,
            "revenue": 34004784,
            "common_shares": 3394398,
            "book_valuer_per_share": 76.18,
            "book_valuer_per_share_4q_avg": 75.41,
            "equity": 25743284,
            "current_ratio": 132.42,
            "debt_ratio": 65.99,
            "inventory_turnover_ratio": 2.56,
            "account_receivable_turnover_ratio": 1.12,
            "reinvestment_rate": 17.33,
            "research_to_sale_ratio": 4.3,
            "price_fair": 494,
            "eps_avg_yearly": 14.11,
            "eps_latest_yearly": 14.12,
            "eps_growth_yearly": 73.66
        },
        "20201": {
            "year_quarter": 20201,
            "year": 2020,
            "quarter": 1,
            "eps": 0.31,
            "eps_growth_year": -84.8,
            "eps_4q": 8.29,
            "eps_4q_growth_year": -31.14,
            "roe": 0.41,
            "roe_4q": 11.02,
            "gross_profit": 1656546,
            "gross_margin": 7.32,
            "gross_margin_4q_avg": 8.71,
            "net_income": 104777,
            "revenue": 22638317,
            "common_shares": 3394398,
            "book_valuer_per_share": 75.47,
            "book_valuer_per_share_4q_avg": 75.01,
            "equity": 25504171,
            "current_ratio": 137.75,
            "debt_ratio": 62.63,
            "inventory_turnover_ratio": 1.68,
            "account_receivable_turnover_ratio": 0.9,
            "reinvestment_rate": 14.73,
            "research_to_sale_ratio": 4.72,
            "price_fair": 485.7,
            "eps_avg_yearly": 13.88,
            "eps_latest_yearly": 1.24,
            "eps_growth_yearly": 67.17
        },
        "20202": {
            "year_quarter": 20202,
            "year": 2020,
            "quarter": 2,
            "eps": 5.59,
            "eps_growth_year": 68.37,
            "eps_4q": 10.55,
            "eps_4q_growth_year": -18.36,
            "roe": 7.36,
            "roe_4q": 14.01,
            "gross_profit": 3355820,
            "gross_margin": 9.89,
            "gross_margin_4q_avg": 8.51,
            "net_income": 1887814,
            "revenue": 33947036,
            "common_shares": 3394398,
            "book_valuer_per_share": 76.29,
            "book_valuer_per_share_4q_avg": 75.27,
            "equity": 25781855,
            "current_ratio": 132.52,
            "debt_ratio": 66.12,
            "inventory_turnover_ratio": 2.59,
            "account_receivable_turnover_ratio": 1.27,
            "reinvestment_rate": 15.9,
            "research_to_sale_ratio": 3.62,
            "price_fair": 505.49,
            "eps_avg_yearly": 14.44,
            "eps_latest_yearly": 22.36,
            "eps_growth_yearly": 516.89
        },
        "20203": {
            "year_quarter": 20203,
            "year": 2020,
            "quarter": 3,
            "eps": 1.3,
            "eps_growth_year": 15.04,
            "eps_4q": 10.72,
            "eps_4q_growth_year": -5.53,
            "roe": 1.67,
            "roe_4q": 14.16,
            "gross_profit": 2462853,
            "gross_margin": 7.54,
            "gross_margin_4q_avg": 8.76,
            "net_income": 438723,
            "revenue": 32655897,
            "common_shares": 3394398,
            "book_valuer_per_share": 79.55,
            "book_valuer_per_share_4q_avg": 76.87,
            "equity": 26884149,
            "current_ratio": 122.32,
            "debt_ratio": 68.33,
            "inventory_turnover_ratio": 2.68,
            "account_receivable_turnover_ratio": 0.98,
            "reinvestment_rate": 26.58,
            "research_to_sale_ratio": 4.93,
            "price_fair": 485.28,
            "eps_avg_yearly": 13.87,
            "eps_latest_yearly": 5.2,
            "eps_growth_yearly": 465.4
        },
        "20204": {
            "year_quarter": 20204,
            "year": 2020,
            "quarter": 4,
            "eps": 3.85,
            "eps_growth_year": 9.04,
            "eps_4q": 11.04,
            "eps_4q_growth_year": 10.21,
            "roe": 4.66,
            "roe_4q": 14.100000000000001,
            "gross_profit": 3485903,
            "gross_margin": 9.21,
            "gross_margin_4q_avg": 8.49,
            "net_income": 1299606,
            "revenue": 37863486,
            "common_shares": 3394398,
            "book_valuer_per_share": 85.47,
            "book_valuer_per_share_4q_avg": 79.2,
            "equity": 28884164,
            "current_ratio": 119.69,
            "debt_ratio": 68.68,
            "inventory_turnover_ratio": 3.07,
            "account_receivable_turnover_ratio": 1.02,
            "reinvestment_rate": 34.16,
            "research_to_sale_ratio": 3.3,
            "price_fair": 472.76,
            "eps_avg_yearly": 13.51,
            "eps_latest_yearly": 15.4,
            "eps_growth_yearly": 498.19
        },
        "20211": {
            "year_quarter": 20211,
            "year": 2021,
            "quarter": 1,
            "eps": 0.67,
            "eps_growth_year": 116.13,
            "eps_4q": 11.4,
            "eps_4q_growth_year": 37.57,
            "roe": 0.8,
            "roe_4q": 14.49,
            "gross_profit": 2168012,
            "gross_margin": 8.6,
            "gross_margin_4q_avg": 8.81,
            "net_income": 226858,
            "revenue": 25206807,
            "common_shares": 3379398,
            "book_valuer_per_share": 81.98,
            "book_valuer_per_share_4q_avg": 80.82,
            "equity": 27705897,
            "current_ratio": 122.39,
            "debt_ratio": 65.4,
            "inventory_turnover_ratio": 2.05,
            "account_receivable_turnover_ratio": 0.77,
            "reinvestment_rate": 32.84,
            "research_to_sale_ratio": 5.27,
            "price_fair": 452.03,
            "eps_avg_yearly": 12.92,
            "eps_latest_yearly": 2.68,
            "eps_growth_yearly": 488.14
        },
        "20212": {
            "year_quarter": 20212,
            "year": 2021,
            "quarter": 2,
            "eps": 4.04,
            "eps_growth_year": -27.73,
            "eps_4q": 9.85,
            "eps_4q_growth_year": -6.59,
            "roe": 4.81,
            "roe_4q": 11.94,
            "gross_profit": 3252501,
            "gross_margin": 9,
            "gross_margin_4q_avg": 8.59,
            "net_income": 1364729,
            "revenue": 36137588,
            "common_shares": 3379398,
            "book_valuer_per_share": 85.59,
            "book_valuer_per_share_4q_avg": 83.15,
            "equity": 29057116,
            "current_ratio": 135.4,
            "debt_ratio": 68.17,
            "inventory_turnover_ratio": 2.45,
            "account_receivable_turnover_ratio": 1.1,
            "reinvestment_rate": 14.08,
            "research_to_sale_ratio": 3.82,
            "price_fair": 447.21,
            "eps_avg_yearly": 12.78,
            "eps_latest_yearly": 16.16,
            "eps_growth_yearly": 601.14
        },
        "20213": {
            "year_quarter": 20213,
            "year": 2021,
            "quarter": 3,
            "eps": 4.44,
            "eps_growth_year": 241.54,
            "eps_4q": 13,
            "eps_4q_growth_year": 21.24,
            "roe": 5.01,
            "roe_4q": 15.280000000000001,
            "gross_profit": 3499777,
            "gross_margin": 9.68,
            "gross_margin_4q_avg": 9.12,
            "net_income": 1497082,
            "revenue": 36170895,
            "common_shares": 3379398,
            "book_valuer_per_share": 89.99,
            "book_valuer_per_share_4q_avg": 85.76,
            "equity": 30713123,
            "current_ratio": 134.26,
            "debt_ratio": 67.35,
            "inventory_turnover_ratio": 2.21,
            "account_receivable_turnover_ratio": 0.96,
            "reinvestment_rate": 11.88,
            "research_to_sale_ratio": 3.43,
            "price_fair": 419.3,
            "eps_avg_yearly": 11.98,
            "eps_latest_yearly": 17.76,
            "eps_growth_yearly": 587.06
        },
        "20214": {
            "year_quarter": 20214,
            "year": 2021,
            "quarter": 4,
            "eps": 3.82,
            "eps_growth_year": -0.67,
            "eps_4q": 12.97,
            "eps_4q_growth_year": 17.5,
            "roe": 4.05,
            "roe_4q": 14.669999999999998,
            "gross_profit": 3820968,
            "gross_margin": 10.96,
            "gross_margin_4q_avg": 9.56,
            "net_income": 1274367,
            "revenue": 34862380,
            "common_shares": 3379398,
            "book_valuer_per_share": 94.63,
            "book_valuer_per_share_4q_avg": 88.05,
            "equity": 32267702,
            "current_ratio": 144.67,
            "debt_ratio": 65.11,
            "inventory_turnover_ratio": 2.49,
            "account_receivable_turnover_ratio": 0.94,
            "reinvestment_rate": 14.34,
            "research_to_sale_ratio": 4.34,
            "price_fair": 400.93,
            "eps_avg_yearly": 11.46,
            "eps_latest_yearly": 15.28,
            "eps_growth_yearly": 589.17
        },
        "20221": {
            "year_quarter": 20221,
            "year": 2022,
            "quarter": 1,
            "eps": 1.01,
            "eps_growth_year": 50.75,
            "eps_4q": 13.31,
            "eps_4q_growth_year": 16.72,
            "roe": 1.02,
            "roe_4q": 14.89,
            "gross_profit": 2139718,
            "gross_margin": 7.61,
            "gross_margin_4q_avg": 9.31,
            "net_income": 329605,
            "revenue": 28135020,
            "common_shares": 3379398,
            "book_valuer_per_share": 94.08,
            "book_valuer_per_share_4q_avg": 91.07,
            "equity": 32079477,
            "current_ratio": 137.66,
            "debt_ratio": 65.55,
            "inventory_turnover_ratio": 2.24,
            "account_receivable_turnover_ratio": 0.8,
            "reinvestment_rate": 34.44,
            "research_to_sale_ratio": 3.74,
            "price_fair": 394.19,
            "eps_avg_yearly": 11.26,
            "eps_latest_yearly": 4.04,
            "eps_growth_yearly": 588.27
        },
        "20222": {
            "year_quarter": 20222,
            "year": 2022,
            "quarter": 2,
            "eps": 2.49,
            "eps_growth_year": -38.37,
            "eps_4q": 11.76,
            "eps_4q_growth_year": 19.36,
            "roe": 2.57,
            "roe_4q": 12.649999999999999,
            "gross_profit": 2848918,
            "gross_margin": 9.82,
            "gross_margin_4q_avg": 9.52,
            "net_income": 822539,
            "revenue": 29010631,
            "common_shares": 3379398,
            "book_valuer_per_share": 93.85,
            "book_valuer_per_share_4q_avg": 93.14,
            "equity": 31982830,
            "current_ratio": 136.14,
            "debt_ratio": 65.56,
            "inventory_turnover_ratio": 1.98,
            "account_receivable_turnover_ratio": 0.84,
            "reinvestment_rate": 28.84,
            "research_to_sale_ratio": 4.09,
            "price_fair": 394.63,
            "eps_avg_yearly": 11.28,
            "eps_latest_yearly": 9.96,
            "eps_growth_yearly": 615.63
        },
        "20223": {
            "year_quarter": 20223,
            "year": 2022,
            "quarter": 3,
            "eps": 4.58,
            "eps_growth_year": 3.15,
            "eps_4q": 11.89,
            "eps_4q_growth_year": -8.5,
            "roe": 4.65,
            "roe_4q": 12.29,
            "gross_profit": 3731482,
            "gross_margin": 10.51,
            "gross_margin_4q_avg": 9.73,
            "net_income": 1518691,
            "revenue": 35508919,
            "common_shares": 3379398,
            "book_valuer_per_share": 97.87,
            "book_valuer_per_share_4q_avg": 95.11,
            "equity": 33315757,
            "current_ratio": 137.37,
            "debt_ratio": 66.24,
            "inventory_turnover_ratio": 2.2,
            "account_receivable_turnover_ratio": 0.97,
            "reinvestment_rate": 15.6,
            "research_to_sale_ratio": 3.82,
            "price_fair": 411.08,
            "eps_avg_yearly": 11.75,
            "eps_latest_yearly": 18.32,
            "eps_growth_yearly": 633.95
        },
        "20224": {
            "year_quarter": 20224,
            "year": 2022,
            "quarter": 4,
            "eps": 2.12,
            "eps_growth_year": -44.56,
            "eps_4q": 10.19,
            "eps_4q_growth_year": -21.44,
            "roe": 2.07,
            "roe_4q": 10.31,
            "gross_profit": 3029899,
            "gross_margin": 9.24,
            "gross_margin_4q_avg": 9.3,
            "net_income": 694889,
            "revenue": 32806791,
            "common_shares": 3379398,
            "book_valuer_per_share": 99.31,
            "book_valuer_per_share_4q_avg": 96.28,
            "equity": 33779888,
            "current_ratio": 162.55,
            "debt_ratio": 62.91,
            "inventory_turnover_ratio": 1.97,
            "account_receivable_turnover_ratio": 0.97,
            "reinvestment_rate": -29.86,
            "research_to_sale_ratio": 4.56,
            "price_fair": 387.1,
            "eps_avg_yearly": 11.06,
            "eps_latest_yearly": 8.48,
            "eps_growth_yearly": 600.52
        },
        "20231": {
            "year_quarter": 20231,
            "year": 2023,
            "quarter": 1,
            "eps": -3.43,
            "eps_growth_year": -439.6,
            "eps_4q": 5.75,
            "eps_4q_growth_year": -56.79,
            "roe": -3.55,
            "roe_4q": 5.74,
            "gross_profit": -201625,
            "gross_margin": -1.4,
            "gross_margin_4q_avg": 7.04,
            "net_income": -1180354,
            "revenue": 14374739,
            "common_shares": 3379398,
            "book_valuer_per_share": 96.3,
            "book_valuer_per_share_4q_avg": 96.83,
            "equity": 32793417,
            "current_ratio": 228.04,
            "debt_ratio": 53.89,
            "inventory_turnover_ratio": 1.02,
            "account_receivable_turnover_ratio": 0.64,
            "reinvestment_rate": -34.51,
            "research_to_sale_ratio": 7.13,
            "price_fair": 393.87,
            "eps_avg_yearly": 11.25,
            "eps_latest_yearly": 8.48,
            "eps_growth_yearly": 656.03
        },
        "20232": {
            "year_quarter": 20232,
            "year": 2023,
            "quarter": 2,
            "eps": 0.36,
            "eps_growth_year": -85.54,
            "eps_4q": 3.62,
            "eps_4q_growth_year": -69.21,
            "roe": 0.36,
            "roe_4q": 3.5300000000000002,
            "gross_profit": 1094321,
            "gross_margin": 5.3,
            "gross_margin_4q_avg": 5.91,
            "net_income": 114068,
            "revenue": 20661507,
            "common_shares": 3379398,
            "book_valuer_per_share": 88.96,
            "book_valuer_per_share_4q_avg": 95.61,
            "equity": 30300994,
            "current_ratio": 191.7,
            "debt_ratio": 57.24,
            "inventory_turnover_ratio": 1.67,
            "account_receivable_turnover_ratio": 1.22,
            "reinvestment_rate": -35.22,
            "research_to_sale_ratio": 4.16,
            "price_fair": 388.8,
            "eps_avg_yearly": 11.11,
            "eps_latest_yearly": 8.48,
            "eps_growth_yearly": 684.96
        }
    },
    "months": {
        "2015-06": {
            "month": "2015-06",
            "price": "128.12",
            "revenue": 5408262
        },
        "2015-07": {
            "month": "2015-07",
            "price": "143.07",
            "revenue": 6427693
        },
        "2015-08": {
            "month": "2015-08",
            "price": "117.12",
            "revenue": 8714891
        },
        "2015-09": {
            "month": "2015-09",
            "price": "124.68",
            "revenue": 11890397
        },
        "2015-10": {
            "month": "2015-10",
            "price": "125.36",
            "revenue": 13861496
        },
        "2015-11": {
            "month": "2015-11",
            "price": "138.86",
            "revenue": 14068308
        },
        "2015-12": {
            "month": "2015-12",
            "price": "124.04",
            "revenue": 9579194
        },
        "2016-01": {
            "month": "2016-01",
            "price": "92.25",
            "revenue": 9058608
        },
        "2016-02": {
            "month": "2016-02",
            "price": "97.84",
            "revenue": 5024344
        },
        "2016-03": {
            "month": "2016-03",
            "price": "116.00",
            "revenue": 5510001
        },
        "2016-04": {
            "month": "2016-04",
            "price": "99.67",
            "revenue": 4672557
        },
        "2016-05": {
            "month": "2016-05",
            "price": "82.60",
            "revenue": 2575053
        },
        "2016-06": {
            "month": "2016-06",
            "price": "83.80",
            "revenue": 3035852
        },
        "2016-07": {
            "month": "2016-07",
            "price": "80.70",
            "revenue": 5176294
        },
        "2016-08": {
            "month": "2016-08",
            "price": "81.76",
            "revenue": 6388856
        },
        "2016-09": {
            "month": "2016-09",
            "price": "80.83",
            "revenue": 8297031
        },
        "2016-10": {
            "month": "2016-10",
            "price": "85.16",
            "revenue": 11247503
        },
        "2016-11": {
            "month": "2016-11",
            "price": "85.83",
            "revenue": 8867977
        },
        "2016-12": {
            "month": "2016-12",
            "price": "90.57",
            "revenue": 9507097
        },
        "2017-01": {
            "month": "2017-01",
            "price": "92.31",
            "revenue": 5415663
        },
        "2017-02": {
            "month": "2017-02",
            "price": "118.44",
            "revenue": 6183127
        },
        "2017-03": {
            "month": "2017-03",
            "price": "139.54",
            "revenue": 6606169
        },
        "2017-04": {
            "month": "2017-04",
            "price": "145.28",
            "revenue": 7012861
        },
        "2017-05": {
            "month": "2017-05",
            "price": "207.75",
            "revenue": 7902794
        },
        "2017-06": {
            "month": "2017-06",
            "price": "225.04",
            "revenue": 8466045
        },
        "2017-07": {
            "month": "2017-07",
            "price": "253.88",
            "revenue": 12935132
        },
        "2017-08": {
            "month": "2017-08",
            "price": "322.63",
            "revenue": 14109645
        },
        "2017-09": {
            "month": "2017-09",
            "price": "327.95",
            "revenue": 15978035
        },
        "2017-10": {
            "month": "2017-10",
            "price": "292.39",
            "revenue": 17843399
        },
        "2017-11": {
            "month": "2017-11",
            "price": "255.09",
            "revenue": 15072116
        },
        "2017-12": {
            "month": "2017-12",
            "price": "214.62",
            "revenue": 13291174
        },
        "2018-01": {
            "month": "2018-01",
            "price": "200.05",
            "revenue": 9302261
        },
        "2018-02": {
            "month": "2018-02",
            "price": "179.54",
            "revenue": 5529881
        },
        "2018-03": {
            "month": "2018-03",
            "price": "177.26",
            "revenue": 7093678
        },
        "2018-04": {
            "month": "2018-04",
            "price": "173.94",
            "revenue": 7936540
        },
        "2018-05": {
            "month": "2018-05",
            "price": "186.30",
            "revenue": 8006114
        },
        "2018-06": {
            "month": "2018-06",
            "price": "205.10",
            "revenue": 7581068
        },
        "2018-07": {
            "month": "2018-07",
            "price": "190.61",
            "revenue": 8042427
        },
        "2018-08": {
            "month": "2018-08",
            "price": "197.57",
            "revenue": 8829830
        },
        "2018-09": {
            "month": "2018-09",
            "price": "140.66",
            "revenue": 14445083
        },
        "2018-10": {
            "month": "2018-10",
            "price": "113.66",
            "revenue": 18117973
        },
        "2018-11": {
            "month": "2018-11",
            "price": "95.83",
            "revenue": 15919895
        },
        "2018-12": {
            "month": "2018-12",
            "price": "95.24",
            "revenue": 17639081
        },
        "2019-01": {
            "month": "2019-01",
            "price": "96.05",
            "revenue": 10220000
        },
        "2019-02": {
            "month": "2019-02",
            "price": "109.08",
            "revenue": 8707706
        },
        "2019-03": {
            "month": "2019-03",
            "price": "118.45",
            "revenue": 10508856
        },
        "2019-04": {
            "month": "2019-04",
            "price": "124.12",
            "revenue": 8045516
        },
        "2019-05": {
            "month": "2019-05",
            "price": "100.34",
            "revenue": 7653390
        },
        "2019-06": {
            "month": "2019-06",
            "price": "101.62",
            "revenue": 7634940
        },
        "2019-07": {
            "month": "2019-07",
            "price": "109.24",
            "revenue": 9997377
        },
        "2019-08": {
            "month": "2019-08",
            "price": "111.76",
            "revenue": 10946666
        },
        "2019-09": {
            "month": "2019-09",
            "price": "107.13",
            "revenue": 12004732
        },
        "2019-10": {
            "month": "2019-10",
            "price": "111.69",
            "revenue": 12490816
        },
        "2019-11": {
            "month": "2019-11",
            "price": "105.61",
            "revenue": 11445642
        },
        "2019-12": {
            "month": "2019-12",
            "price": "109.36",
            "revenue": 10068326
        },
        "2020-01": {
            "month": "2020-01",
            "price": "108.10",
            "revenue": 7293701
        },
        "2020-02": {
            "month": "2020-02",
            "price": "100.88",
            "revenue": 5825512
        },
        "2020-03": {
            "month": "2020-03",
            "price": "81.47",
            "revenue": 9519103
        },
        "2020-04": {
            "month": "2020-04",
            "price": "87.12",
            "revenue": 10516817
        },
        "2020-05": {
            "month": "2020-05",
            "price": "101.84",
            "revenue": 11552731
        },
        "2020-06": {
            "month": "2020-06",
            "price": "115.15",
            "revenue": 11877489
        },
        "2020-07": {
            "month": "2020-07",
            "price": "123.33",
            "revenue": 9957434
        },
        "2020-08": {
            "month": "2020-08",
            "price": "129.36",
            "revenue": 10655275
        },
        "2020-09": {
            "month": "2020-09",
            "price": "130.27",
            "revenue": 12043188
        },
        "2020-10": {
            "month": "2020-10",
            "price": "121.89",
            "revenue": 11049697
        },
        "2020-11": {
            "month": "2020-11",
            "price": "111.90",
            "revenue": 11382615
        },
        "2020-12": {
            "month": "2020-12",
            "price": "114.00",
            "revenue": 15431174
        },
        "2021-01": {
            "month": "2021-01",
            "price": "117.45",
            "revenue": 8107295
        },
        "2021-02": {
            "month": "2021-02",
            "price": "111.15",
            "revenue": 6393433
        },
        "2021-03": {
            "month": "2021-03",
            "price": "123.43",
            "revenue": 10706079
        },
        "2021-04": {
            "month": "2021-04",
            "price": "124.92",
            "revenue": 10667734
        },
        "2021-05": {
            "month": "2021-05",
            "price": "101.91",
            "revenue": 12569272
        },
        "2021-06": {
            "month": "2021-06",
            "price": "108.36",
            "revenue": 12900582
        },
        "2021-07": {
            "month": "2021-07",
            "price": "121.59",
            "revenue": 12998317
        },
        "2021-08": {
            "month": "2021-08",
            "price": "109.07",
            "revenue": 11592743
        },
        "2021-09": {
            "month": "2021-09",
            "price": "101.30",
            "revenue": 11579835
        },
        "2021-10": {
            "month": "2021-10",
            "price": "93.89",
            "revenue": 9352871
        },
        "2021-11": {
            "month": "2021-11",
            "price": "100.39",
            "revenue": 10478580
        },
        "2021-12": {
            "month": "2021-12",
            "price": "102.93",
            "revenue": 15030929
        },
        "2022-01": {
            "month": "2022-01",
            "price": "100.12",
            "revenue": 5889763
        },
        "2022-02": {
            "month": "2022-02",
            "price": "93.83",
            "revenue": 9393874
        },
        "2022-03": {
            "month": "2022-03",
            "price": "93.61",
            "revenue": 12851383
        },
        "2022-04": {
            "month": "2022-04",
            "price": "94.42",
            "revenue": 8182690
        },
        "2022-05": {
            "month": "2022-05",
            "price": "87.33",
            "revenue": 8733559
        },
        "2022-06": {
            "month": "2022-06",
            "price": "82.30",
            "revenue": 12094382
        },
        "2022-07": {
            "month": "2022-07",
            "price": "74.77",
            "revenue": 10858198
        },
        "2022-08": {
            "month": "2022-08",
            "price": "77.89",
            "revenue": 12094031
        },
        "2022-09": {
            "month": "2022-09",
            "price": "79.29",
            "revenue": 12556690
        },
        "2022-10": {
            "month": "2022-10",
            "price": "80.80",
            "revenue": 12438734
        },
        "2022-11": {
            "month": "2022-11",
            "price": "86.79",
            "revenue": 11295695
        },
        "2022-12": {
            "month": "2022-12",
            "price": "91.88",
            "revenue": 9072362
        },
        "2023-01": {
            "month": "2023-01",
            "price": "83.67",
            "revenue": 4347313
        },
        "2023-02": {
            "month": "2023-02",
            "price": "85.89",
            "revenue": 4354394
        },
        "2023-03": {
            "month": "2023-03",
            "price": "82.90",
            "revenue": 5673032
        },
        "2023-04": {
            "month": "2023-04",
            "price": "81.67",
            "revenue": 7096338
        },
        "2023-05": {
            "month": "2023-05",
            "price": "75.79",
            "revenue": 7040289
        },
        "2023-06": {
            "month": "2023-06",
            "price": "74.86",
            "revenue": 6524880
        },
        "2023-07": {
            "month": "2023-07",
            "price": "69.30",
            "revenue": 5719840
        },
        "2023-08": {
            "month": "2023-08",
            "price": "64.25",
            "revenue": 5576331
        }
    }
}
