{
    "summary": {
        "stock_name": "紘康",
        "stock_id": "6457",
        "category": "半導體",
        "main_business": "IC設計",
        "website_url": "http://www.hycontek.com",
        "ceo": "趙伯寅",
        "pe_ratio": -14,
        "report_year_from": 2013,
        "report_year_to": 2023,
        "age": 10,
        "eps_negative_percentage": 10,
        "eps_growth_avg": {
            "last_all": 16.72,
            "last_2y": 32.12,
            "last_4y": 22.76,
            "last_8y": null,
            "last_12y": null,
            "last_16y": null,
            "last_20y": null,
            "at_2006_last_3y": null,
            "at_2007_last_3y": null,
            "at_2008_last_3y": null,
            "at_2009_last_3y": null,
            "at_2010_last_3y": null,
            "at_2011_last_3y": null,
            "at_2012_last_3y": null,
            "at_2013_last_3y": null,
            "at_2014_last_3y": null,
            "at_2015_last_3y": null,
            "at_2016_last_3y": null,
            "at_2017_last_3y": null,
            "at_2018_last_3y": 3.77,
            "at_2019_last_3y": -4.65,
            "at_2020_last_3y": 26.9,
            "at_2021_last_3y": 49.55,
            "at_2022_last_3y": 29.67,
            "at_2023_last_3y": 29.67,
            "at_2006_last_all": null,
            "at_2007_last_all": null,
            "at_2008_last_all": null,
            "at_2009_last_all": null,
            "at_2010_last_all": null,
            "at_2011_last_all": null,
            "at_2012_last_all": null,
            "at_2013_last_all": null,
            "at_2014_last_all": null,
            "at_2015_last_all": null,
            "at_2016_last_all": 14.88,
            "at_2017_last_all": 6.64,
            "at_2018_last_all": 3.77,
            "at_2019_last_all": 7.47,
            "at_2020_last_all": 22.9,
            "at_2021_last_all": 31.16,
            "at_2022_last_all": 16.72,
            "at_2023_last_all": 16.72
        },
        "latest_eps": -3.53,
        "latest_price": 50.3,
        "latest_roe": -13.02,
        "latest_gross_margin": 18.66,
        "latest_equity": 906375,
        "latest_revenue": 173135,
        "latest_gross_profit": 32303,
        "latest_net_income": -34522,
        "latest_debt_ratio": 19.64,
        "latest_current_ratio": 429.6,
        "latest_account_receivable_turnover_ratio": 1.36,
        "latest_inventory_turnover_ratio": 0.27,
        "latest_reinvestment_rate": 29.1,
        "latest_research_to_sale_ratio": 17.47
    },
    "eps_dividends": {
        "2001": {
            "cash": 0,
            "stock": 0,
            "eps": 0
        },
        "2002": {
            "cash": 0,
            "stock": 0,
            "eps": 0
        },
        "2003": {
            "cash": 0,
            "stock": 0,
            "eps": 0
        },
        "2004": {
            "cash": 0,
            "stock": 0,
            "eps": 0
        },
        "2005": {
            "cash": 0,
            "stock": 0,
            "eps": 0
        },
        "2006": {
            "cash": 0,
            "stock": 0,
            "eps": 0
        },
        "2007": {
            "cash": 0,
            "stock": 0,
            "eps": 0
        },
        "2008": {
            "cash": 0,
            "stock": 0,
            "eps": 0
        },
        "2009": {
            "cash": 0,
            "stock": 0,
            "eps": 0
        },
        "2010": {
            "cash": 0,
            "stock": 0,
            "eps": 0
        },
        "2011": {
            "cash": 0,
            "stock": 0,
            "eps": 0
        },
        "2012": {
            "cash": 0,
            "stock": 0,
            "eps": 0
        },
        "2013": {
            "cash": 0,
            "stock": 0,
            "eps": 0
        },
        "2014": {
            "cash": 1.1,
            "stock": 0,
            "eps": 1.59
        },
        "2015": {
            "cash": 1.6,
            "stock": 0,
            "eps": 2.48
        },
        "2016": {
            "cash": 2.12,
            "stock": 0,
            "eps": 1.83
        },
        "2017": {
            "cash": 2,
            "stock": 0,
            "eps": 1.65
        },
        "2018": {
            "cash": 2,
            "stock": 0,
            "eps": 1.57
        },
        "2019": {
            "cash": 1.81,
            "stock": 0,
            "eps": 1.92
        },
        "2020": {
            "cash": 1.84,
            "stock": 0,
            "eps": 7.02
        },
        "2021": {
            "cash": 6.32,
            "stock": 0,
            "eps": 12.69
        },
        "2022": {
            "cash": 10.89,
            "stock": 0,
            "eps": 1.98
        },
        "2023": {
            "cash": 1,
            "stock": 0,
            "eps": -2.13
        }
    },
    "dividends": {
        "2014-05-05": {
            "cash": 1.1,
            "stock": 0
        },
        "2015-08-14": {
            "cash": 1.6,
            "stock": 0
        },
        "2016-07-29": {
            "cash": 2.12,
            "stock": 0
        },
        "2017-07-25": {
            "cash": 2,
            "stock": 0
        },
        "2018-07-25": {
            "cash": 2,
            "stock": 0
        },
        "2019-07-31": {
            "cash": 1.81,
            "stock": 0
        },
        "2020-07-24": {
            "cash": 1.84,
            "stock": 0
        },
        "2021-07-28": {
            "cash": 6.32,
            "stock": 0
        },
        "2022-08-25": {
            "cash": 10.89,
            "stock": 0
        },
        "2023-08-31": {
            "cash": 1,
            "stock": 0
        }
    },
    "prices": {
        "200101": "無",
        "200102": "無",
        "200103": "無",
        "200104": "無",
        "200105": "無",
        "200106": "無",
        "200107": "無",
        "200108": "無",
        "200109": "無",
        "200110": "無",
        "200111": "無",
        "200112": "無",
        "200201": "無",
        "200202": "無",
        "200203": "無",
        "200204": "無",
        "200205": "無",
        "200206": "無",
        "200207": "無",
        "200208": "無",
        "200209": "無",
        "200210": "無",
        "200211": "無",
        "200212": "無",
        "200301": "無",
        "200302": "無",
        "200303": "無",
        "200304": "無",
        "200305": "無",
        "200306": "無",
        "200307": "無",
        "200308": "無",
        "200309": "無",
        "200310": "無",
        "200311": "無",
        "200312": "無",
        "200401": "無",
        "200402": "無",
        "200403": "無",
        "200404": "無",
        "200405": "無",
        "200406": "無",
        "200407": "無",
        "200408": "無",
        "200409": "無",
        "200410": "無",
        "200411": "無",
        "200412": "無",
        "200501": "無",
        "200502": "無",
        "200503": "無",
        "200504": "無",
        "200505": "無",
        "200506": "無",
        "200507": "無",
        "200508": "無",
        "200509": "無",
        "200510": "無",
        "200511": "無",
        "200512": "無",
        "200601": "無",
        "200602": "無",
        "200603": "無",
        "200604": "無",
        "200605": "無",
        "200606": "無",
        "200607": "無",
        "200608": "無",
        "200609": "無",
        "200610": "無",
        "200611": "無",
        "200612": "無",
        "200701": "無",
        "200702": "無",
        "200703": "無",
        "200704": "無",
        "200705": "無",
        "200706": "無",
        "200707": "無",
        "200708": "無",
        "200709": "無",
        "200710": "無",
        "200711": "無",
        "200712": "無",
        "200801": "無",
        "200802": "無",
        "200803": "無",
        "200804": "無",
        "200805": "無",
        "200806": "無",
        "200807": "無",
        "200808": "無",
        "200809": "無",
        "200810": "無",
        "200811": "無",
        "200812": "無",
        "200901": "無",
        "200902": "無",
        "200903": "無",
        "200904": "無",
        "200905": "無",
        "200906": "無",
        "200907": "無",
        "200908": "無",
        "200909": "無",
        "200910": "無",
        "200911": "無",
        "200912": "無",
        "201001": "無",
        "201002": "無",
        "201003": "無",
        "201004": "無",
        "201005": "無",
        "201006": "無",
        "201007": "無",
        "201008": "無",
        "201009": "無",
        "201010": "無",
        "201011": "無",
        "201012": "無",
        "201101": "無",
        "201102": "無",
        "201103": "無",
        "201104": "無",
        "201105": "無",
        "201106": "無",
        "201107": "無",
        "201108": "無",
        "201109": "無",
        "201110": "無",
        "201111": "無",
        "201112": "無",
        "201201": "無",
        "201202": "無",
        "201203": "無",
        "201204": "無",
        "201205": "無",
        "201206": "無",
        "201207": "無",
        "201208": "無",
        "201209": "無",
        "201210": "無",
        "201211": "無",
        "201212": "無",
        "201301": "無",
        "201302": "無",
        "201303": "無",
        "201304": "無",
        "201305": "無",
        "201306": "無",
        "201307": "無",
        "201308": "無",
        "201309": "無",
        "201310": "無",
        "201311": "無",
        "201312": "無",
        "201401": "無",
        "201402": "無",
        "201403": "無",
        "201404": "無",
        "201405": "無",
        "201406": "36.37",
        "201407": "37.48",
        "201408": "36.57",
        "201409": "36.61",
        "201410": "35.83",
        "201411": "33.24",
        "201412": "31.76",
        "201501": "39.26",
        "201502": "39.54",
        "201503": "43.46",
        "201504": "41.54",
        "201505": "41.67",
        "201506": "37.85",
        "201507": "33.87",
        "201508": "29.80",
        "201509": "33.95",
        "201510": "33.37",
        "201511": "35.60",
        "201512": "41.32",
        "201601": "36.34",
        "201602": "37.74",
        "201603": "39.79",
        "201604": "36.86",
        "201605": "36.40",
        "201606": "35.37",
        "201607": "33.36",
        "201608": "32.17",
        "201609": "32.75",
        "201610": "32.30",
        "201611": "29.36",
        "201612": "29.01",
        "201701": "30.65",
        "201702": "29.60",
        "201703": "31.45",
        "201704": "32.38",
        "201705": "31.39",
        "201706": "31.44",
        "201707": "28.43",
        "201708": "27.68",
        "201709": "29.54",
        "201710": "30.40",
        "201711": "39.83",
        "201712": "35.50",
        "201801": "35.43",
        "201802": "32.41",
        "201803": "32.88",
        "201804": "32.36",
        "201805": "32.00",
        "201806": "32.84",
        "201807": "30.48",
        "201808": "29.70",
        "201809": "28.40",
        "201810": "27.19",
        "201811": "26.88",
        "201812": "26.88",
        "201901": "27.83",
        "201902": "27.69",
        "201903": "28.20",
        "201904": "29.06",
        "201905": "27.76",
        "201906": "27.83",
        "201907": "27.40",
        "201908": "26.96",
        "201909": "27.79",
        "201910": "29.42",
        "201911": "29.53",
        "201912": "29.51",
        "202001": "29.00",
        "202002": "30.41",
        "202003": "48.44",
        "202004": "71.88",
        "202005": "79.95",
        "202006": "64.68",
        "202007": "58.33",
        "202008": "55.51",
        "202009": "55.87",
        "202010": "64.02",
        "202011": "67.07",
        "202012": "78.91",
        "202101": "103.09",
        "202102": "105.36",
        "202103": "129.27",
        "202104": "181.79",
        "202105": "156.05",
        "202106": "158.95",
        "202107": "161.91",
        "202108": "160.32",
        "202109": "163.85",
        "202110": "158.82",
        "202111": "194.84",
        "202112": "197.41",
        "202201": "173.08",
        "202202": "158.67",
        "202203": "147.83",
        "202204": "119.47",
        "202205": "104.39",
        "202206": "99.84",
        "202207": "80.64",
        "202208": "74.27",
        "202209": "65.27",
        "202210": "56.15",
        "202211": "58.34",
        "202212": "60.51",
        "202301": "58.28",
        "202302": "61.90",
        "202303": "61.49",
        "202304": "58.56",
        "202305": "51.44",
        "202306": "51.36",
        "202307": "49.36",
        "202308": "45.65",
        "202309": "48.04"
    },
    "quarters": {
        "20011": {
            "year_quarter": 20011,
            "year": 2001,
            "quarter": 1,
            "eps": null,
            "eps_growth_year": null,
            "eps_4q": null,
            "eps_4q_growth_year": null,
            "roe": null,
            "roe_4q": 0,
            "gross_profit": null,
            "gross_margin": null,
            "gross_margin_4q_avg": 0,
            "net_income": null,
            "revenue": null,
            "common_shares": null,
            "book_valuer_per_share": null,
            "book_valuer_per_share_4q_avg": 0,
            "equity": null,
            "current_ratio": null,
            "debt_ratio": null,
            "inventory_turnover_ratio": null,
            "account_receivable_turnover_ratio": null,
            "reinvestment_rate": null,
            "research_to_sale_ratio": null,
            "price_fair": 0,
            "eps_avg_yearly": 0,
            "eps_latest_yearly": 0,
            "eps_growth_yearly": 0
        },
        "20012": {
            "year_quarter": 20012,
            "year": 2001,
            "quarter": 2,
            "eps": null,
            "eps_growth_year": null,
            "eps_4q": null,
            "eps_4q_growth_year": null,
            "roe": null,
            "roe_4q": 0,
            "gross_profit": null,
            "gross_margin": null,
            "gross_margin_4q_avg": 0,
            "net_income": null,
            "revenue": null,
            "common_shares": null,
            "book_valuer_per_share": null,
            "book_valuer_per_share_4q_avg": 0,
            "equity": null,
            "current_ratio": null,
            "debt_ratio": null,
            "inventory_turnover_ratio": null,
            "account_receivable_turnover_ratio": null,
            "reinvestment_rate": null,
            "research_to_sale_ratio": null,
            "price_fair": 0,
            "eps_avg_yearly": 0,
            "eps_latest_yearly": 0,
            "eps_growth_yearly": 0
        },
        "20013": {
            "year_quarter": 20013,
            "year": 2001,
            "quarter": 3,
            "eps": null,
            "eps_growth_year": null,
            "eps_4q": null,
            "eps_4q_growth_year": null,
            "roe": null,
            "roe_4q": 0,
            "gross_profit": null,
            "gross_margin": null,
            "gross_margin_4q_avg": 0,
            "net_income": null,
            "revenue": null,
            "common_shares": null,
            "book_valuer_per_share": null,
            "book_valuer_per_share_4q_avg": 0,
            "equity": null,
            "current_ratio": null,
            "debt_ratio": null,
            "inventory_turnover_ratio": null,
            "account_receivable_turnover_ratio": null,
            "reinvestment_rate": null,
            "research_to_sale_ratio": null,
            "price_fair": 0,
            "eps_avg_yearly": 0,
            "eps_latest_yearly": 0,
            "eps_growth_yearly": 0
        },
        "20014": {
            "year_quarter": 20014,
            "year": 2001,
            "quarter": 4,
            "eps": null,
            "eps_growth_year": null,
            "eps_4q": null,
            "eps_4q_growth_year": null,
            "roe": null,
            "roe_4q": 0,
            "gross_profit": null,
            "gross_margin": null,
            "gross_margin_4q_avg": 0,
            "net_income": null,
            "revenue": null,
            "common_shares": null,
            "book_valuer_per_share": null,
            "book_valuer_per_share_4q_avg": 0,
            "equity": null,
            "current_ratio": null,
            "debt_ratio": null,
            "inventory_turnover_ratio": null,
            "account_receivable_turnover_ratio": null,
            "reinvestment_rate": null,
            "research_to_sale_ratio": null,
            "price_fair": 0,
            "eps_avg_yearly": 0,
            "eps_latest_yearly": 0,
            "eps_growth_yearly": 0
        },
        "20021": {
            "year_quarter": 20021,
            "year": 2002,
            "quarter": 1,
            "eps": null,
            "eps_growth_year": null,
            "eps_4q": null,
            "eps_4q_growth_year": null,
            "roe": null,
            "roe_4q": 0,
            "gross_profit": null,
            "gross_margin": null,
            "gross_margin_4q_avg": 0,
            "net_income": null,
            "revenue": null,
            "common_shares": null,
            "book_valuer_per_share": null,
            "book_valuer_per_share_4q_avg": 0,
            "equity": null,
            "current_ratio": null,
            "debt_ratio": null,
            "inventory_turnover_ratio": null,
            "account_receivable_turnover_ratio": null,
            "reinvestment_rate": null,
            "research_to_sale_ratio": null,
            "price_fair": 0,
            "eps_avg_yearly": 0,
            "eps_latest_yearly": 0,
            "eps_growth_yearly": 0
        },
        "20022": {
            "year_quarter": 20022,
            "year": 2002,
            "quarter": 2,
            "eps": null,
            "eps_growth_year": null,
            "eps_4q": null,
            "eps_4q_growth_year": null,
            "roe": null,
            "roe_4q": 0,
            "gross_profit": null,
            "gross_margin": null,
            "gross_margin_4q_avg": 0,
            "net_income": null,
            "revenue": null,
            "common_shares": null,
            "book_valuer_per_share": null,
            "book_valuer_per_share_4q_avg": 0,
            "equity": null,
            "current_ratio": null,
            "debt_ratio": null,
            "inventory_turnover_ratio": null,
            "account_receivable_turnover_ratio": null,
            "reinvestment_rate": null,
            "research_to_sale_ratio": null,
            "price_fair": 0,
            "eps_avg_yearly": 0,
            "eps_latest_yearly": 0,
            "eps_growth_yearly": 0
        },
        "20023": {
            "year_quarter": 20023,
            "year": 2002,
            "quarter": 3,
            "eps": null,
            "eps_growth_year": null,
            "eps_4q": null,
            "eps_4q_growth_year": null,
            "roe": null,
            "roe_4q": 0,
            "gross_profit": null,
            "gross_margin": null,
            "gross_margin_4q_avg": 0,
            "net_income": null,
            "revenue": null,
            "common_shares": null,
            "book_valuer_per_share": null,
            "book_valuer_per_share_4q_avg": 0,
            "equity": null,
            "current_ratio": null,
            "debt_ratio": null,
            "inventory_turnover_ratio": null,
            "account_receivable_turnover_ratio": null,
            "reinvestment_rate": null,
            "research_to_sale_ratio": null,
            "price_fair": 0,
            "eps_avg_yearly": 0,
            "eps_latest_yearly": 0,
            "eps_growth_yearly": 0
        },
        "20024": {
            "year_quarter": 20024,
            "year": 2002,
            "quarter": 4,
            "eps": null,
            "eps_growth_year": null,
            "eps_4q": null,
            "eps_4q_growth_year": null,
            "roe": null,
            "roe_4q": 0,
            "gross_profit": null,
            "gross_margin": null,
            "gross_margin_4q_avg": 0,
            "net_income": null,
            "revenue": null,
            "common_shares": null,
            "book_valuer_per_share": null,
            "book_valuer_per_share_4q_avg": 0,
            "equity": null,
            "current_ratio": null,
            "debt_ratio": null,
            "inventory_turnover_ratio": null,
            "account_receivable_turnover_ratio": null,
            "reinvestment_rate": null,
            "research_to_sale_ratio": null,
            "price_fair": 0,
            "eps_avg_yearly": 0,
            "eps_latest_yearly": 0,
            "eps_growth_yearly": 0
        },
        "20031": {
            "year_quarter": 20031,
            "year": 2003,
            "quarter": 1,
            "eps": null,
            "eps_growth_year": null,
            "eps_4q": null,
            "eps_4q_growth_year": null,
            "roe": null,
            "roe_4q": 0,
            "gross_profit": null,
            "gross_margin": null,
            "gross_margin_4q_avg": 0,
            "net_income": null,
            "revenue": null,
            "common_shares": null,
            "book_valuer_per_share": null,
            "book_valuer_per_share_4q_avg": 0,
            "equity": null,
            "current_ratio": null,
            "debt_ratio": null,
            "inventory_turnover_ratio": null,
            "account_receivable_turnover_ratio": null,
            "reinvestment_rate": null,
            "research_to_sale_ratio": null,
            "price_fair": 0,
            "eps_avg_yearly": 0,
            "eps_latest_yearly": 0,
            "eps_growth_yearly": 0
        },
        "20032": {
            "year_quarter": 20032,
            "year": 2003,
            "quarter": 2,
            "eps": null,
            "eps_growth_year": null,
            "eps_4q": null,
            "eps_4q_growth_year": null,
            "roe": null,
            "roe_4q": 0,
            "gross_profit": null,
            "gross_margin": null,
            "gross_margin_4q_avg": 0,
            "net_income": null,
            "revenue": null,
            "common_shares": null,
            "book_valuer_per_share": null,
            "book_valuer_per_share_4q_avg": 0,
            "equity": null,
            "current_ratio": null,
            "debt_ratio": null,
            "inventory_turnover_ratio": null,
            "account_receivable_turnover_ratio": null,
            "reinvestment_rate": null,
            "research_to_sale_ratio": null,
            "price_fair": 0,
            "eps_avg_yearly": 0,
            "eps_latest_yearly": 0,
            "eps_growth_yearly": 0
        },
        "20033": {
            "year_quarter": 20033,
            "year": 2003,
            "quarter": 3,
            "eps": null,
            "eps_growth_year": null,
            "eps_4q": null,
            "eps_4q_growth_year": null,
            "roe": null,
            "roe_4q": 0,
            "gross_profit": null,
            "gross_margin": null,
            "gross_margin_4q_avg": 0,
            "net_income": null,
            "revenue": null,
            "common_shares": null,
            "book_valuer_per_share": null,
            "book_valuer_per_share_4q_avg": 0,
            "equity": null,
            "current_ratio": null,
            "debt_ratio": null,
            "inventory_turnover_ratio": null,
            "account_receivable_turnover_ratio": null,
            "reinvestment_rate": null,
            "research_to_sale_ratio": null,
            "price_fair": 0,
            "eps_avg_yearly": 0,
            "eps_latest_yearly": 0,
            "eps_growth_yearly": 0
        },
        "20034": {
            "year_quarter": 20034,
            "year": 2003,
            "quarter": 4,
            "eps": null,
            "eps_growth_year": null,
            "eps_4q": null,
            "eps_4q_growth_year": null,
            "roe": null,
            "roe_4q": 0,
            "gross_profit": null,
            "gross_margin": null,
            "gross_margin_4q_avg": 0,
            "net_income": null,
            "revenue": null,
            "common_shares": null,
            "book_valuer_per_share": null,
            "book_valuer_per_share_4q_avg": 0,
            "equity": null,
            "current_ratio": null,
            "debt_ratio": null,
            "inventory_turnover_ratio": null,
            "account_receivable_turnover_ratio": null,
            "reinvestment_rate": null,
            "research_to_sale_ratio": null,
            "price_fair": 0,
            "eps_avg_yearly": 0,
            "eps_latest_yearly": 0,
            "eps_growth_yearly": 0
        },
        "20041": {
            "year_quarter": 20041,
            "year": 2004,
            "quarter": 1,
            "eps": null,
            "eps_growth_year": null,
            "eps_4q": null,
            "eps_4q_growth_year": null,
            "roe": null,
            "roe_4q": 0,
            "gross_profit": null,
            "gross_margin": null,
            "gross_margin_4q_avg": 0,
            "net_income": null,
            "revenue": null,
            "common_shares": null,
            "book_valuer_per_share": null,
            "book_valuer_per_share_4q_avg": 0,
            "equity": null,
            "current_ratio": null,
            "debt_ratio": null,
            "inventory_turnover_ratio": null,
            "account_receivable_turnover_ratio": null,
            "reinvestment_rate": null,
            "research_to_sale_ratio": null,
            "price_fair": 0,
            "eps_avg_yearly": 0,
            "eps_latest_yearly": 0,
            "eps_growth_yearly": 0
        },
        "20042": {
            "year_quarter": 20042,
            "year": 2004,
            "quarter": 2,
            "eps": null,
            "eps_growth_year": null,
            "eps_4q": null,
            "eps_4q_growth_year": null,
            "roe": null,
            "roe_4q": 0,
            "gross_profit": null,
            "gross_margin": null,
            "gross_margin_4q_avg": 0,
            "net_income": null,
            "revenue": null,
            "common_shares": null,
            "book_valuer_per_share": null,
            "book_valuer_per_share_4q_avg": 0,
            "equity": null,
            "current_ratio": null,
            "debt_ratio": null,
            "inventory_turnover_ratio": null,
            "account_receivable_turnover_ratio": null,
            "reinvestment_rate": null,
            "research_to_sale_ratio": null,
            "price_fair": 0,
            "eps_avg_yearly": 0,
            "eps_latest_yearly": 0,
            "eps_growth_yearly": 0
        },
        "20043": {
            "year_quarter": 20043,
            "year": 2004,
            "quarter": 3,
            "eps": null,
            "eps_growth_year": null,
            "eps_4q": null,
            "eps_4q_growth_year": null,
            "roe": null,
            "roe_4q": 0,
            "gross_profit": null,
            "gross_margin": null,
            "gross_margin_4q_avg": 0,
            "net_income": null,
            "revenue": null,
            "common_shares": null,
            "book_valuer_per_share": null,
            "book_valuer_per_share_4q_avg": 0,
            "equity": null,
            "current_ratio": null,
            "debt_ratio": null,
            "inventory_turnover_ratio": null,
            "account_receivable_turnover_ratio": null,
            "reinvestment_rate": null,
            "research_to_sale_ratio": null,
            "price_fair": 0,
            "eps_avg_yearly": 0,
            "eps_latest_yearly": 0,
            "eps_growth_yearly": 0
        },
        "20044": {
            "year_quarter": 20044,
            "year": 2004,
            "quarter": 4,
            "eps": null,
            "eps_growth_year": null,
            "eps_4q": null,
            "eps_4q_growth_year": null,
            "roe": null,
            "roe_4q": 0,
            "gross_profit": null,
            "gross_margin": null,
            "gross_margin_4q_avg": 0,
            "net_income": null,
            "revenue": null,
            "common_shares": null,
            "book_valuer_per_share": null,
            "book_valuer_per_share_4q_avg": 0,
            "equity": null,
            "current_ratio": null,
            "debt_ratio": null,
            "inventory_turnover_ratio": null,
            "account_receivable_turnover_ratio": null,
            "reinvestment_rate": null,
            "research_to_sale_ratio": null,
            "price_fair": 0,
            "eps_avg_yearly": 0,
            "eps_latest_yearly": 0,
            "eps_growth_yearly": 0
        },
        "20051": {
            "year_quarter": 20051,
            "year": 2005,
            "quarter": 1,
            "eps": null,
            "eps_growth_year": null,
            "eps_4q": null,
            "eps_4q_growth_year": null,
            "roe": null,
            "roe_4q": 0,
            "gross_profit": null,
            "gross_margin": null,
            "gross_margin_4q_avg": 0,
            "net_income": null,
            "revenue": null,
            "common_shares": null,
            "book_valuer_per_share": null,
            "book_valuer_per_share_4q_avg": 0,
            "equity": null,
            "current_ratio": null,
            "debt_ratio": null,
            "inventory_turnover_ratio": null,
            "account_receivable_turnover_ratio": null,
            "reinvestment_rate": null,
            "research_to_sale_ratio": null,
            "price_fair": 0,
            "eps_avg_yearly": 0,
            "eps_latest_yearly": 0,
            "eps_growth_yearly": 0
        },
        "20052": {
            "year_quarter": 20052,
            "year": 2005,
            "quarter": 2,
            "eps": null,
            "eps_growth_year": null,
            "eps_4q": null,
            "eps_4q_growth_year": null,
            "roe": null,
            "roe_4q": 0,
            "gross_profit": null,
            "gross_margin": null,
            "gross_margin_4q_avg": 0,
            "net_income": null,
            "revenue": null,
            "common_shares": null,
            "book_valuer_per_share": null,
            "book_valuer_per_share_4q_avg": 0,
            "equity": null,
            "current_ratio": null,
            "debt_ratio": null,
            "inventory_turnover_ratio": null,
            "account_receivable_turnover_ratio": null,
            "reinvestment_rate": null,
            "research_to_sale_ratio": null,
            "price_fair": 0,
            "eps_avg_yearly": 0,
            "eps_latest_yearly": 0,
            "eps_growth_yearly": 0
        },
        "20053": {
            "year_quarter": 20053,
            "year": 2005,
            "quarter": 3,
            "eps": null,
            "eps_growth_year": null,
            "eps_4q": null,
            "eps_4q_growth_year": null,
            "roe": null,
            "roe_4q": 0,
            "gross_profit": null,
            "gross_margin": null,
            "gross_margin_4q_avg": 0,
            "net_income": null,
            "revenue": null,
            "common_shares": null,
            "book_valuer_per_share": null,
            "book_valuer_per_share_4q_avg": 0,
            "equity": null,
            "current_ratio": null,
            "debt_ratio": null,
            "inventory_turnover_ratio": null,
            "account_receivable_turnover_ratio": null,
            "reinvestment_rate": null,
            "research_to_sale_ratio": null,
            "price_fair": 0,
            "eps_avg_yearly": 0,
            "eps_latest_yearly": 0,
            "eps_growth_yearly": 0
        },
        "20054": {
            "year_quarter": 20054,
            "year": 2005,
            "quarter": 4,
            "eps": null,
            "eps_growth_year": null,
            "eps_4q": null,
            "eps_4q_growth_year": null,
            "roe": null,
            "roe_4q": 0,
            "gross_profit": null,
            "gross_margin": null,
            "gross_margin_4q_avg": 0,
            "net_income": null,
            "revenue": null,
            "common_shares": null,
            "book_valuer_per_share": null,
            "book_valuer_per_share_4q_avg": 0,
            "equity": null,
            "current_ratio": null,
            "debt_ratio": null,
            "inventory_turnover_ratio": null,
            "account_receivable_turnover_ratio": null,
            "reinvestment_rate": null,
            "research_to_sale_ratio": null,
            "price_fair": 0,
            "eps_avg_yearly": 0,
            "eps_latest_yearly": 0,
            "eps_growth_yearly": 0
        },
        "20061": {
            "year_quarter": 20061,
            "year": 2006,
            "quarter": 1,
            "eps": null,
            "eps_growth_year": null,
            "eps_4q": null,
            "eps_4q_growth_year": null,
            "roe": null,
            "roe_4q": 0,
            "gross_profit": null,
            "gross_margin": null,
            "gross_margin_4q_avg": 0,
            "net_income": null,
            "revenue": null,
            "common_shares": null,
            "book_valuer_per_share": null,
            "book_valuer_per_share_4q_avg": 0,
            "equity": null,
            "current_ratio": null,
            "debt_ratio": null,
            "inventory_turnover_ratio": null,
            "account_receivable_turnover_ratio": null,
            "reinvestment_rate": null,
            "research_to_sale_ratio": null,
            "price_fair": 0,
            "eps_avg_yearly": 0,
            "eps_latest_yearly": 0,
            "eps_growth_yearly": 0
        },
        "20062": {
            "year_quarter": 20062,
            "year": 2006,
            "quarter": 2,
            "eps": null,
            "eps_growth_year": null,
            "eps_4q": null,
            "eps_4q_growth_year": null,
            "roe": null,
            "roe_4q": 0,
            "gross_profit": null,
            "gross_margin": null,
            "gross_margin_4q_avg": 0,
            "net_income": null,
            "revenue": null,
            "common_shares": null,
            "book_valuer_per_share": null,
            "book_valuer_per_share_4q_avg": 0,
            "equity": null,
            "current_ratio": null,
            "debt_ratio": null,
            "inventory_turnover_ratio": null,
            "account_receivable_turnover_ratio": null,
            "reinvestment_rate": null,
            "research_to_sale_ratio": null,
            "price_fair": 0,
            "eps_avg_yearly": 0,
            "eps_latest_yearly": 0,
            "eps_growth_yearly": 0
        },
        "20063": {
            "year_quarter": 20063,
            "year": 2006,
            "quarter": 3,
            "eps": null,
            "eps_growth_year": null,
            "eps_4q": null,
            "eps_4q_growth_year": null,
            "roe": null,
            "roe_4q": 0,
            "gross_profit": null,
            "gross_margin": null,
            "gross_margin_4q_avg": 0,
            "net_income": null,
            "revenue": null,
            "common_shares": null,
            "book_valuer_per_share": null,
            "book_valuer_per_share_4q_avg": 0,
            "equity": null,
            "current_ratio": null,
            "debt_ratio": null,
            "inventory_turnover_ratio": null,
            "account_receivable_turnover_ratio": null,
            "reinvestment_rate": null,
            "research_to_sale_ratio": null,
            "price_fair": 0,
            "eps_avg_yearly": 0,
            "eps_latest_yearly": 0,
            "eps_growth_yearly": 0
        },
        "20064": {
            "year_quarter": 20064,
            "year": 2006,
            "quarter": 4,
            "eps": null,
            "eps_growth_year": null,
            "eps_4q": null,
            "eps_4q_growth_year": null,
            "roe": null,
            "roe_4q": 0,
            "gross_profit": null,
            "gross_margin": null,
            "gross_margin_4q_avg": 0,
            "net_income": null,
            "revenue": null,
            "common_shares": null,
            "book_valuer_per_share": null,
            "book_valuer_per_share_4q_avg": 0,
            "equity": null,
            "current_ratio": null,
            "debt_ratio": null,
            "inventory_turnover_ratio": null,
            "account_receivable_turnover_ratio": null,
            "reinvestment_rate": null,
            "research_to_sale_ratio": null,
            "price_fair": 0,
            "eps_avg_yearly": 0,
            "eps_latest_yearly": 0,
            "eps_growth_yearly": 0
        },
        "20071": {
            "year_quarter": 20071,
            "year": 2007,
            "quarter": 1,
            "eps": null,
            "eps_growth_year": null,
            "eps_4q": null,
            "eps_4q_growth_year": null,
            "roe": null,
            "roe_4q": 0,
            "gross_profit": null,
            "gross_margin": null,
            "gross_margin_4q_avg": 0,
            "net_income": null,
            "revenue": null,
            "common_shares": null,
            "book_valuer_per_share": null,
            "book_valuer_per_share_4q_avg": 0,
            "equity": null,
            "current_ratio": null,
            "debt_ratio": null,
            "inventory_turnover_ratio": null,
            "account_receivable_turnover_ratio": null,
            "reinvestment_rate": null,
            "research_to_sale_ratio": null,
            "price_fair": 0,
            "eps_avg_yearly": 0,
            "eps_latest_yearly": 0,
            "eps_growth_yearly": 0
        },
        "20072": {
            "year_quarter": 20072,
            "year": 2007,
            "quarter": 2,
            "eps": null,
            "eps_growth_year": null,
            "eps_4q": null,
            "eps_4q_growth_year": null,
            "roe": null,
            "roe_4q": 0,
            "gross_profit": null,
            "gross_margin": null,
            "gross_margin_4q_avg": 0,
            "net_income": null,
            "revenue": null,
            "common_shares": null,
            "book_valuer_per_share": null,
            "book_valuer_per_share_4q_avg": 0,
            "equity": null,
            "current_ratio": null,
            "debt_ratio": null,
            "inventory_turnover_ratio": null,
            "account_receivable_turnover_ratio": null,
            "reinvestment_rate": null,
            "research_to_sale_ratio": null,
            "price_fair": 0,
            "eps_avg_yearly": 0,
            "eps_latest_yearly": 0,
            "eps_growth_yearly": 0
        },
        "20073": {
            "year_quarter": 20073,
            "year": 2007,
            "quarter": 3,
            "eps": null,
            "eps_growth_year": null,
            "eps_4q": null,
            "eps_4q_growth_year": null,
            "roe": null,
            "roe_4q": 0,
            "gross_profit": null,
            "gross_margin": null,
            "gross_margin_4q_avg": 0,
            "net_income": null,
            "revenue": null,
            "common_shares": null,
            "book_valuer_per_share": null,
            "book_valuer_per_share_4q_avg": 0,
            "equity": null,
            "current_ratio": null,
            "debt_ratio": null,
            "inventory_turnover_ratio": null,
            "account_receivable_turnover_ratio": null,
            "reinvestment_rate": null,
            "research_to_sale_ratio": null,
            "price_fair": 0,
            "eps_avg_yearly": 0,
            "eps_latest_yearly": 0,
            "eps_growth_yearly": 0
        },
        "20074": {
            "year_quarter": 20074,
            "year": 2007,
            "quarter": 4,
            "eps": null,
            "eps_growth_year": null,
            "eps_4q": null,
            "eps_4q_growth_year": null,
            "roe": null,
            "roe_4q": 0,
            "gross_profit": null,
            "gross_margin": null,
            "gross_margin_4q_avg": 0,
            "net_income": null,
            "revenue": null,
            "common_shares": null,
            "book_valuer_per_share": null,
            "book_valuer_per_share_4q_avg": 0,
            "equity": null,
            "current_ratio": null,
            "debt_ratio": null,
            "inventory_turnover_ratio": null,
            "account_receivable_turnover_ratio": null,
            "reinvestment_rate": null,
            "research_to_sale_ratio": null,
            "price_fair": 0,
            "eps_avg_yearly": 0,
            "eps_latest_yearly": 0,
            "eps_growth_yearly": 0
        },
        "20081": {
            "year_quarter": 20081,
            "year": 2008,
            "quarter": 1,
            "eps": null,
            "eps_growth_year": null,
            "eps_4q": null,
            "eps_4q_growth_year": null,
            "roe": null,
            "roe_4q": 0,
            "gross_profit": null,
            "gross_margin": null,
            "gross_margin_4q_avg": 0,
            "net_income": null,
            "revenue": null,
            "common_shares": null,
            "book_valuer_per_share": null,
            "book_valuer_per_share_4q_avg": 0,
            "equity": null,
            "current_ratio": null,
            "debt_ratio": null,
            "inventory_turnover_ratio": null,
            "account_receivable_turnover_ratio": null,
            "reinvestment_rate": null,
            "research_to_sale_ratio": null,
            "price_fair": 0,
            "eps_avg_yearly": 0,
            "eps_latest_yearly": 0,
            "eps_growth_yearly": 0
        },
        "20082": {
            "year_quarter": 20082,
            "year": 2008,
            "quarter": 2,
            "eps": null,
            "eps_growth_year": null,
            "eps_4q": null,
            "eps_4q_growth_year": null,
            "roe": null,
            "roe_4q": 0,
            "gross_profit": null,
            "gross_margin": null,
            "gross_margin_4q_avg": 0,
            "net_income": null,
            "revenue": null,
            "common_shares": null,
            "book_valuer_per_share": null,
            "book_valuer_per_share_4q_avg": 0,
            "equity": null,
            "current_ratio": null,
            "debt_ratio": null,
            "inventory_turnover_ratio": null,
            "account_receivable_turnover_ratio": null,
            "reinvestment_rate": null,
            "research_to_sale_ratio": null,
            "price_fair": 0,
            "eps_avg_yearly": 0,
            "eps_latest_yearly": 0,
            "eps_growth_yearly": 0
        },
        "20083": {
            "year_quarter": 20083,
            "year": 2008,
            "quarter": 3,
            "eps": null,
            "eps_growth_year": null,
            "eps_4q": null,
            "eps_4q_growth_year": null,
            "roe": null,
            "roe_4q": 0,
            "gross_profit": null,
            "gross_margin": null,
            "gross_margin_4q_avg": 0,
            "net_income": null,
            "revenue": null,
            "common_shares": null,
            "book_valuer_per_share": null,
            "book_valuer_per_share_4q_avg": 0,
            "equity": null,
            "current_ratio": null,
            "debt_ratio": null,
            "inventory_turnover_ratio": null,
            "account_receivable_turnover_ratio": null,
            "reinvestment_rate": null,
            "research_to_sale_ratio": null,
            "price_fair": 0,
            "eps_avg_yearly": 0,
            "eps_latest_yearly": 0,
            "eps_growth_yearly": 0
        },
        "20084": {
            "year_quarter": 20084,
            "year": 2008,
            "quarter": 4,
            "eps": null,
            "eps_growth_year": null,
            "eps_4q": null,
            "eps_4q_growth_year": null,
            "roe": null,
            "roe_4q": 0,
            "gross_profit": null,
            "gross_margin": null,
            "gross_margin_4q_avg": 0,
            "net_income": null,
            "revenue": null,
            "common_shares": null,
            "book_valuer_per_share": null,
            "book_valuer_per_share_4q_avg": 0,
            "equity": null,
            "current_ratio": null,
            "debt_ratio": null,
            "inventory_turnover_ratio": null,
            "account_receivable_turnover_ratio": null,
            "reinvestment_rate": null,
            "research_to_sale_ratio": null,
            "price_fair": 0,
            "eps_avg_yearly": 0,
            "eps_latest_yearly": 0,
            "eps_growth_yearly": 0
        },
        "20091": {
            "year_quarter": 20091,
            "year": 2009,
            "quarter": 1,
            "eps": null,
            "eps_growth_year": null,
            "eps_4q": null,
            "eps_4q_growth_year": null,
            "roe": null,
            "roe_4q": 0,
            "gross_profit": null,
            "gross_margin": null,
            "gross_margin_4q_avg": 0,
            "net_income": null,
            "revenue": null,
            "common_shares": null,
            "book_valuer_per_share": null,
            "book_valuer_per_share_4q_avg": 0,
            "equity": null,
            "current_ratio": null,
            "debt_ratio": null,
            "inventory_turnover_ratio": null,
            "account_receivable_turnover_ratio": null,
            "reinvestment_rate": null,
            "research_to_sale_ratio": null,
            "price_fair": 0,
            "eps_avg_yearly": 0,
            "eps_latest_yearly": 0,
            "eps_growth_yearly": 0
        },
        "20092": {
            "year_quarter": 20092,
            "year": 2009,
            "quarter": 2,
            "eps": null,
            "eps_growth_year": null,
            "eps_4q": null,
            "eps_4q_growth_year": null,
            "roe": null,
            "roe_4q": 0,
            "gross_profit": null,
            "gross_margin": null,
            "gross_margin_4q_avg": 0,
            "net_income": null,
            "revenue": null,
            "common_shares": null,
            "book_valuer_per_share": null,
            "book_valuer_per_share_4q_avg": 0,
            "equity": null,
            "current_ratio": null,
            "debt_ratio": null,
            "inventory_turnover_ratio": null,
            "account_receivable_turnover_ratio": null,
            "reinvestment_rate": null,
            "research_to_sale_ratio": null,
            "price_fair": 0,
            "eps_avg_yearly": 0,
            "eps_latest_yearly": 0,
            "eps_growth_yearly": 0
        },
        "20093": {
            "year_quarter": 20093,
            "year": 2009,
            "quarter": 3,
            "eps": null,
            "eps_growth_year": null,
            "eps_4q": null,
            "eps_4q_growth_year": null,
            "roe": null,
            "roe_4q": 0,
            "gross_profit": null,
            "gross_margin": null,
            "gross_margin_4q_avg": 0,
            "net_income": null,
            "revenue": null,
            "common_shares": null,
            "book_valuer_per_share": null,
            "book_valuer_per_share_4q_avg": 0,
            "equity": null,
            "current_ratio": null,
            "debt_ratio": null,
            "inventory_turnover_ratio": null,
            "account_receivable_turnover_ratio": null,
            "reinvestment_rate": null,
            "research_to_sale_ratio": null,
            "price_fair": 0,
            "eps_avg_yearly": 0,
            "eps_latest_yearly": 0,
            "eps_growth_yearly": 0
        },
        "20094": {
            "year_quarter": 20094,
            "year": 2009,
            "quarter": 4,
            "eps": null,
            "eps_growth_year": null,
            "eps_4q": null,
            "eps_4q_growth_year": null,
            "roe": null,
            "roe_4q": 0,
            "gross_profit": null,
            "gross_margin": null,
            "gross_margin_4q_avg": 0,
            "net_income": null,
            "revenue": null,
            "common_shares": null,
            "book_valuer_per_share": null,
            "book_valuer_per_share_4q_avg": 0,
            "equity": null,
            "current_ratio": null,
            "debt_ratio": null,
            "inventory_turnover_ratio": null,
            "account_receivable_turnover_ratio": null,
            "reinvestment_rate": null,
            "research_to_sale_ratio": null,
            "price_fair": 0,
            "eps_avg_yearly": 0,
            "eps_latest_yearly": 0,
            "eps_growth_yearly": 0
        },
        "20101": {
            "year_quarter": 20101,
            "year": 2010,
            "quarter": 1,
            "eps": null,
            "eps_growth_year": null,
            "eps_4q": null,
            "eps_4q_growth_year": null,
            "roe": null,
            "roe_4q": 0,
            "gross_profit": null,
            "gross_margin": null,
            "gross_margin_4q_avg": 0,
            "net_income": null,
            "revenue": null,
            "common_shares": null,
            "book_valuer_per_share": null,
            "book_valuer_per_share_4q_avg": 0,
            "equity": null,
            "current_ratio": null,
            "debt_ratio": null,
            "inventory_turnover_ratio": null,
            "account_receivable_turnover_ratio": null,
            "reinvestment_rate": null,
            "research_to_sale_ratio": null,
            "price_fair": 0,
            "eps_avg_yearly": 0,
            "eps_latest_yearly": 0,
            "eps_growth_yearly": 0
        },
        "20102": {
            "year_quarter": 20102,
            "year": 2010,
            "quarter": 2,
            "eps": null,
            "eps_growth_year": null,
            "eps_4q": null,
            "eps_4q_growth_year": null,
            "roe": null,
            "roe_4q": 0,
            "gross_profit": null,
            "gross_margin": null,
            "gross_margin_4q_avg": 0,
            "net_income": null,
            "revenue": null,
            "common_shares": null,
            "book_valuer_per_share": null,
            "book_valuer_per_share_4q_avg": 0,
            "equity": null,
            "current_ratio": null,
            "debt_ratio": null,
            "inventory_turnover_ratio": null,
            "account_receivable_turnover_ratio": null,
            "reinvestment_rate": null,
            "research_to_sale_ratio": null,
            "price_fair": 0,
            "eps_avg_yearly": 0,
            "eps_latest_yearly": 0,
            "eps_growth_yearly": 0
        },
        "20103": {
            "year_quarter": 20103,
            "year": 2010,
            "quarter": 3,
            "eps": null,
            "eps_growth_year": null,
            "eps_4q": null,
            "eps_4q_growth_year": null,
            "roe": null,
            "roe_4q": 0,
            "gross_profit": null,
            "gross_margin": null,
            "gross_margin_4q_avg": 0,
            "net_income": null,
            "revenue": null,
            "common_shares": null,
            "book_valuer_per_share": null,
            "book_valuer_per_share_4q_avg": 0,
            "equity": null,
            "current_ratio": null,
            "debt_ratio": null,
            "inventory_turnover_ratio": null,
            "account_receivable_turnover_ratio": null,
            "reinvestment_rate": null,
            "research_to_sale_ratio": null,
            "price_fair": 0,
            "eps_avg_yearly": 0,
            "eps_latest_yearly": 0,
            "eps_growth_yearly": 0
        },
        "20104": {
            "year_quarter": 20104,
            "year": 2010,
            "quarter": 4,
            "eps": null,
            "eps_growth_year": null,
            "eps_4q": null,
            "eps_4q_growth_year": null,
            "roe": null,
            "roe_4q": 0,
            "gross_profit": null,
            "gross_margin": null,
            "gross_margin_4q_avg": 0,
            "net_income": null,
            "revenue": null,
            "common_shares": null,
            "book_valuer_per_share": null,
            "book_valuer_per_share_4q_avg": 0,
            "equity": null,
            "current_ratio": null,
            "debt_ratio": null,
            "inventory_turnover_ratio": null,
            "account_receivable_turnover_ratio": null,
            "reinvestment_rate": null,
            "research_to_sale_ratio": null,
            "price_fair": 0,
            "eps_avg_yearly": 0,
            "eps_latest_yearly": 0,
            "eps_growth_yearly": 0
        },
        "20111": {
            "year_quarter": 20111,
            "year": 2011,
            "quarter": 1,
            "eps": null,
            "eps_growth_year": null,
            "eps_4q": null,
            "eps_4q_growth_year": null,
            "roe": null,
            "roe_4q": 0,
            "gross_profit": null,
            "gross_margin": null,
            "gross_margin_4q_avg": 0,
            "net_income": null,
            "revenue": null,
            "common_shares": null,
            "book_valuer_per_share": null,
            "book_valuer_per_share_4q_avg": 0,
            "equity": null,
            "current_ratio": null,
            "debt_ratio": null,
            "inventory_turnover_ratio": null,
            "account_receivable_turnover_ratio": null,
            "reinvestment_rate": null,
            "research_to_sale_ratio": null,
            "price_fair": 0,
            "eps_avg_yearly": 0,
            "eps_latest_yearly": 0,
            "eps_growth_yearly": 0
        },
        "20112": {
            "year_quarter": 20112,
            "year": 2011,
            "quarter": 2,
            "eps": null,
            "eps_growth_year": null,
            "eps_4q": null,
            "eps_4q_growth_year": null,
            "roe": null,
            "roe_4q": 0,
            "gross_profit": null,
            "gross_margin": null,
            "gross_margin_4q_avg": 0,
            "net_income": null,
            "revenue": null,
            "common_shares": null,
            "book_valuer_per_share": null,
            "book_valuer_per_share_4q_avg": 0,
            "equity": null,
            "current_ratio": null,
            "debt_ratio": null,
            "inventory_turnover_ratio": null,
            "account_receivable_turnover_ratio": null,
            "reinvestment_rate": null,
            "research_to_sale_ratio": null,
            "price_fair": 0,
            "eps_avg_yearly": 0,
            "eps_latest_yearly": 0,
            "eps_growth_yearly": 0
        },
        "20113": {
            "year_quarter": 20113,
            "year": 2011,
            "quarter": 3,
            "eps": null,
            "eps_growth_year": null,
            "eps_4q": null,
            "eps_4q_growth_year": null,
            "roe": null,
            "roe_4q": 0,
            "gross_profit": null,
            "gross_margin": null,
            "gross_margin_4q_avg": 0,
            "net_income": null,
            "revenue": null,
            "common_shares": null,
            "book_valuer_per_share": null,
            "book_valuer_per_share_4q_avg": 0,
            "equity": null,
            "current_ratio": null,
            "debt_ratio": null,
            "inventory_turnover_ratio": null,
            "account_receivable_turnover_ratio": null,
            "reinvestment_rate": null,
            "research_to_sale_ratio": null,
            "price_fair": 0,
            "eps_avg_yearly": 0,
            "eps_latest_yearly": 0,
            "eps_growth_yearly": 0
        },
        "20114": {
            "year_quarter": 20114,
            "year": 2011,
            "quarter": 4,
            "eps": null,
            "eps_growth_year": null,
            "eps_4q": null,
            "eps_4q_growth_year": null,
            "roe": null,
            "roe_4q": 0,
            "gross_profit": null,
            "gross_margin": null,
            "gross_margin_4q_avg": 0,
            "net_income": null,
            "revenue": null,
            "common_shares": 190570,
            "book_valuer_per_share": 12.08,
            "book_valuer_per_share_4q_avg": 3.02,
            "equity": 230228,
            "current_ratio": 644.24,
            "debt_ratio": 17.38,
            "inventory_turnover_ratio": null,
            "account_receivable_turnover_ratio": null,
            "reinvestment_rate": null,
            "research_to_sale_ratio": null,
            "price_fair": 0,
            "eps_avg_yearly": 0,
            "eps_latest_yearly": 0,
            "eps_growth_yearly": 0
        },
        "20121": {
            "year_quarter": 20121,
            "year": 2012,
            "quarter": 1,
            "eps": null,
            "eps_growth_year": null,
            "eps_4q": null,
            "eps_4q_growth_year": null,
            "roe": null,
            "roe_4q": 0,
            "gross_profit": null,
            "gross_margin": null,
            "gross_margin_4q_avg": 0,
            "net_income": null,
            "revenue": null,
            "common_shares": null,
            "book_valuer_per_share": null,
            "book_valuer_per_share_4q_avg": 3.02,
            "equity": null,
            "current_ratio": null,
            "debt_ratio": null,
            "inventory_turnover_ratio": null,
            "account_receivable_turnover_ratio": null,
            "reinvestment_rate": null,
            "research_to_sale_ratio": null,
            "price_fair": 0,
            "eps_avg_yearly": 0,
            "eps_latest_yearly": 0,
            "eps_growth_yearly": 0
        },
        "20122": {
            "year_quarter": 20122,
            "year": 2012,
            "quarter": 2,
            "eps": null,
            "eps_growth_year": null,
            "eps_4q": null,
            "eps_4q_growth_year": null,
            "roe": null,
            "roe_4q": 0,
            "gross_profit": null,
            "gross_margin": null,
            "gross_margin_4q_avg": 0,
            "net_income": null,
            "revenue": null,
            "common_shares": null,
            "book_valuer_per_share": null,
            "book_valuer_per_share_4q_avg": 3.02,
            "equity": null,
            "current_ratio": null,
            "debt_ratio": null,
            "inventory_turnover_ratio": null,
            "account_receivable_turnover_ratio": null,
            "reinvestment_rate": null,
            "research_to_sale_ratio": null,
            "price_fair": 0,
            "eps_avg_yearly": 0,
            "eps_latest_yearly": 0,
            "eps_growth_yearly": 0
        },
        "20123": {
            "year_quarter": 20123,
            "year": 2012,
            "quarter": 3,
            "eps": null,
            "eps_growth_year": null,
            "eps_4q": null,
            "eps_4q_growth_year": null,
            "roe": null,
            "roe_4q": 0,
            "gross_profit": null,
            "gross_margin": null,
            "gross_margin_4q_avg": 0,
            "net_income": null,
            "revenue": null,
            "common_shares": null,
            "book_valuer_per_share": null,
            "book_valuer_per_share_4q_avg": 3.02,
            "equity": null,
            "current_ratio": null,
            "debt_ratio": null,
            "inventory_turnover_ratio": null,
            "account_receivable_turnover_ratio": null,
            "reinvestment_rate": null,
            "research_to_sale_ratio": null,
            "price_fair": 0,
            "eps_avg_yearly": 0,
            "eps_latest_yearly": 0,
            "eps_growth_yearly": 0
        },
        "20124": {
            "year_quarter": 20124,
            "year": 2012,
            "quarter": 4,
            "eps": null,
            "eps_growth_year": null,
            "eps_4q": null,
            "eps_4q_growth_year": null,
            "roe": null,
            "roe_4q": 0,
            "gross_profit": null,
            "gross_margin": null,
            "gross_margin_4q_avg": 0,
            "net_income": null,
            "revenue": null,
            "common_shares": 202580,
            "book_valuer_per_share": 13.78,
            "book_valuer_per_share_4q_avg": 3.45,
            "equity": 279249,
            "current_ratio": 631,
            "debt_ratio": 16.92,
            "inventory_turnover_ratio": null,
            "account_receivable_turnover_ratio": null,
            "reinvestment_rate": null,
            "research_to_sale_ratio": null,
            "price_fair": 0,
            "eps_avg_yearly": 0,
            "eps_latest_yearly": 0,
            "eps_growth_yearly": 0
        },
        "20131": {
            "year_quarter": 20131,
            "year": 2013,
            "quarter": 1,
            "eps": null,
            "eps_growth_year": null,
            "eps_4q": null,
            "eps_4q_growth_year": null,
            "roe": null,
            "roe_4q": 0,
            "gross_profit": null,
            "gross_margin": null,
            "gross_margin_4q_avg": 0,
            "net_income": null,
            "revenue": null,
            "common_shares": null,
            "book_valuer_per_share": null,
            "book_valuer_per_share_4q_avg": 3.45,
            "equity": null,
            "current_ratio": null,
            "debt_ratio": null,
            "inventory_turnover_ratio": null,
            "account_receivable_turnover_ratio": null,
            "reinvestment_rate": null,
            "research_to_sale_ratio": null,
            "price_fair": 0,
            "eps_avg_yearly": 0,
            "eps_latest_yearly": 0,
            "eps_growth_yearly": 0
        },
        "20132": {
            "year_quarter": 20132,
            "year": 2013,
            "quarter": 2,
            "eps": null,
            "eps_growth_year": null,
            "eps_4q": null,
            "eps_4q_growth_year": null,
            "roe": null,
            "roe_4q": 0,
            "gross_profit": null,
            "gross_margin": null,
            "gross_margin_4q_avg": 0,
            "net_income": null,
            "revenue": null,
            "common_shares": 202880,
            "book_valuer_per_share": null,
            "book_valuer_per_share_4q_avg": 3.45,
            "equity": 301026,
            "current_ratio": null,
            "debt_ratio": null,
            "inventory_turnover_ratio": null,
            "account_receivable_turnover_ratio": null,
            "reinvestment_rate": null,
            "research_to_sale_ratio": null,
            "price_fair": 0,
            "eps_avg_yearly": 0,
            "eps_latest_yearly": 0,
            "eps_growth_yearly": 0
        },
        "20133": {
            "year_quarter": 20133,
            "year": 2013,
            "quarter": 3,
            "eps": null,
            "eps_growth_year": null,
            "eps_4q": null,
            "eps_4q_growth_year": null,
            "roe": null,
            "roe_4q": 0,
            "gross_profit": 43023,
            "gross_margin": null,
            "gross_margin_4q_avg": 0,
            "net_income": 12079,
            "revenue": 115780,
            "common_shares": 230812,
            "book_valuer_per_share": null,
            "book_valuer_per_share_4q_avg": 3.45,
            "equity": 313563,
            "current_ratio": null,
            "debt_ratio": null,
            "inventory_turnover_ratio": null,
            "account_receivable_turnover_ratio": null,
            "reinvestment_rate": null,
            "research_to_sale_ratio": null,
            "price_fair": 0,
            "eps_avg_yearly": 0,
            "eps_latest_yearly": 0,
            "eps_growth_yearly": 0
        },
        "20134": {
            "year_quarter": 20134,
            "year": 2013,
            "quarter": 4,
            "eps": null,
            "eps_growth_year": null,
            "eps_4q": null,
            "eps_4q_growth_year": null,
            "roe": null,
            "roe_4q": 0,
            "gross_profit": 46490,
            "gross_margin": null,
            "gross_margin_4q_avg": 0,
            "net_income": 7154,
            "revenue": 113579,
            "common_shares": 231612,
            "book_valuer_per_share": null,
            "book_valuer_per_share_4q_avg": 0,
            "equity": 322092,
            "current_ratio": null,
            "debt_ratio": null,
            "inventory_turnover_ratio": null,
            "account_receivable_turnover_ratio": null,
            "reinvestment_rate": null,
            "research_to_sale_ratio": null,
            "price_fair": 0,
            "eps_avg_yearly": 0,
            "eps_latest_yearly": 0,
            "eps_growth_yearly": 0
        },
        "20141": {
            "year_quarter": 20141,
            "year": 2014,
            "quarter": 1,
            "eps": null,
            "eps_growth_year": null,
            "eps_4q": null,
            "eps_4q_growth_year": null,
            "roe": null,
            "roe_4q": 0,
            "gross_profit": 35721,
            "gross_margin": null,
            "gross_margin_4q_avg": 0,
            "net_income": 4769,
            "revenue": 90558,
            "common_shares": 232762,
            "book_valuer_per_share": 14.12,
            "book_valuer_per_share_4q_avg": 3.53,
            "equity": 328570,
            "current_ratio": 639.77,
            "debt_ratio": 16.12,
            "inventory_turnover_ratio": null,
            "account_receivable_turnover_ratio": null,
            "reinvestment_rate": null,
            "research_to_sale_ratio": null,
            "price_fair": 0,
            "eps_avg_yearly": 0,
            "eps_latest_yearly": 0,
            "eps_growth_yearly": 0
        },
        "20142": {
            "year_quarter": 20142,
            "year": 2014,
            "quarter": 2,
            "eps": 0.49,
            "eps_growth_year": null,
            "eps_4q": 0.49,
            "eps_4q_growth_year": null,
            "roe": 3.55,
            "roe_4q": 3.55,
            "gross_profit": 49995,
            "gross_margin": 40.78,
            "gross_margin_4q_avg": 10.2,
            "net_income": 11864,
            "revenue": 122590,
            "common_shares": 241767,
            "book_valuer_per_share": 14.01,
            "book_valuer_per_share_4q_avg": 7.03,
            "equity": 340105,
            "current_ratio": 479.71,
            "debt_ratio": 20.36,
            "inventory_turnover_ratio": 0.84,
            "account_receivable_turnover_ratio": 4.72,
            "reinvestment_rate": null,
            "research_to_sale_ratio": null,
            "price_fair": 0,
            "eps_avg_yearly": 0,
            "eps_latest_yearly": 0,
            "eps_growth_yearly": 0
        },
        "20143": {
            "year_quarter": 20143,
            "year": 2014,
            "quarter": 3,
            "eps": 0.68,
            "eps_growth_year": null,
            "eps_4q": 1.17,
            "eps_4q_growth_year": null,
            "roe": 4.76,
            "roe_4q": 8.309999999999999,
            "gross_profit": 53178,
            "gross_margin": 41,
            "gross_margin_4q_avg": 20.45,
            "net_income": 16616,
            "revenue": 129705,
            "common_shares": 242769,
            "book_valuer_per_share": 14.72,
            "book_valuer_per_share_4q_avg": 10.71,
            "equity": 357624,
            "current_ratio": 544.26,
            "debt_ratio": 18.54,
            "inventory_turnover_ratio": 1.07,
            "account_receivable_turnover_ratio": 2.16,
            "reinvestment_rate": null,
            "research_to_sale_ratio": 7.45,
            "price_fair": 95.2,
            "eps_avg_yearly": 2.72,
            "eps_latest_yearly": 2.72,
            "eps_growth_yearly": 155.1
        },
        "20144": {
            "year_quarter": 20144,
            "year": 2014,
            "quarter": 4,
            "eps": 0.42,
            "eps_growth_year": null,
            "eps_4q": 1.59,
            "eps_4q_growth_year": null,
            "roe": 2.81,
            "roe_4q": 11.120000000000001,
            "gross_profit": 52041,
            "gross_margin": 39.64,
            "gross_margin_4q_avg": 30.36,
            "net_income": 10231,
            "revenue": 131278,
            "common_shares": 244194,
            "book_valuer_per_share": 15.16,
            "book_valuer_per_share_4q_avg": 14.5,
            "equity": 370137,
            "current_ratio": 521.2,
            "debt_ratio": 19.76,
            "inventory_turnover_ratio": 1.08,
            "account_receivable_turnover_ratio": 2,
            "reinvestment_rate": null,
            "research_to_sale_ratio": 11.67,
            "price_fair": 24.38,
            "eps_avg_yearly": 2.2,
            "eps_latest_yearly": 1.68,
            "eps_growth_yearly": 1.08
        },
        "20151": {
            "year_quarter": 20151,
            "year": 2015,
            "quarter": 1,
            "eps": 0.45,
            "eps_growth_year": null,
            "eps_4q": 2.01,
            "eps_4q_growth_year": null,
            "roe": 2.91,
            "roe_4q": 14.030000000000001,
            "gross_profit": 48759,
            "gross_margin": 42.19,
            "gross_margin_4q_avg": 40.9,
            "net_income": 10988,
            "revenue": 115578,
            "common_shares": 244194,
            "book_valuer_per_share": 15.61,
            "book_valuer_per_share_4q_avg": 14.88,
            "equity": 384375,
            "current_ratio": 599.63,
            "debt_ratio": 17.89,
            "inventory_turnover_ratio": 0.8,
            "account_receivable_turnover_ratio": 1.88,
            "reinvestment_rate": null,
            "research_to_sale_ratio": 9.06,
            "price_fair": 41.84,
            "eps_avg_yearly": 2.07,
            "eps_latest_yearly": 1.8,
            "eps_growth_yearly": 10.24
        },
        "20152": {
            "year_quarter": 20152,
            "year": 2015,
            "quarter": 2,
            "eps": 0.73,
            "eps_growth_year": 49.5,
            "eps_4q": 2.08,
            "eps_4q_growth_year": 325.08,
            "roe": 4.48,
            "roe_4q": 14.96,
            "gross_profit": 60807,
            "gross_margin": 42.33,
            "gross_margin_4q_avg": 41.29,
            "net_income": 18461,
            "revenue": 143664,
            "common_shares": 270970,
            "book_valuer_per_share": 16.24,
            "book_valuer_per_share_4q_avg": 15.43,
            "equity": 440318,
            "current_ratio": 379.36,
            "debt_ratio": 25.4,
            "inventory_turnover_ratio": 0.91,
            "account_receivable_turnover_ratio": 2.26,
            "reinvestment_rate": null,
            "research_to_sale_ratio": 7.79,
            "price_fair": 79.8,
            "eps_avg_yearly": 2.28,
            "eps_latest_yearly": 2.92,
            "eps_growth_yearly": 69.91
        },
        "20153": {
            "year_quarter": 20153,
            "year": 2015,
            "quarter": 3,
            "eps": 0.88,
            "eps_growth_year": 29.41,
            "eps_4q": 2.32,
            "eps_4q_growth_year": 97.68,
            "roe": 5.26,
            "roe_4q": 15.46,
            "gross_profit": 61202,
            "gross_margin": 42.84,
            "gross_margin_4q_avg": 41.75,
            "net_income": 23870,
            "revenue": 142873,
            "common_shares": 271221,
            "book_valuer_per_share": 17.09,
            "book_valuer_per_share_4q_avg": 16.03,
            "equity": 467529,
            "current_ratio": 524.63,
            "debt_ratio": 19.33,
            "inventory_turnover_ratio": 0.82,
            "account_receivable_turnover_ratio": 1.96,
            "reinvestment_rate": null,
            "research_to_sale_ratio": 9.61,
            "price_fair": 88.48,
            "eps_avg_yearly": 2.53,
            "eps_latest_yearly": 3.52,
            "eps_growth_yearly": 72.36
        },
        "20154": {
            "year_quarter": 20154,
            "year": 2015,
            "quarter": 4,
            "eps": 0.42,
            "eps_growth_year": 1.22,
            "eps_4q": 2.36,
            "eps_4q_growth_year": 49.16,
            "roe": 2.46,
            "roe_4q": 15.11,
            "gross_profit": 62162,
            "gross_margin": 41.96,
            "gross_margin_4q_avg": 42.33,
            "net_income": 11652,
            "revenue": 148149,
            "common_shares": 273982,
            "book_valuer_per_share": 17.51,
            "book_valuer_per_share_4q_avg": 16.61,
            "equity": 480854,
            "current_ratio": 450.91,
            "debt_ratio": 21.83,
            "inventory_turnover_ratio": 0.76,
            "account_receivable_turnover_ratio": 1.87,
            "reinvestment_rate": null,
            "research_to_sale_ratio": 11.92,
            "price_fair": 83.53,
            "eps_avg_yearly": 2.39,
            "eps_latest_yearly": 1.68,
            "eps_growth_yearly": 25.45
        },
        "20161": {
            "year_quarter": 20161,
            "year": 2016,
            "quarter": 1,
            "eps": 0.34,
            "eps_growth_year": -24.44,
            "eps_4q": 2.29,
            "eps_4q_growth_year": 13.92,
            "roe": 1.91,
            "roe_4q": 14.11,
            "gross_profit": 51325,
            "gross_margin": 45.33,
            "gross_margin_4q_avg": 43.12,
            "net_income": 9297,
            "revenue": 113227,
            "common_shares": 275267,
            "book_valuer_per_share": 17.85,
            "book_valuer_per_share_4q_avg": 17.17,
            "equity": 492324,
            "current_ratio": 843.07,
            "debt_ratio": 12.77,
            "inventory_turnover_ratio": 0.54,
            "account_receivable_turnover_ratio": 1.54,
            "reinvestment_rate": null,
            "research_to_sale_ratio": 11.53,
            "price_fair": 46.89,
            "eps_avg_yearly": 2.24,
            "eps_latest_yearly": 1.36,
            "eps_growth_yearly": 10.93
        },
        "20162": {
            "year_quarter": 20162,
            "year": 2016,
            "quarter": 2,
            "eps": 0.48,
            "eps_growth_year": -34.25,
            "eps_4q": 2.08,
            "eps_4q_growth_year": 0.26,
            "roe": 2.79,
            "roe_4q": 12.42,
            "gross_profit": 56821,
            "gross_margin": 40.35,
            "gross_margin_4q_avg": 42.62,
            "net_income": 13171,
            "revenue": 140804,
            "common_shares": 278466,
            "book_valuer_per_share": 16.23,
            "book_valuer_per_share_4q_avg": 17.17,
            "equity": 452055,
            "current_ratio": 403.24,
            "debt_ratio": 23.66,
            "inventory_turnover_ratio": 0.84,
            "account_receivable_turnover_ratio": 1.89,
            "reinvestment_rate": null,
            "research_to_sale_ratio": 9.49,
            "price_fair": 77,
            "eps_avg_yearly": 2.2,
            "eps_latest_yearly": 1.92,
            "eps_growth_yearly": 30.15
        },
        "20163": {
            "year_quarter": 20163,
            "year": 2016,
            "quarter": 3,
            "eps": 0.52,
            "eps_growth_year": -40.91,
            "eps_4q": 1.7,
            "eps_4q_growth_year": -26.82,
            "roe": 3.17,
            "roe_4q": 10.33,
            "gross_profit": 64830,
            "gross_margin": 40.31,
            "gross_margin_4q_avg": 41.99,
            "net_income": 14581,
            "revenue": 160834,
            "common_shares": 287091,
            "book_valuer_per_share": 16.29,
            "book_valuer_per_share_4q_avg": 16.97,
            "equity": 467886,
            "current_ratio": 638,
            "debt_ratio": 15.13,
            "inventory_turnover_ratio": 1.15,
            "account_receivable_turnover_ratio": 1.73,
            "reinvestment_rate": null,
            "research_to_sale_ratio": 7.95,
            "price_fair": 76.53,
            "eps_avg_yearly": 2.19,
            "eps_latest_yearly": 2.08,
            "eps_growth_yearly": 30.51
        },
        "20164": {
            "year_quarter": 20164,
            "year": 2016,
            "quarter": 4,
            "eps": 0.49,
            "eps_growth_year": 14.56,
            "eps_4q": 1.77,
            "eps_4q_growth_year": -25.01,
            "roe": 2.93,
            "roe_4q": 10.8,
            "gross_profit": 63706,
            "gross_margin": 42.22,
            "gross_margin_4q_avg": 42.05,
            "net_income": 13980,
            "revenue": 150897,
            "common_shares": 287041,
            "book_valuer_per_share": 16.86,
            "book_valuer_per_share_4q_avg": 16.81,
            "equity": 484782,
            "current_ratio": 546.1,
            "debt_ratio": 17.48,
            "inventory_turnover_ratio": 0.99,
            "account_receivable_turnover_ratio": 1.53,
            "reinvestment_rate": null,
            "research_to_sale_ratio": 9.34,
            "price_fair": 75.74,
            "eps_avg_yearly": 2.16,
            "eps_latest_yearly": 1.96,
            "eps_growth_yearly": 25.15
        },
        "20171": {
            "year_quarter": 20171,
            "year": 2017,
            "quarter": 1,
            "eps": 0.18,
            "eps_growth_year": -47.06,
            "eps_4q": 1.62,
            "eps_4q_growth_year": -29.2,
            "roe": 0.99,
            "roe_4q": 9.879999999999999,
            "gross_profit": 59804,
            "gross_margin": 43.81,
            "gross_margin_4q_avg": 41.67,
            "net_income": 4862,
            "revenue": 136522,
            "common_shares": 287787,
            "book_valuer_per_share": 17.1,
            "book_valuer_per_share_4q_avg": 16.62,
            "equity": 494278,
            "current_ratio": 657.23,
            "debt_ratio": 15.49,
            "inventory_turnover_ratio": 0.81,
            "account_receivable_turnover_ratio": 1.47,
            "reinvestment_rate": null,
            "research_to_sale_ratio": 9.76,
            "price_fair": 6.1,
            "eps_avg_yearly": 2.03,
            "eps_latest_yearly": 0.72,
            "eps_growth_yearly": -0.14
        },
        "20172": {
            "year_quarter": 20172,
            "year": 2017,
            "quarter": 2,
            "eps": 0.53,
            "eps_growth_year": 10.42,
            "eps_4q": 1.68,
            "eps_4q_growth_year": -19.37,
            "roe": 3.21,
            "roe_4q": 10.3,
            "gross_profit": 66725,
            "gross_margin": 41.99,
            "gross_margin_4q_avg": 42.08,
            "net_income": 15250,
            "revenue": 158925,
            "common_shares": 288987,
            "book_valuer_per_share": 15.71,
            "book_valuer_per_share_4q_avg": 16.49,
            "equity": 456304,
            "current_ratio": 371.66,
            "debt_ratio": 26.32,
            "inventory_turnover_ratio": 0.92,
            "account_receivable_turnover_ratio": 1.54,
            "reinvestment_rate": 3.67,
            "research_to_sale_ratio": 8.98,
            "price_fair": 71.4,
            "eps_avg_yearly": 2.04,
            "eps_latest_yearly": 2.12,
            "eps_growth_yearly": 64.68
        },
        "20173": {
            "year_quarter": 20173,
            "year": 2017,
            "quarter": 3,
            "eps": 0.59,
            "eps_growth_year": 13.46,
            "eps_4q": 1.74,
            "eps_4q_growth_year": 2.91,
            "roe": 3.55,
            "roe_4q": 10.68,
            "gross_profit": 69763,
            "gross_margin": 40.17,
            "gross_margin_4q_avg": 42.05,
            "net_income": 16526,
            "revenue": 173690,
            "common_shares": 288987,
            "book_valuer_per_share": 16.35,
            "book_valuer_per_share_4q_avg": 16.51,
            "equity": 474906,
            "current_ratio": 491.16,
            "debt_ratio": 19.95,
            "inventory_turnover_ratio": 0.93,
            "account_receivable_turnover_ratio": 1.37,
            "reinvestment_rate": 9.57,
            "research_to_sale_ratio": 7.95,
            "price_fair": 72.26,
            "eps_avg_yearly": 2.06,
            "eps_latest_yearly": 2.36,
            "eps_growth_yearly": 63.19
        },
        "20174": {
            "year_quarter": 20174,
            "year": 2017,
            "quarter": 4,
            "eps": 0.35,
            "eps_growth_year": -27.68,
            "eps_4q": 1.61,
            "eps_4q_growth_year": -9.35,
            "roe": 2.01,
            "roe_4q": 9.76,
            "gross_profit": 59103,
            "gross_margin": 40.83,
            "gross_margin_4q_avg": 41.7,
            "net_income": 9656,
            "revenue": 144764,
            "common_shares": 288810,
            "book_valuer_per_share": 16.79,
            "book_valuer_per_share_4q_avg": 16.49,
            "equity": 487602,
            "current_ratio": 515.21,
            "debt_ratio": 18.94,
            "inventory_turnover_ratio": 0.74,
            "account_receivable_turnover_ratio": 1.17,
            "reinvestment_rate": 11.16,
            "research_to_sale_ratio": 9.54,
            "price_fair": 70.6,
            "eps_avg_yearly": 2.02,
            "eps_latest_yearly": 1.4,
            "eps_growth_yearly": 47.06
        },
        "20181": {
            "year_quarter": 20181,
            "year": 2018,
            "quarter": 1,
            "eps": 0.24,
            "eps_growth_year": 33.33,
            "eps_4q": 1.66,
            "eps_4q_growth_year": 2.42,
            "roe": 1.31,
            "roe_4q": 10.079999999999998,
            "gross_profit": 54463,
            "gross_margin": 41.59,
            "gross_margin_4q_avg": 41.15,
            "net_income": 6469,
            "revenue": 130942,
            "common_shares": 289355,
            "book_valuer_per_share": 17.11,
            "book_valuer_per_share_4q_avg": 16.49,
            "equity": 497547,
            "current_ratio": 670.28,
            "debt_ratio": 14.99,
            "inventory_turnover_ratio": 0.68,
            "account_receivable_turnover_ratio": 1.32,
            "reinvestment_rate": 9.86,
            "research_to_sale_ratio": 10.58,
            "price_fair": 68.13,
            "eps_avg_yearly": 1.95,
            "eps_latest_yearly": 0.96,
            "eps_growth_yearly": 35.54
        },
        "20182": {
            "year_quarter": 20182,
            "year": 2018,
            "quarter": 2,
            "eps": 0.59,
            "eps_growth_year": 11.32,
            "eps_4q": 1.72,
            "eps_4q_growth_year": 2.43,
            "roe": 3.46,
            "roe_4q": 10.329999999999998,
            "gross_profit": 69217,
            "gross_margin": 43.39,
            "gross_margin_4q_avg": 41.5,
            "net_income": 16581,
            "revenue": 159523,
            "common_shares": 289805,
            "book_valuer_per_share": 15.81,
            "book_valuer_per_share_4q_avg": 16.52,
            "equity": 461816,
            "current_ratio": 363.18,
            "debt_ratio": 25.8,
            "inventory_turnover_ratio": 0.82,
            "account_receivable_turnover_ratio": 1.53,
            "reinvestment_rate": 8.47,
            "research_to_sale_ratio": 10.44,
            "price_fair": 69.04,
            "eps_avg_yearly": 1.97,
            "eps_latest_yearly": 2.36,
            "eps_growth_yearly": 69.78
        },
        "20183": {
            "year_quarter": 20183,
            "year": 2018,
            "quarter": 3,
            "eps": 0.24,
            "eps_growth_year": -59.32,
            "eps_4q": 1.4,
            "eps_4q_growth_year": -19.83,
            "roe": 1.45,
            "roe_4q": 8.23,
            "gross_profit": 57486,
            "gross_margin": 42.08,
            "gross_margin_4q_avg": 41.97,
            "net_income": 6776,
            "revenue": 136602,
            "common_shares": 291278,
            "book_valuer_per_share": 16.11,
            "book_valuer_per_share_4q_avg": 16.46,
            "equity": 470395,
            "current_ratio": 576.94,
            "debt_ratio": 16.83,
            "inventory_turnover_ratio": 0.69,
            "account_receivable_turnover_ratio": 1.26,
            "reinvestment_rate": 6.96,
            "research_to_sale_ratio": 10.86,
            "price_fair": 65.19,
            "eps_avg_yearly": 1.86,
            "eps_latest_yearly": 0.96,
            "eps_growth_yearly": 45.25
        },
        "20184": {
            "year_quarter": 20184,
            "year": 2018,
            "quarter": 4,
            "eps": 0.5,
            "eps_growth_year": 41.26,
            "eps_4q": 1.55,
            "eps_4q_growth_year": -3.87,
            "roe": 2.98,
            "roe_4q": 9.2,
            "gross_profit": 67672,
            "gross_margin": 40.32,
            "gross_margin_4q_avg": 41.85,
            "net_income": 14268,
            "revenue": 167826,
            "common_shares": 291278,
            "book_valuer_per_share": 16.72,
            "book_valuer_per_share_4q_avg": 16.44,
            "equity": 487819,
            "current_ratio": 535.47,
            "debt_ratio": 18.05,
            "inventory_turnover_ratio": 0.89,
            "account_receivable_turnover_ratio": 1.5,
            "reinvestment_rate": 7.87,
            "research_to_sale_ratio": 9.29,
            "price_fair": 65.89,
            "eps_avg_yearly": 1.88,
            "eps_latest_yearly": 2,
            "eps_growth_yearly": 81.89
        },
        "20191": {
            "year_quarter": 20191,
            "year": 2019,
            "quarter": 1,
            "eps": 0.31,
            "eps_growth_year": 29.17,
            "eps_4q": 1.61,
            "eps_4q_growth_year": -2.88,
            "roe": 1.77,
            "roe_4q": 9.66,
            "gross_profit": 55989,
            "gross_margin": 42.18,
            "gross_margin_4q_avg": 41.99,
            "net_income": 8739,
            "revenue": 132745,
            "common_shares": 292098,
            "book_valuer_per_share": 17.1,
            "book_valuer_per_share_4q_avg": 16.44,
            "equity": 500414,
            "current_ratio": 572.75,
            "debt_ratio": 17.02,
            "inventory_turnover_ratio": 0.72,
            "account_receivable_turnover_ratio": 1.1,
            "reinvestment_rate": 5.5,
            "research_to_sale_ratio": 11.84,
            "price_fair": 64.66,
            "eps_avg_yearly": 1.85,
            "eps_latest_yearly": 1.24,
            "eps_growth_yearly": 70.61
        },
        "20192": {
            "year_quarter": 20192,
            "year": 2019,
            "quarter": 2,
            "eps": 0.55,
            "eps_growth_year": -6.78,
            "eps_4q": 1.58,
            "eps_4q_growth_year": -8.04,
            "roe": 3.26,
            "roe_4q": 9.459999999999999,
            "gross_profit": 66532,
            "gross_margin": 38.73,
            "gross_margin_4q_avg": 40.83,
            "net_income": 15725,
            "revenue": 171796,
            "common_shares": 292098,
            "book_valuer_per_share": 15.91,
            "book_valuer_per_share_4q_avg": 16.46,
            "equity": 465351,
            "current_ratio": 352.05,
            "debt_ratio": 26.58,
            "inventory_turnover_ratio": 0.97,
            "account_receivable_turnover_ratio": 1.4,
            "reinvestment_rate": 4.73,
            "research_to_sale_ratio": 10.4,
            "price_fair": 63.09,
            "eps_avg_yearly": 1.8,
            "eps_latest_yearly": 2.2,
            "eps_growth_yearly": 74.41
        },
        "20193": {
            "year_quarter": 20193,
            "year": 2019,
            "quarter": 3,
            "eps": 0.43,
            "eps_growth_year": 79.17,
            "eps_4q": 1.77,
            "eps_4q_growth_year": 26.2,
            "roe": 2.63,
            "roe_4q": 10.64,
            "gross_profit": 68120,
            "gross_margin": 39.05,
            "gross_margin_4q_avg": 40.07,
            "net_income": 12415,
            "revenue": 174428,
            "common_shares": 292098,
            "book_valuer_per_share": 16.34,
            "book_valuer_per_share_4q_avg": 16.52,
            "equity": 477970,
            "current_ratio": 453.06,
            "debt_ratio": 22.49,
            "inventory_turnover_ratio": 0.97,
            "account_receivable_turnover_ratio": 1.35,
            "reinvestment_rate": 5.66,
            "research_to_sale_ratio": 10.32,
            "price_fair": 59.15,
            "eps_avg_yearly": 1.69,
            "eps_latest_yearly": 1.72,
            "eps_growth_yearly": 63.81
        },
        "20194": {
            "year_quarter": 20194,
            "year": 2019,
            "quarter": 4,
            "eps": 0.63,
            "eps_growth_year": 26.06,
            "eps_4q": 1.89,
            "eps_4q_growth_year": 22.52,
            "roe": 3.75,
            "roe_4q": 11.41,
            "gross_profit": 75174,
            "gross_margin": 40.9,
            "gross_margin_4q_avg": 40.22,
            "net_income": 18290,
            "revenue": 183780,
            "common_shares": 292748,
            "book_valuer_per_share": 16.98,
            "book_valuer_per_share_4q_avg": 16.58,
            "equity": 497836,
            "current_ratio": 521.86,
            "debt_ratio": 19.48,
            "inventory_turnover_ratio": 1.08,
            "account_receivable_turnover_ratio": 1.49,
            "reinvestment_rate": 7.58,
            "research_to_sale_ratio": 10.99,
            "price_fair": 60.99,
            "eps_avg_yearly": 1.74,
            "eps_latest_yearly": 2.52,
            "eps_growth_yearly": 88.51
        },
        "20201": {
            "year_quarter": 20201,
            "year": 2020,
            "quarter": 1,
            "eps": 0.82,
            "eps_growth_year": 164.52,
            "eps_4q": 2.32,
            "eps_4q_growth_year": 43.83,
            "roe": 4.88,
            "roe_4q": 14.519999999999998,
            "gross_profit": 78485,
            "gross_margin": 41.57,
            "gross_margin_4q_avg": 40.06,
            "net_income": 23878,
            "revenue": 188788,
            "common_shares": 294348,
            "book_valuer_per_share": 16.12,
            "book_valuer_per_share_4q_avg": 16.34,
            "equity": 480561,
            "current_ratio": 324.28,
            "debt_ratio": 29.14,
            "inventory_turnover_ratio": 1.09,
            "account_receivable_turnover_ratio": 1.46,
            "reinvestment_rate": 8.46,
            "research_to_sale_ratio": 9.94,
            "price_fair": 65.19,
            "eps_avg_yearly": 1.86,
            "eps_latest_yearly": 3.28,
            "eps_growth_yearly": 100.81
        },
        "20202": {
            "year_quarter": 20202,
            "year": 2020,
            "quarter": 2,
            "eps": 2.02,
            "eps_growth_year": 267.27,
            "eps_4q": 3.83,
            "eps_4q_growth_year": 142.05,
            "roe": 11.74,
            "roe_4q": 23,
            "gross_profit": 150028,
            "gross_margin": 44.5,
            "gross_margin_4q_avg": 41.51,
            "net_income": 60048,
            "revenue": 337112,
            "common_shares": 297778,
            "book_valuer_per_share": 18.14,
            "book_valuer_per_share_4q_avg": 16.9,
            "equity": 542147,
            "current_ratio": 269.64,
            "debt_ratio": 36.52,
            "inventory_turnover_ratio": 1.36,
            "account_receivable_turnover_ratio": 2.29,
            "reinvestment_rate": 6.82,
            "research_to_sale_ratio": 8.27,
            "price_fair": 78.66,
            "eps_avg_yearly": 2.25,
            "eps_latest_yearly": 8.08,
            "eps_growth_yearly": 127.1
        },
        "20203": {
            "year_quarter": 20203,
            "year": 2020,
            "quarter": 3,
            "eps": 1.94,
            "eps_growth_year": 351.16,
            "eps_4q": 5.36,
            "eps_4q_growth_year": 203.68,
            "roe": 10.1,
            "roe_4q": 30.47,
            "gross_profit": 137063,
            "gross_margin": 44.63,
            "gross_margin_4q_avg": 42.9,
            "net_income": 57709,
            "revenue": 307097,
            "common_shares": 298548,
            "book_valuer_per_share": 20.09,
            "book_valuer_per_share_4q_avg": 17.83,
            "equity": 600328,
            "current_ratio": 362.81,
            "debt_ratio": 28.95,
            "inventory_turnover_ratio": 1.05,
            "account_receivable_turnover_ratio": 1.72,
            "reinvestment_rate": 6.69,
            "research_to_sale_ratio": 7.89,
            "price_fair": 91.09,
            "eps_avg_yearly": 2.6,
            "eps_latest_yearly": 7.76,
            "eps_growth_yearly": 124.03
        },
        "20204": {
            "year_quarter": 20204,
            "year": 2020,
            "quarter": 4,
            "eps": 2.24,
            "eps_growth_year": 258.81,
            "eps_4q": 6.99,
            "eps_4q_growth_year": 269.32,
            "roe": 10.56,
            "roe_4q": 37.28,
            "gross_profit": 153090,
            "gross_margin": 46.63,
            "gross_margin_4q_avg": 44.33,
            "net_income": 66973,
            "revenue": 328318,
            "common_shares": 298548,
            "book_valuer_per_share": 22.37,
            "book_valuer_per_share_4q_avg": 19.18,
            "equity": 668306,
            "current_ratio": 323.97,
            "debt_ratio": 30.71,
            "inventory_turnover_ratio": 1.12,
            "account_receivable_turnover_ratio": 1.56,
            "reinvestment_rate": 6.83,
            "research_to_sale_ratio": 8.28,
            "price_fair": 106.4,
            "eps_avg_yearly": 3.04,
            "eps_latest_yearly": 8.96,
            "eps_growth_yearly": 129.34
        },
        "20211": {
            "year_quarter": 20211,
            "year": 2021,
            "quarter": 1,
            "eps": 2.94,
            "eps_growth_year": 258.54,
            "eps_4q": 9.13,
            "eps_4q_growth_year": 293.05,
            "roe": 14.19,
            "roe_4q": 46.59,
            "gross_profit": 186607,
            "gross_margin": 54.33,
            "gross_margin_4q_avg": 47.52,
            "net_income": 87650,
            "revenue": 343469,
            "common_shares": 298548,
            "book_valuer_per_share": 18.97,
            "book_valuer_per_share_4q_avg": 19.89,
            "equity": 566726,
            "current_ratio": 198.03,
            "debt_ratio": 45.81,
            "inventory_turnover_ratio": 0.96,
            "account_receivable_turnover_ratio": 1.65,
            "reinvestment_rate": 5.79,
            "research_to_sale_ratio": 7.91,
            "price_fair": 130.55,
            "eps_avg_yearly": 3.73,
            "eps_latest_yearly": 11.76,
            "eps_growth_yearly": 152.97
        },
        "20212": {
            "year_quarter": 20212,
            "year": 2021,
            "quarter": 2,
            "eps": 3.11,
            "eps_growth_year": 53.96,
            "eps_4q": 10.23,
            "eps_4q_growth_year": 167.28,
            "roe": 15.15,
            "roe_4q": 50,
            "gross_profit": 193753,
            "gross_margin": 55.56,
            "gross_margin_4q_avg": 50.29,
            "net_income": 92835,
            "revenue": 348715,
            "common_shares": 298548,
            "book_valuer_per_share": 22.06,
            "book_valuer_per_share_4q_avg": 20.87,
            "equity": 658999,
            "current_ratio": 219.35,
            "debt_ratio": 41.5,
            "inventory_turnover_ratio": 0.87,
            "account_receivable_turnover_ratio": 1.96,
            "reinvestment_rate": 5.23,
            "research_to_sale_ratio": 9.05,
            "price_fair": 153.13,
            "eps_avg_yearly": 4.38,
            "eps_latest_yearly": 12.44,
            "eps_growth_yearly": 105.8
        },
        "20213": {
            "year_quarter": 20213,
            "year": 2021,
            "quarter": 3,
            "eps": 3.89,
            "eps_growth_year": 100.52,
            "eps_4q": 12.18,
            "eps_4q_growth_year": 127.16,
            "roe": 16.21,
            "roe_4q": 56.11,
            "gross_profit": 191555,
            "gross_margin": 53.42,
            "gross_margin_4q_avg": 52.49,
            "net_income": 116250,
            "revenue": 358568,
            "common_shares": 298548,
            "book_valuer_per_share": 25.94,
            "book_valuer_per_share_4q_avg": 22.34,
            "equity": 775131,
            "current_ratio": 284.01,
            "debt_ratio": 30.53,
            "inventory_turnover_ratio": 0.82,
            "account_receivable_turnover_ratio": 2.1,
            "reinvestment_rate": 15.55,
            "research_to_sale_ratio": 9.37,
            "price_fair": 182,
            "eps_avg_yearly": 5.2,
            "eps_latest_yearly": 15.56,
            "eps_growth_yearly": 109.24
        },
        "20214": {
            "year_quarter": 20214,
            "year": 2021,
            "quarter": 4,
            "eps": 2.75,
            "eps_growth_year": 22.44,
            "eps_4q": 12.06,
            "eps_4q_growth_year": 72.45,
            "roe": 9.22,
            "roe_4q": 54.769999999999996,
            "gross_profit": 187155,
            "gross_margin": 52.1,
            "gross_margin_4q_avg": 53.85,
            "net_income": 87491,
            "revenue": 359188,
            "common_shares": 318548,
            "book_valuer_per_share": 35.2,
            "book_valuer_per_share_4q_avg": 25.54,
            "equity": 1122049,
            "current_ratio": 397.58,
            "debt_ratio": 22.79,
            "inventory_turnover_ratio": 0.65,
            "account_receivable_turnover_ratio": 1.82,
            "reinvestment_rate": 19.45,
            "research_to_sale_ratio": 10.61,
            "price_fair": 203,
            "eps_avg_yearly": 5.8,
            "eps_latest_yearly": 11,
            "eps_growth_yearly": 112.08
        },
        "20221": {
            "year_quarter": 20221,
            "year": 2022,
            "quarter": 1,
            "eps": 2.51,
            "eps_growth_year": -14.63,
            "eps_4q": 11.81,
            "eps_4q_growth_year": 29.39,
            "roe": 8.06,
            "roe_4q": 48.64,
            "gross_profit": 141549,
            "gross_margin": 49.74,
            "gross_margin_4q_avg": 52.71,
            "net_income": 79796,
            "revenue": 284575,
            "common_shares": 318548,
            "book_valuer_per_share": 26.92,
            "book_valuer_per_share_4q_avg": 27.53,
            "equity": 858141,
            "current_ratio": 191.01,
            "debt_ratio": 43.81,
            "inventory_turnover_ratio": 0.43,
            "account_receivable_turnover_ratio": 1.32,
            "reinvestment_rate": 24.5,
            "research_to_sale_ratio": 9.44,
            "price_fair": 222.86,
            "eps_avg_yearly": 6.37,
            "eps_latest_yearly": 10.04,
            "eps_growth_yearly": 117.76
        },
        "20222": {
            "year_quarter": 20222,
            "year": 2022,
            "quarter": 2,
            "eps": 0.88,
            "eps_growth_year": -71.7,
            "eps_4q": 9.78,
            "eps_4q_growth_year": -4.35,
            "roe": 2.95,
            "roe_4q": 36.440000000000005,
            "gross_profit": 106043,
            "gross_margin": 44.9,
            "gross_margin_4q_avg": 50.04,
            "net_income": 28157,
            "revenue": 236179,
            "common_shares": 318548,
            "book_valuer_per_share": 27.85,
            "book_valuer_per_share_4q_avg": 28.98,
            "equity": 1052124,
            "current_ratio": 222.52,
            "debt_ratio": 38.32,
            "inventory_turnover_ratio": 0.28,
            "account_receivable_turnover_ratio": 1,
            "reinvestment_rate": 24.02,
            "research_to_sale_ratio": 10.8,
            "price_fair": 225.4,
            "eps_avg_yearly": 6.44,
            "eps_latest_yearly": 3.52,
            "eps_growth_yearly": 65.07
        },
        "20223": {
            "year_quarter": 20223,
            "year": 2022,
            "quarter": 3,
            "eps": -0.46,
            "eps_growth_year": -111.83,
            "eps_4q": 5.68,
            "eps_4q_growth_year": -53.35,
            "roe": -1.51,
            "roe_4q": 18.72,
            "gross_profit": 51422,
            "gross_margin": 29.75,
            "gross_margin_4q_avg": 44.12,
            "net_income": -15783,
            "revenue": 172833,
            "common_shares": 318548,
            "book_valuer_per_share": 27.5,
            "book_valuer_per_share_4q_avg": 29.37,
            "equity": 1039828,
            "current_ratio": 382.43,
            "debt_ratio": 21.84,
            "inventory_turnover_ratio": 0.21,
            "account_receivable_turnover_ratio": 0.74,
            "reinvestment_rate": 24.24,
            "research_to_sale_ratio": 19.77,
            "price_fair": 238.19,
            "eps_avg_yearly": 6.81,
            "eps_latest_yearly": 3.52,
            "eps_growth_yearly": 85.22
        },
        "20224": {
            "year_quarter": 20224,
            "year": 2022,
            "quarter": 4,
            "eps": -0.95,
            "eps_growth_year": -134.57,
            "eps_4q": 1.98,
            "eps_4q_growth_year": -83.56,
            "roe": -3.26,
            "roe_4q": 6.240000000000001,
            "gross_profit": 27762,
            "gross_margin": 18.24,
            "gross_margin_4q_avg": 35.66,
            "net_income": -33456,
            "revenue": 152191,
            "common_shares": 318548,
            "book_valuer_per_share": 26.69,
            "book_valuer_per_share_4q_avg": 27.24,
            "equity": 1012304,
            "current_ratio": 419.96,
            "debt_ratio": 19.49,
            "inventory_turnover_ratio": 0.21,
            "account_receivable_turnover_ratio": 0.78,
            "reinvestment_rate": 25.68,
            "research_to_sale_ratio": 18.45,
            "price_fair": 250.2,
            "eps_avg_yearly": 7.15,
            "eps_latest_yearly": 3.52,
            "eps_growth_yearly": 60.36
        },
        "20231": {
            "year_quarter": 20231,
            "year": 2023,
            "quarter": 1,
            "eps": -1.2,
            "eps_growth_year": -147.81,
            "eps_4q": -1.72,
            "eps_4q_growth_year": -114.58,
            "roe": -4.48,
            "roe_4q": -6.3,
            "gross_profit": 22038,
            "gross_margin": 15.66,
            "gross_margin_4q_avg": 27.14,
            "net_income": -43766,
            "revenue": 140684,
            "common_shares": 318548,
            "book_valuer_per_share": 24.59,
            "book_valuer_per_share_4q_avg": 26.66,
            "equity": 939558,
            "current_ratio": 403.42,
            "debt_ratio": 20.31,
            "inventory_turnover_ratio": 0.21,
            "account_receivable_turnover_ratio": 0.94,
            "reinvestment_rate": 27.46,
            "research_to_sale_ratio": 22.9,
            "price_fair": 266.11,
            "eps_avg_yearly": 7.6,
            "eps_latest_yearly": 3.52,
            "eps_growth_yearly": 76.69
        },
        "20232": {
            "year_quarter": 20232,
            "year": 2023,
            "quarter": 2,
            "eps": -0.93,
            "eps_growth_year": -205.68,
            "eps_4q": -3.53,
            "eps_4q_growth_year": -136.13,
            "roe": -3.74,
            "roe_4q": -12.99,
            "gross_profit": 32303,
            "gross_margin": 18.66,
            "gross_margin_4q_avg": 20.58,
            "net_income": -34522,
            "revenue": 173135,
            "common_shares": 318548,
            "book_valuer_per_share": 23.7,
            "book_valuer_per_share_4q_avg": 25.62,
            "equity": 906375,
            "current_ratio": 429.6,
            "debt_ratio": 19.64,
            "inventory_turnover_ratio": 0.27,
            "account_receivable_turnover_ratio": 1.36,
            "reinvestment_rate": 29.1,
            "research_to_sale_ratio": 17.47,
            "price_fair": 281.87,
            "eps_avg_yearly": 8.05,
            "eps_latest_yearly": 3.52,
            "eps_growth_yearly": 57.28
        }
    },
    "months": {
        "2014-06": {
            "month": "2014-06",
            "price": "36.37",
            "revenue": 38771
        },
        "2014-07": {
            "month": "2014-07",
            "price": "37.48",
            "revenue": 43389
        },
        "2014-08": {
            "month": "2014-08",
            "price": "36.57",
            "revenue": 37506
        },
        "2014-09": {
            "month": "2014-09",
            "price": "36.61",
            "revenue": 48809
        },
        "2014-10": {
            "month": "2014-10",
            "price": "35.83",
            "revenue": 41008
        },
        "2014-11": {
            "month": "2014-11",
            "price": "33.24",
            "revenue": 47064
        },
        "2014-12": {
            "month": "2014-12",
            "price": "31.76",
            "revenue": 43649
        },
        "2015-01": {
            "month": "2015-01",
            "price": "39.26",
            "revenue": 45847
        },
        "2015-02": {
            "month": "2015-02",
            "price": "39.54",
            "revenue": 22920
        },
        "2015-03": {
            "month": "2015-03",
            "price": "43.46",
            "revenue": 46811
        },
        "2015-04": {
            "month": "2015-04",
            "price": "41.54",
            "revenue": 49102
        },
        "2015-05": {
            "month": "2015-05",
            "price": "41.67",
            "revenue": 45129
        },
        "2015-06": {
            "month": "2015-06",
            "price": "37.85",
            "revenue": 49433
        },
        "2015-07": {
            "month": "2015-07",
            "price": "33.87",
            "revenue": 44339
        },
        "2015-08": {
            "month": "2015-08",
            "price": "29.80",
            "revenue": 52198
        },
        "2015-09": {
            "month": "2015-09",
            "price": "33.95",
            "revenue": 46336
        },
        "2015-10": {
            "month": "2015-10",
            "price": "33.37",
            "revenue": 49724
        },
        "2015-11": {
            "month": "2015-11",
            "price": "35.60",
            "revenue": 48036
        },
        "2015-12": {
            "month": "2015-12",
            "price": "41.32",
            "revenue": 50389
        },
        "2016-01": {
            "month": "2016-01",
            "price": "36.34",
            "revenue": 51007
        },
        "2016-02": {
            "month": "2016-02",
            "price": "37.74",
            "revenue": 19539
        },
        "2016-03": {
            "month": "2016-03",
            "price": "39.79",
            "revenue": 42678
        },
        "2016-04": {
            "month": "2016-04",
            "price": "36.86",
            "revenue": 48732
        },
        "2016-05": {
            "month": "2016-05",
            "price": "36.40",
            "revenue": 44817
        },
        "2016-06": {
            "month": "2016-06",
            "price": "35.37",
            "revenue": 47223
        },
        "2016-07": {
            "month": "2016-07",
            "price": "33.36",
            "revenue": 47656
        },
        "2016-08": {
            "month": "2016-08",
            "price": "32.17",
            "revenue": 56031
        },
        "2016-09": {
            "month": "2016-09",
            "price": "32.75",
            "revenue": 57180
        },
        "2016-10": {
            "month": "2016-10",
            "price": "32.30",
            "revenue": 42641
        },
        "2016-11": {
            "month": "2016-11",
            "price": "29.36",
            "revenue": 53646
        },
        "2016-12": {
            "month": "2016-12",
            "price": "29.01",
            "revenue": 54147
        },
        "2017-01": {
            "month": "2017-01",
            "price": "30.65",
            "revenue": 42995
        },
        "2017-02": {
            "month": "2017-02",
            "price": "29.60",
            "revenue": 36102
        },
        "2017-03": {
            "month": "2017-03",
            "price": "31.45",
            "revenue": 57425
        },
        "2017-04": {
            "month": "2017-04",
            "price": "32.38",
            "revenue": 52642
        },
        "2017-05": {
            "month": "2017-05",
            "price": "31.39",
            "revenue": 54196
        },
        "2017-06": {
            "month": "2017-06",
            "price": "31.44",
            "revenue": 52087
        },
        "2017-07": {
            "month": "2017-07",
            "price": "28.43",
            "revenue": 51364
        },
        "2017-08": {
            "month": "2017-08",
            "price": "27.68",
            "revenue": 60684
        },
        "2017-09": {
            "month": "2017-09",
            "price": "29.54",
            "revenue": 61641
        },
        "2017-10": {
            "month": "2017-10",
            "price": "30.40",
            "revenue": 46970
        },
        "2017-11": {
            "month": "2017-11",
            "price": "39.83",
            "revenue": 48246
        },
        "2017-12": {
            "month": "2017-12",
            "price": "35.50",
            "revenue": 48658
        },
        "2018-01": {
            "month": "2018-01",
            "price": "35.43",
            "revenue": 51318
        },
        "2018-02": {
            "month": "2018-02",
            "price": "32.41",
            "revenue": 21574
        },
        "2018-03": {
            "month": "2018-03",
            "price": "32.88",
            "revenue": 57991
        },
        "2018-04": {
            "month": "2018-04",
            "price": "32.36",
            "revenue": 49621
        },
        "2018-05": {
            "month": "2018-05",
            "price": "32.00",
            "revenue": 55629
        },
        "2018-06": {
            "month": "2018-06",
            "price": "32.84",
            "revenue": 54332
        },
        "2018-07": {
            "month": "2018-07",
            "price": "30.48",
            "revenue": 46187
        },
        "2018-08": {
            "month": "2018-08",
            "price": "29.70",
            "revenue": 41850
        },
        "2018-09": {
            "month": "2018-09",
            "price": "28.40",
            "revenue": 48564
        },
        "2018-10": {
            "month": "2018-10",
            "price": "27.19",
            "revenue": 50951
        },
        "2018-11": {
            "month": "2018-11",
            "price": "26.88",
            "revenue": 56153
        },
        "2018-12": {
            "month": "2018-12",
            "price": "26.88",
            "revenue": 60233
        },
        "2019-01": {
            "month": "2019-01",
            "price": "27.83",
            "revenue": 50351
        },
        "2019-02": {
            "month": "2019-02",
            "price": "27.69",
            "revenue": 24645
        },
        "2019-03": {
            "month": "2019-03",
            "price": "28.20",
            "revenue": 57758
        },
        "2019-04": {
            "month": "2019-04",
            "price": "29.06",
            "revenue": 59852
        },
        "2019-05": {
            "month": "2019-05",
            "price": "27.76",
            "revenue": 59237
        },
        "2019-06": {
            "month": "2019-06",
            "price": "27.83",
            "revenue": 52698
        },
        "2019-07": {
            "month": "2019-07",
            "price": "27.40",
            "revenue": 54531
        },
        "2019-08": {
            "month": "2019-08",
            "price": "26.96",
            "revenue": 55813
        },
        "2019-09": {
            "month": "2019-09",
            "price": "27.79",
            "revenue": 64081
        },
        "2019-10": {
            "month": "2019-10",
            "price": "29.42",
            "revenue": 62837
        },
        "2019-11": {
            "month": "2019-11",
            "price": "29.53",
            "revenue": 62075
        },
        "2019-12": {
            "month": "2019-12",
            "price": "29.51",
            "revenue": 57947
        },
        "2020-01": {
            "month": "2020-01",
            "price": "29.00",
            "revenue": 42164
        },
        "2020-02": {
            "month": "2020-02",
            "price": "30.41",
            "revenue": 50538
        },
        "2020-03": {
            "month": "2020-03",
            "price": "48.44",
            "revenue": 96086
        },
        "2020-04": {
            "month": "2020-04",
            "price": "71.88",
            "revenue": 114438
        },
        "2020-05": {
            "month": "2020-05",
            "price": "79.95",
            "revenue": 117802
        },
        "2020-06": {
            "month": "2020-06",
            "price": "64.68",
            "revenue": 104871
        },
        "2020-07": {
            "month": "2020-07",
            "price": "58.33",
            "revenue": 92103
        },
        "2020-08": {
            "month": "2020-08",
            "price": "55.51",
            "revenue": 105119
        },
        "2020-09": {
            "month": "2020-09",
            "price": "55.87",
            "revenue": 109876
        },
        "2020-10": {
            "month": "2020-10",
            "price": "64.02",
            "revenue": 99323
        },
        "2020-11": {
            "month": "2020-11",
            "price": "67.07",
            "revenue": 103756
        },
        "2020-12": {
            "month": "2020-12",
            "price": "78.91",
            "revenue": 123397
        },
        "2021-01": {
            "month": "2021-01",
            "price": "103.09",
            "revenue": 114005
        },
        "2021-02": {
            "month": "2021-02",
            "price": "105.36",
            "revenue": 80354
        },
        "2021-03": {
            "month": "2021-03",
            "price": "129.27",
            "revenue": 149110
        },
        "2021-04": {
            "month": "2021-04",
            "price": "181.79",
            "revenue": 126216
        },
        "2021-05": {
            "month": "2021-05",
            "price": "156.05",
            "revenue": 114561
        },
        "2021-06": {
            "month": "2021-06",
            "price": "158.95",
            "revenue": 107938
        },
        "2021-07": {
            "month": "2021-07",
            "price": "161.91",
            "revenue": 123521
        },
        "2021-08": {
            "month": "2021-08",
            "price": "160.32",
            "revenue": 123859
        },
        "2021-09": {
            "month": "2021-09",
            "price": "163.85",
            "revenue": 111189
        },
        "2021-10": {
            "month": "2021-10",
            "price": "158.82",
            "revenue": 114418
        },
        "2021-11": {
            "month": "2021-11",
            "price": "194.84",
            "revenue": 122889
        },
        "2021-12": {
            "month": "2021-12",
            "price": "197.41",
            "revenue": 120308
        },
        "2022-01": {
            "month": "2022-01",
            "price": "173.08",
            "revenue": 108846
        },
        "2022-02": {
            "month": "2022-02",
            "price": "158.67",
            "revenue": 87049
        },
        "2022-03": {
            "month": "2022-03",
            "price": "147.83",
            "revenue": 88681
        },
        "2022-04": {
            "month": "2022-04",
            "price": "119.47",
            "revenue": 96976
        },
        "2022-05": {
            "month": "2022-05",
            "price": "104.39",
            "revenue": 74456
        },
        "2022-06": {
            "month": "2022-06",
            "price": "99.84",
            "revenue": 64748
        },
        "2022-07": {
            "month": "2022-07",
            "price": "80.64",
            "revenue": 61709
        },
        "2022-08": {
            "month": "2022-08",
            "price": "74.27",
            "revenue": 60451
        },
        "2022-09": {
            "month": "2022-09",
            "price": "65.27",
            "revenue": 50674
        },
        "2022-10": {
            "month": "2022-10",
            "price": "56.15",
            "revenue": 50779
        },
        "2022-11": {
            "month": "2022-11",
            "price": "58.34",
            "revenue": 48341
        },
        "2022-12": {
            "month": "2022-12",
            "price": "60.51",
            "revenue": 53069
        },
        "2023-01": {
            "month": "2023-01",
            "price": "58.28",
            "revenue": 33801
        },
        "2023-02": {
            "month": "2023-02",
            "price": "61.90",
            "revenue": 48241
        },
        "2023-03": {
            "month": "2023-03",
            "price": "61.49",
            "revenue": 58642
        },
        "2023-04": {
            "month": "2023-04",
            "price": "58.56",
            "revenue": 54130
        },
        "2023-05": {
            "month": "2023-05",
            "price": "51.44",
            "revenue": 54817
        },
        "2023-06": {
            "month": "2023-06",
            "price": "51.36",
            "revenue": 64188
        },
        "2023-07": {
            "month": "2023-07",
            "price": "49.36",
            "revenue": 66485
        },
        "2023-08": {
            "month": "2023-08",
            "price": "45.65",
            "revenue": 70715
        }
    }
}
