{
    "summary": {
        "stock_name": "神盾",
        "stock_id": "6462",
        "category": "半導體",
        "main_business": "I301010  資訊軟體服務業<br>I301020  資料處理服務業<br>I301030  電子資訊供應服務業",
        "website_url": "http://www.egistec.com",
        "ceo": "羅森洲",
        "pe_ratio": -28,
        "report_year_from": 2013,
        "report_year_to": 2023,
        "age": 11,
        "eps_negative_percentage": 50,
        "eps_growth_avg": {
            "last_all": 3.46,
            "last_2y": -100,
            "last_4y": -31.86,
            "last_8y": 3.46,
            "last_12y": null,
            "last_16y": null,
            "last_20y": null,
            "at_2006_last_3y": null,
            "at_2007_last_3y": null,
            "at_2008_last_3y": null,
            "at_2009_last_3y": null,
            "at_2010_last_3y": null,
            "at_2011_last_3y": null,
            "at_2012_last_3y": null,
            "at_2013_last_3y": null,
            "at_2014_last_3y": null,
            "at_2015_last_3y": null,
            "at_2016_last_3y": null,
            "at_2017_last_3y": null,
            "at_2018_last_3y": 56.44,
            "at_2019_last_3y": 48.24,
            "at_2020_last_3y": 29.33,
            "at_2021_last_3y": -20.67,
            "at_2022_last_3y": -31.86,
            "at_2023_last_3y": -63.7,
            "at_2024_last_3y": -63.7,
            "at_2006_last_all": null,
            "at_2007_last_all": null,
            "at_2008_last_all": null,
            "at_2009_last_all": null,
            "at_2010_last_all": null,
            "at_2011_last_all": null,
            "at_2012_last_all": null,
            "at_2013_last_all": null,
            "at_2014_last_all": null,
            "at_2015_last_all": null,
            "at_2016_last_all": null,
            "at_2017_last_all": 100,
            "at_2018_last_all": 56.44,
            "at_2019_last_all": 48.24,
            "at_2020_last_all": 29.33,
            "at_2021_last_all": 3.46,
            "at_2022_last_all": 3.46,
            "at_2023_last_all": 3.46,
            "at_2024_last_all": 3.46
        },
        "latest_eps": -10.36,
        "latest_price": 293.5,
        "latest_roe": -12.3,
        "latest_gross_margin": 31.37,
        "latest_equity": 8280944,
        "latest_revenue": 946548,
        "latest_gross_profit": 296912,
        "latest_net_income": -307374,
        "latest_debt_ratio": 32.87,
        "latest_current_ratio": 199.41,
        "latest_account_receivable_turnover_ratio": 1.43,
        "latest_inventory_turnover_ratio": 0.56,
        "latest_reinvestment_rate": null,
        "latest_research_to_sale_ratio": 41.04
    },
    "eps_dividends": {
        "2001": {
            "cash": 0,
            "stock": 0,
            "eps": 0
        },
        "2002": {
            "cash": 0,
            "stock": 0,
            "eps": 0
        },
        "2003": {
            "cash": 0,
            "stock": 0,
            "eps": 0
        },
        "2004": {
            "cash": 0,
            "stock": 0,
            "eps": 0
        },
        "2005": {
            "cash": 0,
            "stock": 0,
            "eps": 0
        },
        "2006": {
            "cash": 0,
            "stock": 0,
            "eps": 0
        },
        "2007": {
            "cash": 0,
            "stock": 0,
            "eps": 0
        },
        "2008": {
            "cash": 0,
            "stock": 0,
            "eps": 0
        },
        "2009": {
            "cash": 0,
            "stock": 0,
            "eps": 0
        },
        "2010": {
            "cash": 0,
            "stock": 0,
            "eps": 0
        },
        "2011": {
            "cash": 0,
            "stock": 0,
            "eps": 0
        },
        "2012": {
            "cash": 0,
            "stock": 0,
            "eps": 0
        },
        "2013": {
            "cash": 0,
            "stock": 0,
            "eps": 0
        },
        "2014": {
            "cash": 0,
            "stock": 0,
            "eps": -0.91
        },
        "2015": {
            "cash": 0,
            "stock": 0,
            "eps": -1.35
        },
        "2016": {
            "cash": 0,
            "stock": 0,
            "eps": 1.63
        },
        "2017": {
            "cash": 0,
            "stock": 0,
            "eps": 8.46
        },
        "2018": {
            "cash": 4.25,
            "stock": 0,
            "eps": 9.55
        },
        "2019": {
            "cash": 8.1,
            "stock": 0,
            "eps": 12.59
        },
        "2020": {
            "cash": 9,
            "stock": 0,
            "eps": 9.14
        },
        "2021": {
            "cash": 15,
            "stock": 0,
            "eps": -3.12
        },
        "2022": {
            "cash": 10,
            "stock": 0,
            "eps": -12.31
        },
        "2023": {
            "cash": 3,
            "stock": 0,
            "eps": -6.83
        }
    },
    "dividends": {
        "2018-03-05": {
            "cash": 4.25,
            "stock": 0
        },
        "2019-03-14": {
            "cash": 8.1,
            "stock": 0
        },
        "2020-08-26": {
            "cash": 9,
            "stock": 0
        },
        "2021-08-25": {
            "cash": 15,
            "stock": 0
        },
        "2022-08-03": {
            "cash": 10,
            "stock": 0
        },
        "2023-08-04": {
            "cash": 3,
            "stock": 0
        }
    },
    "prices": {
        "200101": "無",
        "200102": "無",
        "200103": "無",
        "200104": "無",
        "200105": "無",
        "200106": "無",
        "200107": "無",
        "200108": "無",
        "200109": "無",
        "200110": "無",
        "200111": "無",
        "200112": "無",
        "200201": "無",
        "200202": "無",
        "200203": "無",
        "200204": "無",
        "200205": "無",
        "200206": "無",
        "200207": "無",
        "200208": "無",
        "200209": "無",
        "200210": "無",
        "200211": "無",
        "200212": "無",
        "200301": "無",
        "200302": "無",
        "200303": "無",
        "200304": "無",
        "200305": "無",
        "200306": "無",
        "200307": "無",
        "200308": "無",
        "200309": "無",
        "200310": "無",
        "200311": "無",
        "200312": "無",
        "200401": "無",
        "200402": "無",
        "200403": "無",
        "200404": "無",
        "200405": "無",
        "200406": "無",
        "200407": "無",
        "200408": "無",
        "200409": "無",
        "200410": "無",
        "200411": "無",
        "200412": "無",
        "200501": "無",
        "200502": "無",
        "200503": "無",
        "200504": "無",
        "200505": "無",
        "200506": "無",
        "200507": "無",
        "200508": "無",
        "200509": "無",
        "200510": "無",
        "200511": "無",
        "200512": "無",
        "200601": "無",
        "200602": "無",
        "200603": "無",
        "200604": "無",
        "200605": "無",
        "200606": "無",
        "200607": "無",
        "200608": "無",
        "200609": "無",
        "200610": "無",
        "200611": "無",
        "200612": "無",
        "200701": "無",
        "200702": "無",
        "200703": "無",
        "200704": "無",
        "200705": "無",
        "200706": "無",
        "200707": "無",
        "200708": "無",
        "200709": "無",
        "200710": "無",
        "200711": "無",
        "200712": "無",
        "200801": "無",
        "200802": "無",
        "200803": "無",
        "200804": "無",
        "200805": "無",
        "200806": "無",
        "200807": "無",
        "200808": "無",
        "200809": "無",
        "200810": "無",
        "200811": "無",
        "200812": "無",
        "200901": "無",
        "200902": "無",
        "200903": "無",
        "200904": "無",
        "200905": "無",
        "200906": "無",
        "200907": "無",
        "200908": "無",
        "200909": "無",
        "200910": "無",
        "200911": "無",
        "200912": "無",
        "201001": "無",
        "201002": "無",
        "201003": "無",
        "201004": "無",
        "201005": "無",
        "201006": "無",
        "201007": "無",
        "201008": "無",
        "201009": "無",
        "201010": "無",
        "201011": "無",
        "201012": "無",
        "201101": "無",
        "201102": "無",
        "201103": "無",
        "201104": "無",
        "201105": "無",
        "201106": "無",
        "201107": "無",
        "201108": "無",
        "201109": "無",
        "201110": "無",
        "201111": "無",
        "201112": "無",
        "201201": "無",
        "201202": "無",
        "201203": "無",
        "201204": "無",
        "201205": "無",
        "201206": "無",
        "201207": "無",
        "201208": "無",
        "201209": "無",
        "201210": "無",
        "201211": "無",
        "201212": "無",
        "201301": "無",
        "201302": "無",
        "201303": "無",
        "201304": "無",
        "201305": "無",
        "201306": "無",
        "201307": "無",
        "201308": "無",
        "201309": "無",
        "201310": "無",
        "201311": "無",
        "201312": "無",
        "201401": "無",
        "201402": "無",
        "201403": "無",
        "201404": "無",
        "201405": "無",
        "201406": "151.83",
        "201407": "113.45",
        "201408": "84.08",
        "201409": "98.78",
        "201410": "114.29",
        "201411": "102.34",
        "201412": "99.36",
        "201501": "132.93",
        "201502": "150.01",
        "201503": "148.09",
        "201504": "154.14",
        "201505": "125.07",
        "201506": "124.52",
        "201507": "120.35",
        "201508": "111.97",
        "201509": "115.14",
        "201510": "127.71",
        "201511": "123.47",
        "201512": "129.57",
        "201601": "141.64",
        "201602": "150.96",
        "201603": "148.28",
        "201604": "138.37",
        "201605": "130.33",
        "201606": "153.00",
        "201607": "170.20",
        "201608": "219.04",
        "201609": "235.82",
        "201610": "217.62",
        "201611": "250.11",
        "201612": "252.52",
        "201701": "256.03",
        "201702": "270.44",
        "201703": "247.70",
        "201704": "204.67",
        "201705": "176.55",
        "201706": "201.00",
        "201707": "200.21",
        "201708": "266.54",
        "201709": "281.27",
        "201710": "247.50",
        "201711": "230.05",
        "201712": "222.93",
        "201801": "227.09",
        "201802": "179.88",
        "201803": "152.52",
        "201804": "140.25",
        "201805": "142.70",
        "201806": "153.10",
        "201807": "133.20",
        "201808": "150.83",
        "201809": "125.32",
        "201810": "99.55",
        "201811": "127.93",
        "201812": "198.12",
        "201901": "186.00",
        "201902": "210.15",
        "201903": "224.80",
        "201904": "271.18",
        "201905": "236.02",
        "201906": "237.34",
        "201907": "235.76",
        "201908": "243.14",
        "201909": "281.05",
        "201910": "287.00",
        "201911": "242.57",
        "201912": "236.50",
        "202001": "230.67",
        "202002": "219.21",
        "202003": "168.39",
        "202004": "167.18",
        "202005": "187.32",
        "202006": "192.40",
        "202007": "197.33",
        "202008": "176.36",
        "202009": "171.27",
        "202010": "162.24",
        "202011": "167.52",
        "202012": "168.80",
        "202101": "162.20",
        "202102": "150.62",
        "202103": "161.34",
        "202104": "169.84",
        "202105": "161.79",
        "202106": "162.90",
        "202107": "165.18",
        "202108": "127.52",
        "202109": "118.90",
        "202110": "117.00",
        "202111": "117.89",
        "202112": "113.30",
        "202201": "112.39",
        "202202": "110.87",
        "202203": "100.65",
        "202204": "114.21",
        "202205": "109.07",
        "202206": "99.04",
        "202207": "83.07",
        "202208": "81.12",
        "202209": "74.04",
        "202210": "61.04",
        "202211": "62.24",
        "202212": "63.56",
        "202301": "63.61",
        "202302": "76.02",
        "202303": "83.84",
        "202304": "85.59",
        "202305": "84.24",
        "202306": "94.46",
        "202307": "106.67",
        "202308": "87.40",
        "202309": "84.68",
        "202310": "83.50",
        "202311": "91.28",
        "202312": "122.36"
    },
    "quarters": {
        "20011": {
            "year_quarter": 20011,
            "year": 2001,
            "quarter": 1,
            "eps": null,
            "eps_growth_year": null,
            "eps_4q": null,
            "eps_4q_growth_year": null,
            "roe": null,
            "roe_4q": 0,
            "gross_profit": null,
            "gross_margin": null,
            "gross_margin_4q_avg": 0,
            "net_income": null,
            "net_income_4q": null,
            "revenue": null,
            "revenue_4q": null,
            "common_shares": null,
            "book_valuer_per_share": null,
            "book_valuer_per_share_4q_avg": 0,
            "equity": null,
            "current_ratio": null,
            "debt_ratio": null,
            "inventory_turnover_ratio": null,
            "account_receivable_turnover_ratio": null,
            "reinvestment_rate": null,
            "research_to_sale_ratio": null,
            "price_fair": 0,
            "eps_avg_yearly": 0,
            "eps_latest_yearly": 0,
            "eps_growth_yearly": 0
        },
        "20012": {
            "year_quarter": 20012,
            "year": 2001,
            "quarter": 2,
            "eps": null,
            "eps_growth_year": null,
            "eps_4q": null,
            "eps_4q_growth_year": null,
            "roe": null,
            "roe_4q": 0,
            "gross_profit": null,
            "gross_margin": null,
            "gross_margin_4q_avg": 0,
            "net_income": null,
            "net_income_4q": null,
            "revenue": null,
            "revenue_4q": null,
            "common_shares": null,
            "book_valuer_per_share": null,
            "book_valuer_per_share_4q_avg": 0,
            "equity": null,
            "current_ratio": null,
            "debt_ratio": null,
            "inventory_turnover_ratio": null,
            "account_receivable_turnover_ratio": null,
            "reinvestment_rate": null,
            "research_to_sale_ratio": null,
            "price_fair": 0,
            "eps_avg_yearly": 0,
            "eps_latest_yearly": 0,
            "eps_growth_yearly": 0
        },
        "20013": {
            "year_quarter": 20013,
            "year": 2001,
            "quarter": 3,
            "eps": null,
            "eps_growth_year": null,
            "eps_4q": null,
            "eps_4q_growth_year": null,
            "roe": null,
            "roe_4q": 0,
            "gross_profit": null,
            "gross_margin": null,
            "gross_margin_4q_avg": 0,
            "net_income": null,
            "net_income_4q": null,
            "revenue": null,
            "revenue_4q": null,
            "common_shares": null,
            "book_valuer_per_share": null,
            "book_valuer_per_share_4q_avg": 0,
            "equity": null,
            "current_ratio": null,
            "debt_ratio": null,
            "inventory_turnover_ratio": null,
            "account_receivable_turnover_ratio": null,
            "reinvestment_rate": null,
            "research_to_sale_ratio": null,
            "price_fair": 0,
            "eps_avg_yearly": 0,
            "eps_latest_yearly": 0,
            "eps_growth_yearly": 0
        },
        "20014": {
            "year_quarter": 20014,
            "year": 2001,
            "quarter": 4,
            "eps": null,
            "eps_growth_year": null,
            "eps_4q": null,
            "eps_4q_growth_year": null,
            "roe": null,
            "roe_4q": 0,
            "gross_profit": null,
            "gross_margin": null,
            "gross_margin_4q_avg": 0,
            "net_income": null,
            "net_income_4q": null,
            "revenue": null,
            "revenue_4q": null,
            "common_shares": null,
            "book_valuer_per_share": null,
            "book_valuer_per_share_4q_avg": 0,
            "equity": null,
            "current_ratio": null,
            "debt_ratio": null,
            "inventory_turnover_ratio": null,
            "account_receivable_turnover_ratio": null,
            "reinvestment_rate": null,
            "research_to_sale_ratio": null,
            "price_fair": 0,
            "eps_avg_yearly": 0,
            "eps_latest_yearly": 0,
            "eps_growth_yearly": 0
        },
        "20021": {
            "year_quarter": 20021,
            "year": 2002,
            "quarter": 1,
            "eps": null,
            "eps_growth_year": null,
            "eps_4q": null,
            "eps_4q_growth_year": null,
            "roe": null,
            "roe_4q": 0,
            "gross_profit": null,
            "gross_margin": null,
            "gross_margin_4q_avg": 0,
            "net_income": null,
            "net_income_4q": null,
            "revenue": null,
            "revenue_4q": null,
            "common_shares": null,
            "book_valuer_per_share": null,
            "book_valuer_per_share_4q_avg": 0,
            "equity": null,
            "current_ratio": null,
            "debt_ratio": null,
            "inventory_turnover_ratio": null,
            "account_receivable_turnover_ratio": null,
            "reinvestment_rate": null,
            "research_to_sale_ratio": null,
            "price_fair": 0,
            "eps_avg_yearly": 0,
            "eps_latest_yearly": 0,
            "eps_growth_yearly": 0
        },
        "20022": {
            "year_quarter": 20022,
            "year": 2002,
            "quarter": 2,
            "eps": null,
            "eps_growth_year": null,
            "eps_4q": null,
            "eps_4q_growth_year": null,
            "roe": null,
            "roe_4q": 0,
            "gross_profit": null,
            "gross_margin": null,
            "gross_margin_4q_avg": 0,
            "net_income": null,
            "net_income_4q": null,
            "revenue": null,
            "revenue_4q": null,
            "common_shares": null,
            "book_valuer_per_share": null,
            "book_valuer_per_share_4q_avg": 0,
            "equity": null,
            "current_ratio": null,
            "debt_ratio": null,
            "inventory_turnover_ratio": null,
            "account_receivable_turnover_ratio": null,
            "reinvestment_rate": null,
            "research_to_sale_ratio": null,
            "price_fair": 0,
            "eps_avg_yearly": 0,
            "eps_latest_yearly": 0,
            "eps_growth_yearly": 0
        },
        "20023": {
            "year_quarter": 20023,
            "year": 2002,
            "quarter": 3,
            "eps": null,
            "eps_growth_year": null,
            "eps_4q": null,
            "eps_4q_growth_year": null,
            "roe": null,
            "roe_4q": 0,
            "gross_profit": null,
            "gross_margin": null,
            "gross_margin_4q_avg": 0,
            "net_income": null,
            "net_income_4q": null,
            "revenue": null,
            "revenue_4q": null,
            "common_shares": null,
            "book_valuer_per_share": null,
            "book_valuer_per_share_4q_avg": 0,
            "equity": null,
            "current_ratio": null,
            "debt_ratio": null,
            "inventory_turnover_ratio": null,
            "account_receivable_turnover_ratio": null,
            "reinvestment_rate": null,
            "research_to_sale_ratio": null,
            "price_fair": 0,
            "eps_avg_yearly": 0,
            "eps_latest_yearly": 0,
            "eps_growth_yearly": 0
        },
        "20024": {
            "year_quarter": 20024,
            "year": 2002,
            "quarter": 4,
            "eps": null,
            "eps_growth_year": null,
            "eps_4q": null,
            "eps_4q_growth_year": null,
            "roe": null,
            "roe_4q": 0,
            "gross_profit": null,
            "gross_margin": null,
            "gross_margin_4q_avg": 0,
            "net_income": null,
            "net_income_4q": null,
            "revenue": null,
            "revenue_4q": null,
            "common_shares": null,
            "book_valuer_per_share": null,
            "book_valuer_per_share_4q_avg": 0,
            "equity": null,
            "current_ratio": null,
            "debt_ratio": null,
            "inventory_turnover_ratio": null,
            "account_receivable_turnover_ratio": null,
            "reinvestment_rate": null,
            "research_to_sale_ratio": null,
            "price_fair": 0,
            "eps_avg_yearly": 0,
            "eps_latest_yearly": 0,
            "eps_growth_yearly": 0
        },
        "20031": {
            "year_quarter": 20031,
            "year": 2003,
            "quarter": 1,
            "eps": null,
            "eps_growth_year": null,
            "eps_4q": null,
            "eps_4q_growth_year": null,
            "roe": null,
            "roe_4q": 0,
            "gross_profit": null,
            "gross_margin": null,
            "gross_margin_4q_avg": 0,
            "net_income": null,
            "net_income_4q": null,
            "revenue": null,
            "revenue_4q": null,
            "common_shares": null,
            "book_valuer_per_share": null,
            "book_valuer_per_share_4q_avg": 0,
            "equity": null,
            "current_ratio": null,
            "debt_ratio": null,
            "inventory_turnover_ratio": null,
            "account_receivable_turnover_ratio": null,
            "reinvestment_rate": null,
            "research_to_sale_ratio": null,
            "price_fair": 0,
            "eps_avg_yearly": 0,
            "eps_latest_yearly": 0,
            "eps_growth_yearly": 0
        },
        "20032": {
            "year_quarter": 20032,
            "year": 2003,
            "quarter": 2,
            "eps": null,
            "eps_growth_year": null,
            "eps_4q": null,
            "eps_4q_growth_year": null,
            "roe": null,
            "roe_4q": 0,
            "gross_profit": null,
            "gross_margin": null,
            "gross_margin_4q_avg": 0,
            "net_income": null,
            "net_income_4q": null,
            "revenue": null,
            "revenue_4q": null,
            "common_shares": null,
            "book_valuer_per_share": null,
            "book_valuer_per_share_4q_avg": 0,
            "equity": null,
            "current_ratio": null,
            "debt_ratio": null,
            "inventory_turnover_ratio": null,
            "account_receivable_turnover_ratio": null,
            "reinvestment_rate": null,
            "research_to_sale_ratio": null,
            "price_fair": 0,
            "eps_avg_yearly": 0,
            "eps_latest_yearly": 0,
            "eps_growth_yearly": 0
        },
        "20033": {
            "year_quarter": 20033,
            "year": 2003,
            "quarter": 3,
            "eps": null,
            "eps_growth_year": null,
            "eps_4q": null,
            "eps_4q_growth_year": null,
            "roe": null,
            "roe_4q": 0,
            "gross_profit": null,
            "gross_margin": null,
            "gross_margin_4q_avg": 0,
            "net_income": null,
            "net_income_4q": null,
            "revenue": null,
            "revenue_4q": null,
            "common_shares": null,
            "book_valuer_per_share": null,
            "book_valuer_per_share_4q_avg": 0,
            "equity": null,
            "current_ratio": null,
            "debt_ratio": null,
            "inventory_turnover_ratio": null,
            "account_receivable_turnover_ratio": null,
            "reinvestment_rate": null,
            "research_to_sale_ratio": null,
            "price_fair": 0,
            "eps_avg_yearly": 0,
            "eps_latest_yearly": 0,
            "eps_growth_yearly": 0
        },
        "20034": {
            "year_quarter": 20034,
            "year": 2003,
            "quarter": 4,
            "eps": null,
            "eps_growth_year": null,
            "eps_4q": null,
            "eps_4q_growth_year": null,
            "roe": null,
            "roe_4q": 0,
            "gross_profit": null,
            "gross_margin": null,
            "gross_margin_4q_avg": 0,
            "net_income": null,
            "net_income_4q": null,
            "revenue": null,
            "revenue_4q": null,
            "common_shares": null,
            "book_valuer_per_share": null,
            "book_valuer_per_share_4q_avg": 0,
            "equity": null,
            "current_ratio": null,
            "debt_ratio": null,
            "inventory_turnover_ratio": null,
            "account_receivable_turnover_ratio": null,
            "reinvestment_rate": null,
            "research_to_sale_ratio": null,
            "price_fair": 0,
            "eps_avg_yearly": 0,
            "eps_latest_yearly": 0,
            "eps_growth_yearly": 0
        },
        "20041": {
            "year_quarter": 20041,
            "year": 2004,
            "quarter": 1,
            "eps": null,
            "eps_growth_year": null,
            "eps_4q": null,
            "eps_4q_growth_year": null,
            "roe": null,
            "roe_4q": 0,
            "gross_profit": null,
            "gross_margin": null,
            "gross_margin_4q_avg": 0,
            "net_income": null,
            "net_income_4q": null,
            "revenue": null,
            "revenue_4q": null,
            "common_shares": null,
            "book_valuer_per_share": null,
            "book_valuer_per_share_4q_avg": 0,
            "equity": null,
            "current_ratio": null,
            "debt_ratio": null,
            "inventory_turnover_ratio": null,
            "account_receivable_turnover_ratio": null,
            "reinvestment_rate": null,
            "research_to_sale_ratio": null,
            "price_fair": 0,
            "eps_avg_yearly": 0,
            "eps_latest_yearly": 0,
            "eps_growth_yearly": 0
        },
        "20042": {
            "year_quarter": 20042,
            "year": 2004,
            "quarter": 2,
            "eps": null,
            "eps_growth_year": null,
            "eps_4q": null,
            "eps_4q_growth_year": null,
            "roe": null,
            "roe_4q": 0,
            "gross_profit": null,
            "gross_margin": null,
            "gross_margin_4q_avg": 0,
            "net_income": null,
            "net_income_4q": null,
            "revenue": null,
            "revenue_4q": null,
            "common_shares": null,
            "book_valuer_per_share": null,
            "book_valuer_per_share_4q_avg": 0,
            "equity": null,
            "current_ratio": null,
            "debt_ratio": null,
            "inventory_turnover_ratio": null,
            "account_receivable_turnover_ratio": null,
            "reinvestment_rate": null,
            "research_to_sale_ratio": null,
            "price_fair": 0,
            "eps_avg_yearly": 0,
            "eps_latest_yearly": 0,
            "eps_growth_yearly": 0
        },
        "20043": {
            "year_quarter": 20043,
            "year": 2004,
            "quarter": 3,
            "eps": null,
            "eps_growth_year": null,
            "eps_4q": null,
            "eps_4q_growth_year": null,
            "roe": null,
            "roe_4q": 0,
            "gross_profit": null,
            "gross_margin": null,
            "gross_margin_4q_avg": 0,
            "net_income": null,
            "net_income_4q": null,
            "revenue": null,
            "revenue_4q": null,
            "common_shares": null,
            "book_valuer_per_share": null,
            "book_valuer_per_share_4q_avg": 0,
            "equity": null,
            "current_ratio": null,
            "debt_ratio": null,
            "inventory_turnover_ratio": null,
            "account_receivable_turnover_ratio": null,
            "reinvestment_rate": null,
            "research_to_sale_ratio": null,
            "price_fair": 0,
            "eps_avg_yearly": 0,
            "eps_latest_yearly": 0,
            "eps_growth_yearly": 0
        },
        "20044": {
            "year_quarter": 20044,
            "year": 2004,
            "quarter": 4,
            "eps": null,
            "eps_growth_year": null,
            "eps_4q": null,
            "eps_4q_growth_year": null,
            "roe": null,
            "roe_4q": 0,
            "gross_profit": null,
            "gross_margin": null,
            "gross_margin_4q_avg": 0,
            "net_income": null,
            "net_income_4q": null,
            "revenue": null,
            "revenue_4q": null,
            "common_shares": null,
            "book_valuer_per_share": null,
            "book_valuer_per_share_4q_avg": 0,
            "equity": null,
            "current_ratio": null,
            "debt_ratio": null,
            "inventory_turnover_ratio": null,
            "account_receivable_turnover_ratio": null,
            "reinvestment_rate": null,
            "research_to_sale_ratio": null,
            "price_fair": 0,
            "eps_avg_yearly": 0,
            "eps_latest_yearly": 0,
            "eps_growth_yearly": 0
        },
        "20051": {
            "year_quarter": 20051,
            "year": 2005,
            "quarter": 1,
            "eps": null,
            "eps_growth_year": null,
            "eps_4q": null,
            "eps_4q_growth_year": null,
            "roe": null,
            "roe_4q": 0,
            "gross_profit": null,
            "gross_margin": null,
            "gross_margin_4q_avg": 0,
            "net_income": null,
            "net_income_4q": null,
            "revenue": null,
            "revenue_4q": null,
            "common_shares": null,
            "book_valuer_per_share": null,
            "book_valuer_per_share_4q_avg": 0,
            "equity": null,
            "current_ratio": null,
            "debt_ratio": null,
            "inventory_turnover_ratio": null,
            "account_receivable_turnover_ratio": null,
            "reinvestment_rate": null,
            "research_to_sale_ratio": null,
            "price_fair": 0,
            "eps_avg_yearly": 0,
            "eps_latest_yearly": 0,
            "eps_growth_yearly": 0
        },
        "20052": {
            "year_quarter": 20052,
            "year": 2005,
            "quarter": 2,
            "eps": null,
            "eps_growth_year": null,
            "eps_4q": null,
            "eps_4q_growth_year": null,
            "roe": null,
            "roe_4q": 0,
            "gross_profit": null,
            "gross_margin": null,
            "gross_margin_4q_avg": 0,
            "net_income": null,
            "net_income_4q": null,
            "revenue": null,
            "revenue_4q": null,
            "common_shares": null,
            "book_valuer_per_share": null,
            "book_valuer_per_share_4q_avg": 0,
            "equity": null,
            "current_ratio": null,
            "debt_ratio": null,
            "inventory_turnover_ratio": null,
            "account_receivable_turnover_ratio": null,
            "reinvestment_rate": null,
            "research_to_sale_ratio": null,
            "price_fair": 0,
            "eps_avg_yearly": 0,
            "eps_latest_yearly": 0,
            "eps_growth_yearly": 0
        },
        "20053": {
            "year_quarter": 20053,
            "year": 2005,
            "quarter": 3,
            "eps": null,
            "eps_growth_year": null,
            "eps_4q": null,
            "eps_4q_growth_year": null,
            "roe": null,
            "roe_4q": 0,
            "gross_profit": null,
            "gross_margin": null,
            "gross_margin_4q_avg": 0,
            "net_income": null,
            "net_income_4q": null,
            "revenue": null,
            "revenue_4q": null,
            "common_shares": null,
            "book_valuer_per_share": null,
            "book_valuer_per_share_4q_avg": 0,
            "equity": null,
            "current_ratio": null,
            "debt_ratio": null,
            "inventory_turnover_ratio": null,
            "account_receivable_turnover_ratio": null,
            "reinvestment_rate": null,
            "research_to_sale_ratio": null,
            "price_fair": 0,
            "eps_avg_yearly": 0,
            "eps_latest_yearly": 0,
            "eps_growth_yearly": 0
        },
        "20054": {
            "year_quarter": 20054,
            "year": 2005,
            "quarter": 4,
            "eps": null,
            "eps_growth_year": null,
            "eps_4q": null,
            "eps_4q_growth_year": null,
            "roe": null,
            "roe_4q": 0,
            "gross_profit": null,
            "gross_margin": null,
            "gross_margin_4q_avg": 0,
            "net_income": null,
            "net_income_4q": null,
            "revenue": null,
            "revenue_4q": null,
            "common_shares": null,
            "book_valuer_per_share": null,
            "book_valuer_per_share_4q_avg": 0,
            "equity": null,
            "current_ratio": null,
            "debt_ratio": null,
            "inventory_turnover_ratio": null,
            "account_receivable_turnover_ratio": null,
            "reinvestment_rate": null,
            "research_to_sale_ratio": null,
            "price_fair": 0,
            "eps_avg_yearly": 0,
            "eps_latest_yearly": 0,
            "eps_growth_yearly": 0
        },
        "20061": {
            "year_quarter": 20061,
            "year": 2006,
            "quarter": 1,
            "eps": null,
            "eps_growth_year": null,
            "eps_4q": null,
            "eps_4q_growth_year": null,
            "roe": null,
            "roe_4q": 0,
            "gross_profit": null,
            "gross_margin": null,
            "gross_margin_4q_avg": 0,
            "net_income": null,
            "net_income_4q": null,
            "revenue": null,
            "revenue_4q": null,
            "common_shares": null,
            "book_valuer_per_share": null,
            "book_valuer_per_share_4q_avg": 0,
            "equity": null,
            "current_ratio": null,
            "debt_ratio": null,
            "inventory_turnover_ratio": null,
            "account_receivable_turnover_ratio": null,
            "reinvestment_rate": null,
            "research_to_sale_ratio": null,
            "price_fair": 0,
            "eps_avg_yearly": 0,
            "eps_latest_yearly": 0,
            "eps_growth_yearly": 0
        },
        "20062": {
            "year_quarter": 20062,
            "year": 2006,
            "quarter": 2,
            "eps": null,
            "eps_growth_year": null,
            "eps_4q": null,
            "eps_4q_growth_year": null,
            "roe": null,
            "roe_4q": 0,
            "gross_profit": null,
            "gross_margin": null,
            "gross_margin_4q_avg": 0,
            "net_income": null,
            "net_income_4q": null,
            "revenue": null,
            "revenue_4q": null,
            "common_shares": null,
            "book_valuer_per_share": null,
            "book_valuer_per_share_4q_avg": 0,
            "equity": null,
            "current_ratio": null,
            "debt_ratio": null,
            "inventory_turnover_ratio": null,
            "account_receivable_turnover_ratio": null,
            "reinvestment_rate": null,
            "research_to_sale_ratio": null,
            "price_fair": 0,
            "eps_avg_yearly": 0,
            "eps_latest_yearly": 0,
            "eps_growth_yearly": 0
        },
        "20063": {
            "year_quarter": 20063,
            "year": 2006,
            "quarter": 3,
            "eps": null,
            "eps_growth_year": null,
            "eps_4q": null,
            "eps_4q_growth_year": null,
            "roe": null,
            "roe_4q": 0,
            "gross_profit": null,
            "gross_margin": null,
            "gross_margin_4q_avg": 0,
            "net_income": null,
            "net_income_4q": null,
            "revenue": null,
            "revenue_4q": null,
            "common_shares": null,
            "book_valuer_per_share": null,
            "book_valuer_per_share_4q_avg": 0,
            "equity": null,
            "current_ratio": null,
            "debt_ratio": null,
            "inventory_turnover_ratio": null,
            "account_receivable_turnover_ratio": null,
            "reinvestment_rate": null,
            "research_to_sale_ratio": null,
            "price_fair": 0,
            "eps_avg_yearly": 0,
            "eps_latest_yearly": 0,
            "eps_growth_yearly": 0
        },
        "20064": {
            "year_quarter": 20064,
            "year": 2006,
            "quarter": 4,
            "eps": null,
            "eps_growth_year": null,
            "eps_4q": null,
            "eps_4q_growth_year": null,
            "roe": null,
            "roe_4q": 0,
            "gross_profit": null,
            "gross_margin": null,
            "gross_margin_4q_avg": 0,
            "net_income": null,
            "net_income_4q": null,
            "revenue": null,
            "revenue_4q": null,
            "common_shares": null,
            "book_valuer_per_share": null,
            "book_valuer_per_share_4q_avg": 0,
            "equity": null,
            "current_ratio": null,
            "debt_ratio": null,
            "inventory_turnover_ratio": null,
            "account_receivable_turnover_ratio": null,
            "reinvestment_rate": null,
            "research_to_sale_ratio": null,
            "price_fair": 0,
            "eps_avg_yearly": 0,
            "eps_latest_yearly": 0,
            "eps_growth_yearly": 0
        },
        "20071": {
            "year_quarter": 20071,
            "year": 2007,
            "quarter": 1,
            "eps": null,
            "eps_growth_year": null,
            "eps_4q": null,
            "eps_4q_growth_year": null,
            "roe": null,
            "roe_4q": 0,
            "gross_profit": null,
            "gross_margin": null,
            "gross_margin_4q_avg": 0,
            "net_income": null,
            "net_income_4q": null,
            "revenue": null,
            "revenue_4q": null,
            "common_shares": null,
            "book_valuer_per_share": null,
            "book_valuer_per_share_4q_avg": 0,
            "equity": null,
            "current_ratio": null,
            "debt_ratio": null,
            "inventory_turnover_ratio": null,
            "account_receivable_turnover_ratio": null,
            "reinvestment_rate": null,
            "research_to_sale_ratio": null,
            "price_fair": 0,
            "eps_avg_yearly": 0,
            "eps_latest_yearly": 0,
            "eps_growth_yearly": 0
        },
        "20072": {
            "year_quarter": 20072,
            "year": 2007,
            "quarter": 2,
            "eps": null,
            "eps_growth_year": null,
            "eps_4q": null,
            "eps_4q_growth_year": null,
            "roe": null,
            "roe_4q": 0,
            "gross_profit": null,
            "gross_margin": null,
            "gross_margin_4q_avg": 0,
            "net_income": null,
            "net_income_4q": null,
            "revenue": null,
            "revenue_4q": null,
            "common_shares": null,
            "book_valuer_per_share": null,
            "book_valuer_per_share_4q_avg": 0,
            "equity": null,
            "current_ratio": null,
            "debt_ratio": null,
            "inventory_turnover_ratio": null,
            "account_receivable_turnover_ratio": null,
            "reinvestment_rate": null,
            "research_to_sale_ratio": null,
            "price_fair": 0,
            "eps_avg_yearly": 0,
            "eps_latest_yearly": 0,
            "eps_growth_yearly": 0
        },
        "20073": {
            "year_quarter": 20073,
            "year": 2007,
            "quarter": 3,
            "eps": null,
            "eps_growth_year": null,
            "eps_4q": null,
            "eps_4q_growth_year": null,
            "roe": null,
            "roe_4q": 0,
            "gross_profit": null,
            "gross_margin": null,
            "gross_margin_4q_avg": 0,
            "net_income": null,
            "net_income_4q": null,
            "revenue": null,
            "revenue_4q": null,
            "common_shares": null,
            "book_valuer_per_share": null,
            "book_valuer_per_share_4q_avg": 0,
            "equity": null,
            "current_ratio": null,
            "debt_ratio": null,
            "inventory_turnover_ratio": null,
            "account_receivable_turnover_ratio": null,
            "reinvestment_rate": null,
            "research_to_sale_ratio": null,
            "price_fair": 0,
            "eps_avg_yearly": 0,
            "eps_latest_yearly": 0,
            "eps_growth_yearly": 0
        },
        "20074": {
            "year_quarter": 20074,
            "year": 2007,
            "quarter": 4,
            "eps": null,
            "eps_growth_year": null,
            "eps_4q": null,
            "eps_4q_growth_year": null,
            "roe": null,
            "roe_4q": 0,
            "gross_profit": null,
            "gross_margin": null,
            "gross_margin_4q_avg": 0,
            "net_income": null,
            "net_income_4q": null,
            "revenue": null,
            "revenue_4q": null,
            "common_shares": null,
            "book_valuer_per_share": null,
            "book_valuer_per_share_4q_avg": 0,
            "equity": null,
            "current_ratio": null,
            "debt_ratio": null,
            "inventory_turnover_ratio": null,
            "account_receivable_turnover_ratio": null,
            "reinvestment_rate": null,
            "research_to_sale_ratio": null,
            "price_fair": 0,
            "eps_avg_yearly": 0,
            "eps_latest_yearly": 0,
            "eps_growth_yearly": 0
        },
        "20081": {
            "year_quarter": 20081,
            "year": 2008,
            "quarter": 1,
            "eps": null,
            "eps_growth_year": null,
            "eps_4q": null,
            "eps_4q_growth_year": null,
            "roe": null,
            "roe_4q": 0,
            "gross_profit": null,
            "gross_margin": null,
            "gross_margin_4q_avg": 0,
            "net_income": null,
            "net_income_4q": null,
            "revenue": null,
            "revenue_4q": null,
            "common_shares": null,
            "book_valuer_per_share": null,
            "book_valuer_per_share_4q_avg": 0,
            "equity": null,
            "current_ratio": null,
            "debt_ratio": null,
            "inventory_turnover_ratio": null,
            "account_receivable_turnover_ratio": null,
            "reinvestment_rate": null,
            "research_to_sale_ratio": null,
            "price_fair": 0,
            "eps_avg_yearly": 0,
            "eps_latest_yearly": 0,
            "eps_growth_yearly": 0
        },
        "20082": {
            "year_quarter": 20082,
            "year": 2008,
            "quarter": 2,
            "eps": null,
            "eps_growth_year": null,
            "eps_4q": null,
            "eps_4q_growth_year": null,
            "roe": null,
            "roe_4q": 0,
            "gross_profit": null,
            "gross_margin": null,
            "gross_margin_4q_avg": 0,
            "net_income": null,
            "net_income_4q": null,
            "revenue": null,
            "revenue_4q": null,
            "common_shares": null,
            "book_valuer_per_share": null,
            "book_valuer_per_share_4q_avg": 0,
            "equity": null,
            "current_ratio": null,
            "debt_ratio": null,
            "inventory_turnover_ratio": null,
            "account_receivable_turnover_ratio": null,
            "reinvestment_rate": null,
            "research_to_sale_ratio": null,
            "price_fair": 0,
            "eps_avg_yearly": 0,
            "eps_latest_yearly": 0,
            "eps_growth_yearly": 0
        },
        "20083": {
            "year_quarter": 20083,
            "year": 2008,
            "quarter": 3,
            "eps": null,
            "eps_growth_year": null,
            "eps_4q": null,
            "eps_4q_growth_year": null,
            "roe": null,
            "roe_4q": 0,
            "gross_profit": null,
            "gross_margin": null,
            "gross_margin_4q_avg": 0,
            "net_income": null,
            "net_income_4q": null,
            "revenue": null,
            "revenue_4q": null,
            "common_shares": null,
            "book_valuer_per_share": null,
            "book_valuer_per_share_4q_avg": 0,
            "equity": null,
            "current_ratio": null,
            "debt_ratio": null,
            "inventory_turnover_ratio": null,
            "account_receivable_turnover_ratio": null,
            "reinvestment_rate": null,
            "research_to_sale_ratio": null,
            "price_fair": 0,
            "eps_avg_yearly": 0,
            "eps_latest_yearly": 0,
            "eps_growth_yearly": 0
        },
        "20084": {
            "year_quarter": 20084,
            "year": 2008,
            "quarter": 4,
            "eps": null,
            "eps_growth_year": null,
            "eps_4q": null,
            "eps_4q_growth_year": null,
            "roe": null,
            "roe_4q": 0,
            "gross_profit": null,
            "gross_margin": null,
            "gross_margin_4q_avg": 0,
            "net_income": null,
            "net_income_4q": null,
            "revenue": null,
            "revenue_4q": null,
            "common_shares": null,
            "book_valuer_per_share": null,
            "book_valuer_per_share_4q_avg": 0,
            "equity": null,
            "current_ratio": null,
            "debt_ratio": null,
            "inventory_turnover_ratio": null,
            "account_receivable_turnover_ratio": null,
            "reinvestment_rate": null,
            "research_to_sale_ratio": null,
            "price_fair": 0,
            "eps_avg_yearly": 0,
            "eps_latest_yearly": 0,
            "eps_growth_yearly": 0
        },
        "20091": {
            "year_quarter": 20091,
            "year": 2009,
            "quarter": 1,
            "eps": null,
            "eps_growth_year": null,
            "eps_4q": null,
            "eps_4q_growth_year": null,
            "roe": null,
            "roe_4q": 0,
            "gross_profit": null,
            "gross_margin": null,
            "gross_margin_4q_avg": 0,
            "net_income": null,
            "net_income_4q": null,
            "revenue": null,
            "revenue_4q": null,
            "common_shares": null,
            "book_valuer_per_share": null,
            "book_valuer_per_share_4q_avg": 0,
            "equity": null,
            "current_ratio": null,
            "debt_ratio": null,
            "inventory_turnover_ratio": null,
            "account_receivable_turnover_ratio": null,
            "reinvestment_rate": null,
            "research_to_sale_ratio": null,
            "price_fair": 0,
            "eps_avg_yearly": 0,
            "eps_latest_yearly": 0,
            "eps_growth_yearly": 0
        },
        "20092": {
            "year_quarter": 20092,
            "year": 2009,
            "quarter": 2,
            "eps": null,
            "eps_growth_year": null,
            "eps_4q": null,
            "eps_4q_growth_year": null,
            "roe": null,
            "roe_4q": 0,
            "gross_profit": null,
            "gross_margin": null,
            "gross_margin_4q_avg": 0,
            "net_income": null,
            "net_income_4q": null,
            "revenue": null,
            "revenue_4q": null,
            "common_shares": null,
            "book_valuer_per_share": null,
            "book_valuer_per_share_4q_avg": 0,
            "equity": null,
            "current_ratio": null,
            "debt_ratio": null,
            "inventory_turnover_ratio": null,
            "account_receivable_turnover_ratio": null,
            "reinvestment_rate": null,
            "research_to_sale_ratio": null,
            "price_fair": 0,
            "eps_avg_yearly": 0,
            "eps_latest_yearly": 0,
            "eps_growth_yearly": 0
        },
        "20093": {
            "year_quarter": 20093,
            "year": 2009,
            "quarter": 3,
            "eps": null,
            "eps_growth_year": null,
            "eps_4q": null,
            "eps_4q_growth_year": null,
            "roe": null,
            "roe_4q": 0,
            "gross_profit": null,
            "gross_margin": null,
            "gross_margin_4q_avg": 0,
            "net_income": null,
            "net_income_4q": null,
            "revenue": null,
            "revenue_4q": null,
            "common_shares": null,
            "book_valuer_per_share": null,
            "book_valuer_per_share_4q_avg": 0,
            "equity": null,
            "current_ratio": null,
            "debt_ratio": null,
            "inventory_turnover_ratio": null,
            "account_receivable_turnover_ratio": null,
            "reinvestment_rate": null,
            "research_to_sale_ratio": null,
            "price_fair": 0,
            "eps_avg_yearly": 0,
            "eps_latest_yearly": 0,
            "eps_growth_yearly": 0
        },
        "20094": {
            "year_quarter": 20094,
            "year": 2009,
            "quarter": 4,
            "eps": null,
            "eps_growth_year": null,
            "eps_4q": null,
            "eps_4q_growth_year": null,
            "roe": null,
            "roe_4q": 0,
            "gross_profit": null,
            "gross_margin": null,
            "gross_margin_4q_avg": 0,
            "net_income": null,
            "net_income_4q": null,
            "revenue": null,
            "revenue_4q": null,
            "common_shares": null,
            "book_valuer_per_share": null,
            "book_valuer_per_share_4q_avg": 0,
            "equity": null,
            "current_ratio": null,
            "debt_ratio": null,
            "inventory_turnover_ratio": null,
            "account_receivable_turnover_ratio": null,
            "reinvestment_rate": null,
            "research_to_sale_ratio": null,
            "price_fair": 0,
            "eps_avg_yearly": 0,
            "eps_latest_yearly": 0,
            "eps_growth_yearly": 0
        },
        "20101": {
            "year_quarter": 20101,
            "year": 2010,
            "quarter": 1,
            "eps": null,
            "eps_growth_year": null,
            "eps_4q": null,
            "eps_4q_growth_year": null,
            "roe": null,
            "roe_4q": 0,
            "gross_profit": null,
            "gross_margin": null,
            "gross_margin_4q_avg": 0,
            "net_income": null,
            "net_income_4q": null,
            "revenue": null,
            "revenue_4q": null,
            "common_shares": null,
            "book_valuer_per_share": null,
            "book_valuer_per_share_4q_avg": 0,
            "equity": null,
            "current_ratio": null,
            "debt_ratio": null,
            "inventory_turnover_ratio": null,
            "account_receivable_turnover_ratio": null,
            "reinvestment_rate": null,
            "research_to_sale_ratio": null,
            "price_fair": 0,
            "eps_avg_yearly": 0,
            "eps_latest_yearly": 0,
            "eps_growth_yearly": 0
        },
        "20102": {
            "year_quarter": 20102,
            "year": 2010,
            "quarter": 2,
            "eps": null,
            "eps_growth_year": null,
            "eps_4q": null,
            "eps_4q_growth_year": null,
            "roe": null,
            "roe_4q": 0,
            "gross_profit": null,
            "gross_margin": null,
            "gross_margin_4q_avg": 0,
            "net_income": null,
            "net_income_4q": null,
            "revenue": null,
            "revenue_4q": null,
            "common_shares": null,
            "book_valuer_per_share": null,
            "book_valuer_per_share_4q_avg": 0,
            "equity": null,
            "current_ratio": null,
            "debt_ratio": null,
            "inventory_turnover_ratio": null,
            "account_receivable_turnover_ratio": null,
            "reinvestment_rate": null,
            "research_to_sale_ratio": null,
            "price_fair": 0,
            "eps_avg_yearly": 0,
            "eps_latest_yearly": 0,
            "eps_growth_yearly": 0
        },
        "20103": {
            "year_quarter": 20103,
            "year": 2010,
            "quarter": 3,
            "eps": null,
            "eps_growth_year": null,
            "eps_4q": null,
            "eps_4q_growth_year": null,
            "roe": null,
            "roe_4q": 0,
            "gross_profit": null,
            "gross_margin": null,
            "gross_margin_4q_avg": 0,
            "net_income": null,
            "net_income_4q": null,
            "revenue": null,
            "revenue_4q": null,
            "common_shares": null,
            "book_valuer_per_share": null,
            "book_valuer_per_share_4q_avg": 0,
            "equity": null,
            "current_ratio": null,
            "debt_ratio": null,
            "inventory_turnover_ratio": null,
            "account_receivable_turnover_ratio": null,
            "reinvestment_rate": null,
            "research_to_sale_ratio": null,
            "price_fair": 0,
            "eps_avg_yearly": 0,
            "eps_latest_yearly": 0,
            "eps_growth_yearly": 0
        },
        "20104": {
            "year_quarter": 20104,
            "year": 2010,
            "quarter": 4,
            "eps": null,
            "eps_growth_year": null,
            "eps_4q": null,
            "eps_4q_growth_year": null,
            "roe": null,
            "roe_4q": 0,
            "gross_profit": null,
            "gross_margin": null,
            "gross_margin_4q_avg": 0,
            "net_income": null,
            "net_income_4q": null,
            "revenue": null,
            "revenue_4q": null,
            "common_shares": null,
            "book_valuer_per_share": null,
            "book_valuer_per_share_4q_avg": 0,
            "equity": null,
            "current_ratio": null,
            "debt_ratio": null,
            "inventory_turnover_ratio": null,
            "account_receivable_turnover_ratio": null,
            "reinvestment_rate": null,
            "research_to_sale_ratio": null,
            "price_fair": 0,
            "eps_avg_yearly": 0,
            "eps_latest_yearly": 0,
            "eps_growth_yearly": 0
        },
        "20111": {
            "year_quarter": 20111,
            "year": 2011,
            "quarter": 1,
            "eps": null,
            "eps_growth_year": null,
            "eps_4q": null,
            "eps_4q_growth_year": null,
            "roe": null,
            "roe_4q": 0,
            "gross_profit": null,
            "gross_margin": null,
            "gross_margin_4q_avg": 0,
            "net_income": null,
            "net_income_4q": null,
            "revenue": null,
            "revenue_4q": null,
            "common_shares": null,
            "book_valuer_per_share": null,
            "book_valuer_per_share_4q_avg": 0,
            "equity": null,
            "current_ratio": null,
            "debt_ratio": null,
            "inventory_turnover_ratio": null,
            "account_receivable_turnover_ratio": null,
            "reinvestment_rate": null,
            "research_to_sale_ratio": null,
            "price_fair": 0,
            "eps_avg_yearly": 0,
            "eps_latest_yearly": 0,
            "eps_growth_yearly": 0
        },
        "20112": {
            "year_quarter": 20112,
            "year": 2011,
            "quarter": 2,
            "eps": null,
            "eps_growth_year": null,
            "eps_4q": null,
            "eps_4q_growth_year": null,
            "roe": null,
            "roe_4q": 0,
            "gross_profit": null,
            "gross_margin": null,
            "gross_margin_4q_avg": 0,
            "net_income": null,
            "net_income_4q": null,
            "revenue": null,
            "revenue_4q": null,
            "common_shares": null,
            "book_valuer_per_share": null,
            "book_valuer_per_share_4q_avg": 0,
            "equity": null,
            "current_ratio": null,
            "debt_ratio": null,
            "inventory_turnover_ratio": null,
            "account_receivable_turnover_ratio": null,
            "reinvestment_rate": null,
            "research_to_sale_ratio": null,
            "price_fair": 0,
            "eps_avg_yearly": 0,
            "eps_latest_yearly": 0,
            "eps_growth_yearly": 0
        },
        "20113": {
            "year_quarter": 20113,
            "year": 2011,
            "quarter": 3,
            "eps": null,
            "eps_growth_year": null,
            "eps_4q": null,
            "eps_4q_growth_year": null,
            "roe": null,
            "roe_4q": 0,
            "gross_profit": null,
            "gross_margin": null,
            "gross_margin_4q_avg": 0,
            "net_income": null,
            "net_income_4q": null,
            "revenue": null,
            "revenue_4q": null,
            "common_shares": null,
            "book_valuer_per_share": null,
            "book_valuer_per_share_4q_avg": 0,
            "equity": null,
            "current_ratio": null,
            "debt_ratio": null,
            "inventory_turnover_ratio": null,
            "account_receivable_turnover_ratio": null,
            "reinvestment_rate": null,
            "research_to_sale_ratio": null,
            "price_fair": 0,
            "eps_avg_yearly": 0,
            "eps_latest_yearly": 0,
            "eps_growth_yearly": 0
        },
        "20114": {
            "year_quarter": 20114,
            "year": 2011,
            "quarter": 4,
            "eps": null,
            "eps_growth_year": null,
            "eps_4q": null,
            "eps_4q_growth_year": null,
            "roe": null,
            "roe_4q": 0,
            "gross_profit": null,
            "gross_margin": null,
            "gross_margin_4q_avg": 0,
            "net_income": null,
            "net_income_4q": null,
            "revenue": null,
            "revenue_4q": null,
            "common_shares": 496683,
            "book_valuer_per_share": 9.81,
            "book_valuer_per_share_4q_avg": 2.45,
            "equity": 487336,
            "current_ratio": 367.97,
            "debt_ratio": 9.8,
            "inventory_turnover_ratio": null,
            "account_receivable_turnover_ratio": null,
            "reinvestment_rate": null,
            "research_to_sale_ratio": null,
            "price_fair": 0,
            "eps_avg_yearly": 0,
            "eps_latest_yearly": 0,
            "eps_growth_yearly": 0
        },
        "20121": {
            "year_quarter": 20121,
            "year": 2012,
            "quarter": 1,
            "eps": null,
            "eps_growth_year": null,
            "eps_4q": null,
            "eps_4q_growth_year": null,
            "roe": null,
            "roe_4q": 0,
            "gross_profit": null,
            "gross_margin": null,
            "gross_margin_4q_avg": 0,
            "net_income": null,
            "net_income_4q": null,
            "revenue": null,
            "revenue_4q": null,
            "common_shares": null,
            "book_valuer_per_share": null,
            "book_valuer_per_share_4q_avg": 2.45,
            "equity": null,
            "current_ratio": null,
            "debt_ratio": null,
            "inventory_turnover_ratio": null,
            "account_receivable_turnover_ratio": null,
            "reinvestment_rate": null,
            "research_to_sale_ratio": null,
            "price_fair": 0,
            "eps_avg_yearly": 0,
            "eps_latest_yearly": 0,
            "eps_growth_yearly": 0
        },
        "20122": {
            "year_quarter": 20122,
            "year": 2012,
            "quarter": 2,
            "eps": null,
            "eps_growth_year": null,
            "eps_4q": null,
            "eps_4q_growth_year": null,
            "roe": null,
            "roe_4q": 0,
            "gross_profit": null,
            "gross_margin": null,
            "gross_margin_4q_avg": 0,
            "net_income": null,
            "net_income_4q": null,
            "revenue": null,
            "revenue_4q": null,
            "common_shares": null,
            "book_valuer_per_share": null,
            "book_valuer_per_share_4q_avg": 2.45,
            "equity": null,
            "current_ratio": null,
            "debt_ratio": null,
            "inventory_turnover_ratio": null,
            "account_receivable_turnover_ratio": null,
            "reinvestment_rate": null,
            "research_to_sale_ratio": null,
            "price_fair": 0,
            "eps_avg_yearly": 0,
            "eps_latest_yearly": 0,
            "eps_growth_yearly": 0
        },
        "20123": {
            "year_quarter": 20123,
            "year": 2012,
            "quarter": 3,
            "eps": null,
            "eps_growth_year": null,
            "eps_4q": null,
            "eps_4q_growth_year": null,
            "roe": null,
            "roe_4q": 0,
            "gross_profit": null,
            "gross_margin": null,
            "gross_margin_4q_avg": 0,
            "net_income": null,
            "net_income_4q": null,
            "revenue": null,
            "revenue_4q": null,
            "common_shares": null,
            "book_valuer_per_share": null,
            "book_valuer_per_share_4q_avg": 2.45,
            "equity": null,
            "current_ratio": null,
            "debt_ratio": null,
            "inventory_turnover_ratio": null,
            "account_receivable_turnover_ratio": null,
            "reinvestment_rate": null,
            "research_to_sale_ratio": null,
            "price_fair": 0,
            "eps_avg_yearly": 0,
            "eps_latest_yearly": 0,
            "eps_growth_yearly": 0
        },
        "20124": {
            "year_quarter": 20124,
            "year": 2012,
            "quarter": 4,
            "eps": null,
            "eps_growth_year": null,
            "eps_4q": null,
            "eps_4q_growth_year": null,
            "roe": null,
            "roe_4q": 0,
            "gross_profit": null,
            "gross_margin": null,
            "gross_margin_4q_avg": 0,
            "net_income": null,
            "net_income_4q": null,
            "revenue": null,
            "revenue_4q": null,
            "common_shares": 496683,
            "book_valuer_per_share": 5.59,
            "book_valuer_per_share_4q_avg": 1.4,
            "equity": 277746,
            "current_ratio": 404.47,
            "debt_ratio": 14.61,
            "inventory_turnover_ratio": null,
            "account_receivable_turnover_ratio": null,
            "reinvestment_rate": null,
            "research_to_sale_ratio": null,
            "price_fair": 0,
            "eps_avg_yearly": 0,
            "eps_latest_yearly": 0,
            "eps_growth_yearly": 0
        },
        "20131": {
            "year_quarter": 20131,
            "year": 2013,
            "quarter": 1,
            "eps": null,
            "eps_growth_year": null,
            "eps_4q": null,
            "eps_4q_growth_year": null,
            "roe": null,
            "roe_4q": 0,
            "gross_profit": null,
            "gross_margin": null,
            "gross_margin_4q_avg": 0,
            "net_income": null,
            "net_income_4q": null,
            "revenue": null,
            "revenue_4q": null,
            "common_shares": null,
            "book_valuer_per_share": null,
            "book_valuer_per_share_4q_avg": 1.4,
            "equity": null,
            "current_ratio": null,
            "debt_ratio": null,
            "inventory_turnover_ratio": null,
            "account_receivable_turnover_ratio": null,
            "reinvestment_rate": null,
            "research_to_sale_ratio": null,
            "price_fair": 0,
            "eps_avg_yearly": 0,
            "eps_latest_yearly": 0,
            "eps_growth_yearly": 0
        },
        "20132": {
            "year_quarter": 20132,
            "year": 2013,
            "quarter": 2,
            "eps": null,
            "eps_growth_year": null,
            "eps_4q": null,
            "eps_4q_growth_year": null,
            "roe": null,
            "roe_4q": 0,
            "gross_profit": null,
            "gross_margin": null,
            "gross_margin_4q_avg": 0,
            "net_income": null,
            "net_income_4q": null,
            "revenue": null,
            "revenue_4q": null,
            "common_shares": 496683,
            "book_valuer_per_share": null,
            "book_valuer_per_share_4q_avg": 1.4,
            "equity": 263927,
            "current_ratio": null,
            "debt_ratio": null,
            "inventory_turnover_ratio": null,
            "account_receivable_turnover_ratio": null,
            "reinvestment_rate": null,
            "research_to_sale_ratio": null,
            "price_fair": 0,
            "eps_avg_yearly": 0,
            "eps_latest_yearly": 0,
            "eps_growth_yearly": 0
        },
        "20133": {
            "year_quarter": 20133,
            "year": 2013,
            "quarter": 3,
            "eps": null,
            "eps_growth_year": null,
            "eps_4q": null,
            "eps_4q_growth_year": null,
            "roe": null,
            "roe_4q": 0,
            "gross_profit": null,
            "gross_margin": null,
            "gross_margin_4q_avg": 0,
            "net_income": null,
            "net_income_4q": null,
            "revenue": null,
            "revenue_4q": null,
            "common_shares": null,
            "book_valuer_per_share": null,
            "book_valuer_per_share_4q_avg": 1.4,
            "equity": null,
            "current_ratio": null,
            "debt_ratio": null,
            "inventory_turnover_ratio": null,
            "account_receivable_turnover_ratio": null,
            "reinvestment_rate": null,
            "research_to_sale_ratio": null,
            "price_fair": 0,
            "eps_avg_yearly": 0,
            "eps_latest_yearly": 0,
            "eps_growth_yearly": 0
        },
        "20134": {
            "year_quarter": 20134,
            "year": 2013,
            "quarter": 4,
            "eps": null,
            "eps_growth_year": null,
            "eps_4q": null,
            "eps_4q_growth_year": null,
            "roe": null,
            "roe_4q": 0,
            "gross_profit": null,
            "gross_margin": null,
            "gross_margin_4q_avg": 0,
            "net_income": null,
            "net_income_4q": null,
            "revenue": null,
            "revenue_4q": null,
            "common_shares": 522493,
            "book_valuer_per_share": 4.45,
            "book_valuer_per_share_4q_avg": 1.11,
            "equity": 232397,
            "current_ratio": 201.48,
            "debt_ratio": 28.68,
            "inventory_turnover_ratio": null,
            "account_receivable_turnover_ratio": null,
            "reinvestment_rate": null,
            "research_to_sale_ratio": null,
            "price_fair": 0,
            "eps_avg_yearly": 0,
            "eps_latest_yearly": 0,
            "eps_growth_yearly": 0
        },
        "20141": {
            "year_quarter": 20141,
            "year": 2014,
            "quarter": 1,
            "eps": null,
            "eps_growth_year": null,
            "eps_4q": null,
            "eps_4q_growth_year": null,
            "roe": null,
            "roe_4q": 0,
            "gross_profit": 6035,
            "gross_margin": null,
            "gross_margin_4q_avg": 0,
            "net_income": -36498,
            "net_income_4q": null,
            "revenue": 9241,
            "revenue_4q": null,
            "common_shares": 610493,
            "book_valuer_per_share": 14.03,
            "book_valuer_per_share_4q_avg": 4.62,
            "equity": 856535,
            "current_ratio": 1025.7,
            "debt_ratio": 8.32,
            "inventory_turnover_ratio": null,
            "account_receivable_turnover_ratio": null,
            "reinvestment_rate": null,
            "research_to_sale_ratio": null,
            "price_fair": 0,
            "eps_avg_yearly": 0,
            "eps_latest_yearly": 0,
            "eps_growth_yearly": 0
        },
        "20142": {
            "year_quarter": 20142,
            "year": 2014,
            "quarter": 2,
            "eps": -0.91,
            "eps_growth_year": null,
            "eps_4q": null,
            "eps_4q_growth_year": null,
            "roe": -6.83,
            "roe_4q": -6.83,
            "gross_profit": -223,
            "gross_margin": -2.79,
            "gross_margin_4q_avg": -0.7,
            "net_income": -56445,
            "net_income_4q": null,
            "revenue": 7980,
            "revenue_4q": null,
            "common_shares": 620443,
            "book_valuer_per_share": 12.85,
            "book_valuer_per_share_4q_avg": 7.83,
            "equity": 797333,
            "current_ratio": 996.48,
            "debt_ratio": 8.4,
            "inventory_turnover_ratio": 0.52,
            "account_receivable_turnover_ratio": 1.47,
            "reinvestment_rate": null,
            "research_to_sale_ratio": null,
            "price_fair": 0,
            "eps_avg_yearly": 0,
            "eps_latest_yearly": 0,
            "eps_growth_yearly": 0
        },
        "20143": {
            "year_quarter": 20143,
            "year": 2014,
            "quarter": 3,
            "eps": null,
            "eps_growth_year": null,
            "eps_4q": null,
            "eps_4q_growth_year": null,
            "roe": null,
            "roe_4q": -6.83,
            "gross_profit": 7886,
            "gross_margin": null,
            "gross_margin_4q_avg": -0.7,
            "net_income": -68314,
            "net_income_4q": null,
            "revenue": 13549,
            "revenue_4q": null,
            "common_shares": 620643,
            "book_valuer_per_share": 11.76,
            "book_valuer_per_share_4q_avg": 10.77,
            "equity": 730049,
            "current_ratio": 1159.47,
            "debt_ratio": 7.07,
            "inventory_turnover_ratio": null,
            "account_receivable_turnover_ratio": null,
            "reinvestment_rate": null,
            "research_to_sale_ratio": null,
            "price_fair": 0,
            "eps_avg_yearly": 0,
            "eps_latest_yearly": 0,
            "eps_growth_yearly": 0
        },
        "20144": {
            "year_quarter": 20144,
            "year": 2014,
            "quarter": 4,
            "eps": null,
            "eps_growth_year": null,
            "eps_4q": null,
            "eps_4q_growth_year": null,
            "roe": null,
            "roe_4q": -6.83,
            "gross_profit": 96,
            "gross_margin": null,
            "gross_margin_4q_avg": -0.7,
            "net_income": -68902,
            "net_income_4q": null,
            "revenue": 14703,
            "revenue_4q": null,
            "common_shares": 621493,
            "book_valuer_per_share": 10.69,
            "book_valuer_per_share_4q_avg": 12.33,
            "equity": 664292,
            "current_ratio": 630.66,
            "debt_ratio": 12.17,
            "inventory_turnover_ratio": null,
            "account_receivable_turnover_ratio": null,
            "reinvestment_rate": null,
            "research_to_sale_ratio": null,
            "price_fair": 0,
            "eps_avg_yearly": 0,
            "eps_latest_yearly": 0,
            "eps_growth_yearly": 0
        },
        "20151": {
            "year_quarter": 20151,
            "year": 2015,
            "quarter": 1,
            "eps": -0.56,
            "eps_growth_year": null,
            "eps_4q": -1.47,
            "eps_4q_growth_year": null,
            "roe": -5.34,
            "roe_4q": -12.17,
            "gross_profit": 51570,
            "gross_margin": 87.78,
            "gross_margin_4q_avg": 21.25,
            "net_income": -34733,
            "net_income_4q": null,
            "revenue": 58748,
            "revenue_4q": null,
            "common_shares": 621543,
            "book_valuer_per_share": 10.24,
            "book_valuer_per_share_4q_avg": 11.39,
            "equity": 636393,
            "current_ratio": 637.99,
            "debt_ratio": 11.78,
            "inventory_turnover_ratio": 0.31,
            "account_receivable_turnover_ratio": 6.58,
            "reinvestment_rate": null,
            "research_to_sale_ratio": 82.33,
            "price_fair": 0,
            "eps_avg_yearly": 0,
            "eps_latest_yearly": 0,
            "eps_growth_yearly": 0
        },
        "20152": {
            "year_quarter": 20152,
            "year": 2015,
            "quarter": 2,
            "eps": -0.58,
            "eps_growth_year": null,
            "eps_4q": -1.14,
            "eps_4q_growth_year": null,
            "roe": -5.78,
            "roe_4q": -11.120000000000001,
            "gross_profit": 42898,
            "gross_margin": 75.89,
            "gross_margin_4q_avg": 40.92,
            "net_income": -35954,
            "net_income_4q": null,
            "revenue": 56524,
            "revenue_4q": null,
            "common_shares": 621543,
            "book_valuer_per_share": 9.77,
            "book_valuer_per_share_4q_avg": 10.62,
            "equity": 607139,
            "current_ratio": 358.26,
            "debt_ratio": 21.28,
            "inventory_turnover_ratio": 0.3,
            "account_receivable_turnover_ratio": 2.02,
            "reinvestment_rate": null,
            "research_to_sale_ratio": 93.23,
            "price_fair": 0,
            "eps_avg_yearly": 0,
            "eps_latest_yearly": 0,
            "eps_growth_yearly": 0
        },
        "20153": {
            "year_quarter": 20153,
            "year": 2015,
            "quarter": 3,
            "eps": 0.73,
            "eps_growth_year": null,
            "eps_4q": -0.4,
            "eps_4q_growth_year": null,
            "roe": 7.19,
            "roe_4q": -3.9299999999999997,
            "gross_profit": 198947,
            "gross_margin": 83.29,
            "gross_margin_4q_avg": 61.74,
            "net_income": 45587,
            "net_income_4q": null,
            "revenue": 238872,
            "revenue_4q": null,
            "common_shares": 621783,
            "book_valuer_per_share": 10.64,
            "book_valuer_per_share_4q_avg": 10.34,
            "equity": 661346,
            "current_ratio": 365.67,
            "debt_ratio": 21.52,
            "inventory_turnover_ratio": 0.51,
            "account_receivable_turnover_ratio": 1.68,
            "reinvestment_rate": null,
            "research_to_sale_ratio": 29.49,
            "price_fair": 0,
            "eps_avg_yearly": 0,
            "eps_latest_yearly": 0,
            "eps_growth_yearly": 0
        },
        "20154": {
            "year_quarter": 20154,
            "year": 2015,
            "quarter": 4,
            "eps": -0.94,
            "eps_growth_year": null,
            "eps_4q": -1.31,
            "eps_4q_growth_year": null,
            "roe": -6.41,
            "roe_4q": -10.34,
            "gross_profit": 103441,
            "gross_margin": 57.37,
            "gross_margin_4q_avg": 76.08,
            "net_income": -64490,
            "net_income_4q": null,
            "revenue": 180303,
            "revenue_4q": null,
            "common_shares": 684693,
            "book_valuer_per_share": 19.72,
            "book_valuer_per_share_4q_avg": 12.59,
            "equity": 1349930,
            "current_ratio": 630.79,
            "debt_ratio": 13.95,
            "inventory_turnover_ratio": 0.64,
            "account_receivable_turnover_ratio": 1.14,
            "reinvestment_rate": null,
            "research_to_sale_ratio": 53.78,
            "price_fair": 0,
            "eps_avg_yearly": 0,
            "eps_latest_yearly": 0,
            "eps_growth_yearly": 0
        },
        "20161": {
            "year_quarter": 20161,
            "year": 2016,
            "quarter": 1,
            "eps": -0.81,
            "eps_growth_year": null,
            "eps_4q": -1.61,
            "eps_4q_growth_year": null,
            "roe": -4.2,
            "roe_4q": -9.2,
            "gross_profit": 81991,
            "gross_margin": 77.21,
            "gross_margin_4q_avg": 73.44,
            "net_income": -55708,
            "net_income_4q": null,
            "revenue": 106195,
            "revenue_4q": null,
            "common_shares": 687643,
            "book_valuer_per_share": 18.99,
            "book_valuer_per_share_4q_avg": 14.78,
            "equity": 1305875,
            "current_ratio": 774,
            "debt_ratio": 11.06,
            "inventory_turnover_ratio": 0.14,
            "account_receivable_turnover_ratio": 0.99,
            "reinvestment_rate": null,
            "research_to_sale_ratio": 70.52,
            "price_fair": 0,
            "eps_avg_yearly": 0,
            "eps_latest_yearly": 0,
            "eps_growth_yearly": 0
        },
        "20162": {
            "year_quarter": 20162,
            "year": 2016,
            "quarter": 2,
            "eps": -0.45,
            "eps_growth_year": null,
            "eps_4q": -1.54,
            "eps_4q_growth_year": null,
            "roe": -2.41,
            "roe_4q": -5.829999999999999,
            "gross_profit": 126403,
            "gross_margin": 50.1,
            "gross_margin_4q_avg": 66.99,
            "net_income": -31275,
            "net_income_4q": null,
            "revenue": 252289,
            "revenue_4q": null,
            "common_shares": 687643,
            "book_valuer_per_share": 18.66,
            "book_valuer_per_share_4q_avg": 17,
            "equity": 1284637,
            "current_ratio": 554.38,
            "debt_ratio": 15.55,
            "inventory_turnover_ratio": 0.48,
            "account_receivable_turnover_ratio": 1.7,
            "reinvestment_rate": null,
            "research_to_sale_ratio": 38.62,
            "price_fair": 0,
            "eps_avg_yearly": 0,
            "eps_latest_yearly": 0,
            "eps_growth_yearly": 0
        },
        "20163": {
            "year_quarter": 20163,
            "year": 2016,
            "quarter": 3,
            "eps": 0.31,
            "eps_growth_year": -57.53,
            "eps_4q": -1.89,
            "eps_4q_growth_year": null,
            "roe": 1.64,
            "roe_4q": -11.38,
            "gross_profit": 176704,
            "gross_margin": 41.05,
            "gross_margin_4q_avg": 56.43,
            "net_income": 21337,
            "net_income_4q": null,
            "revenue": 430444,
            "revenue_4q": null,
            "common_shares": 688393,
            "book_valuer_per_share": 19.08,
            "book_valuer_per_share_4q_avg": 19.11,
            "equity": 1313616,
            "current_ratio": 358.66,
            "debt_ratio": 22.99,
            "inventory_turnover_ratio": 0.78,
            "account_receivable_turnover_ratio": 2.06,
            "reinvestment_rate": null,
            "research_to_sale_ratio": 21.6,
            "price_fair": 0,
            "eps_avg_yearly": 0,
            "eps_latest_yearly": 0,
            "eps_growth_yearly": 0
        },
        "20164": {
            "year_quarter": 20164,
            "year": 2016,
            "quarter": 4,
            "eps": 2.58,
            "eps_growth_year": null,
            "eps_4q": 1.64,
            "eps_4q_growth_year": null,
            "roe": 12.51,
            "roe_4q": 7.54,
            "gross_profit": 370703,
            "gross_margin": 41.92,
            "gross_margin_4q_avg": 52.57,
            "net_income": 179672,
            "net_income_4q": null,
            "revenue": 884340,
            "revenue_4q": null,
            "common_shares": 688393,
            "book_valuer_per_share": 22.4,
            "book_valuer_per_share_4q_avg": 19.78,
            "equity": 1558070,
            "current_ratio": 232.49,
            "debt_ratio": 37.5,
            "inventory_turnover_ratio": 1.19,
            "account_receivable_turnover_ratio": 2.67,
            "reinvestment_rate": null,
            "research_to_sale_ratio": 13.98,
            "price_fair": 361.2,
            "eps_avg_yearly": 10.32,
            "eps_latest_yearly": 10.32,
            "eps_growth_yearly": 2929.03
        },
        "20171": {
            "year_quarter": 20171,
            "year": 2017,
            "quarter": 1,
            "eps": 2.65,
            "eps_growth_year": null,
            "eps_4q": 5.09,
            "eps_4q_growth_year": null,
            "roe": 11.16,
            "roe_4q": 22.900000000000002,
            "gross_profit": 475932,
            "gross_margin": 40.15,
            "gross_margin_4q_avg": 43.31,
            "net_income": 184895,
            "net_income_4q": null,
            "revenue": 1185487,
            "revenue_4q": null,
            "common_shares": 696778,
            "book_valuer_per_share": 25.21,
            "book_valuer_per_share_4q_avg": 21.34,
            "equity": 1756676,
            "current_ratio": 249.22,
            "debt_ratio": 35.47,
            "inventory_turnover_ratio": 1.28,
            "account_receivable_turnover_ratio": 2.76,
            "reinvestment_rate": null,
            "research_to_sale_ratio": 8.07,
            "price_fair": 366.1,
            "eps_avg_yearly": 10.46,
            "eps_latest_yearly": 10.6,
            "eps_growth_yearly": 1469.94
        },
        "20172": {
            "year_quarter": 20172,
            "year": 2017,
            "quarter": 2,
            "eps": 1.07,
            "eps_growth_year": null,
            "eps_4q": 6.6,
            "eps_4q_growth_year": null,
            "roe": 4.17,
            "roe_4q": 29.48,
            "gross_profit": 305725,
            "gross_margin": 34.95,
            "gross_margin_4q_avg": 39.52,
            "net_income": 74894,
            "net_income_4q": null,
            "revenue": 874654,
            "revenue_4q": null,
            "common_shares": 696778,
            "book_valuer_per_share": 26.31,
            "book_valuer_per_share_4q_avg": 23.25,
            "equity": 1837467,
            "current_ratio": 241.26,
            "debt_ratio": 36.8,
            "inventory_turnover_ratio": 0.92,
            "account_receivable_turnover_ratio": 2.02,
            "reinvestment_rate": null,
            "research_to_sale_ratio": 16.08,
            "price_fair": 294,
            "eps_avg_yearly": 8.4,
            "eps_latest_yearly": 4.28,
            "eps_growth_yearly": 900.46
        },
        "20173": {
            "year_quarter": 20173,
            "year": 2017,
            "quarter": 3,
            "eps": 2.5,
            "eps_growth_year": 706.45,
            "eps_4q": 8.79,
            "eps_4q_growth_year": null,
            "roe": 9.05,
            "roe_4q": 36.89,
            "gross_profit": 537566,
            "gross_margin": 37.93,
            "gross_margin_4q_avg": 38.74,
            "net_income": 174477,
            "net_income_4q": null,
            "revenue": 1417348,
            "revenue_4q": null,
            "common_shares": 698478,
            "book_valuer_per_share": 28.87,
            "book_valuer_per_share_4q_avg": 25.7,
            "equity": 2016952,
            "current_ratio": 258,
            "debt_ratio": 34.3,
            "inventory_turnover_ratio": 1.85,
            "account_receivable_turnover_ratio": 2.71,
            "reinvestment_rate": null,
            "research_to_sale_ratio": 9.13,
            "price_fair": 308,
            "eps_avg_yearly": 8.8,
            "eps_latest_yearly": 10,
            "eps_growth_yearly": 808.99
        },
        "20174": {
            "year_quarter": 20174,
            "year": 2017,
            "quarter": 4,
            "eps": 2.24,
            "eps_growth_year": -13.26,
            "eps_4q": 8.36,
            "eps_4q_growth_year": 410.14,
            "roe": 7.42,
            "roe_4q": 31.8,
            "gross_profit": 502952,
            "gross_margin": 40.09,
            "gross_margin_4q_avg": 38.28,
            "net_income": 158925,
            "net_income_4q": null,
            "revenue": 1254419,
            "revenue_4q": null,
            "common_shares": 704908,
            "book_valuer_per_share": 31.92,
            "book_valuer_per_share_4q_avg": 28.08,
            "equity": 2264082,
            "current_ratio": 237.53,
            "debt_ratio": 37.59,
            "inventory_turnover_ratio": 1.55,
            "account_receivable_turnover_ratio": 1.84,
            "reinvestment_rate": 31.58,
            "research_to_sale_ratio": 12.15,
            "price_fair": 309.12,
            "eps_avg_yearly": 8.83,
            "eps_latest_yearly": 8.96,
            "eps_growth_yearly": 638.87
        },
        "20181": {
            "year_quarter": 20181,
            "year": 2018,
            "quarter": 1,
            "eps": 3.07,
            "eps_growth_year": 15.85,
            "eps_4q": 8.8,
            "eps_4q_growth_year": 72.95,
            "roe": 9.08,
            "roe_4q": 29.72,
            "gross_profit": 576160,
            "gross_margin": 35.27,
            "gross_margin_4q_avg": 37.06,
            "net_income": 216486,
            "net_income_4q": null,
            "revenue": 1633685,
            "revenue_4q": null,
            "common_shares": 709803,
            "book_valuer_per_share": 35.28,
            "book_valuer_per_share_4q_avg": 30.6,
            "equity": 2504457,
            "current_ratio": 242.71,
            "debt_ratio": 36.86,
            "inventory_turnover_ratio": 1.3,
            "account_receivable_turnover_ratio": 2.18,
            "reinvestment_rate": 4.18,
            "research_to_sale_ratio": 9.26,
            "price_fair": 329.23,
            "eps_avg_yearly": 9.41,
            "eps_latest_yearly": 12.28,
            "eps_growth_yearly": 557.1
        },
        "20182": {
            "year_quarter": 20182,
            "year": 2018,
            "quarter": 2,
            "eps": 4.2,
            "eps_growth_year": 292.52,
            "eps_4q": 12,
            "eps_4q_growth_year": 81.84,
            "roe": 11.93,
            "roe_4q": 37.480000000000004,
            "gross_profit": 566380,
            "gross_margin": 38.27,
            "gross_margin_4q_avg": 37.89,
            "net_income": 294431,
            "net_income_4q": null,
            "revenue": 1479849,
            "revenue_4q": null,
            "common_shares": 709803,
            "book_valuer_per_share": 34.55,
            "book_valuer_per_share_4q_avg": 32.66,
            "equity": 2431640,
            "current_ratio": 181.46,
            "debt_ratio": 50.53,
            "inventory_turnover_ratio": 0.89,
            "account_receivable_turnover_ratio": 1.66,
            "reinvestment_rate": 2.32,
            "research_to_sale_ratio": 12.01,
            "price_fair": 366.2,
            "eps_avg_yearly": 10.46,
            "eps_latest_yearly": 16.8,
            "eps_growth_yearly": 498.55
        },
        "20183": {
            "year_quarter": 20183,
            "year": 2018,
            "quarter": 3,
            "eps": 2.64,
            "eps_growth_year": 5.6,
            "eps_4q": 12.24,
            "eps_4q_growth_year": 39.32,
            "roe": 7.44,
            "roe_4q": 35.870000000000005,
            "gross_profit": 565330,
            "gross_margin": 35.5,
            "gross_margin_4q_avg": 37.28,
            "net_income": 184197,
            "net_income_4q": null,
            "revenue": 1592413,
            "revenue_4q": null,
            "common_shares": 709743,
            "book_valuer_per_share": 36.11,
            "book_valuer_per_share_4q_avg": 34.47,
            "equity": 2518763,
            "current_ratio": 212.16,
            "debt_ratio": 42.87,
            "inventory_turnover_ratio": 1.05,
            "account_receivable_turnover_ratio": 1.41,
            "reinvestment_rate": 2.64,
            "research_to_sale_ratio": 12.07,
            "price_fair": 366.63,
            "eps_avg_yearly": 10.48,
            "eps_latest_yearly": 10.56,
            "eps_growth_yearly": 417.66
        },
        "20184": {
            "year_quarter": 20184,
            "year": 2018,
            "quarter": 4,
            "eps": -0.36,
            "eps_growth_year": -115.86,
            "eps_4q": 9.8,
            "eps_4q_growth_year": 17.15,
            "roe": -0.99,
            "roe_4q": 27.46,
            "gross_profit": 376032,
            "gross_margin": 31.25,
            "gross_margin_4q_avg": 35.07,
            "net_income": -24323,
            "net_income_4q": null,
            "revenue": 1203386,
            "revenue_4q": null,
            "common_shares": 709743,
            "book_valuer_per_share": 34.94,
            "book_valuer_per_share_4q_avg": 35.22,
            "equity": 2392124,
            "current_ratio": 195.81,
            "debt_ratio": 44.48,
            "inventory_turnover_ratio": 1.19,
            "account_receivable_turnover_ratio": 1.3,
            "reinvestment_rate": 4.03,
            "research_to_sale_ratio": 27.49,
            "price_fair": 366.63,
            "eps_avg_yearly": 10.48,
            "eps_latest_yearly": 10.56,
            "eps_growth_yearly": 417.66
        },
        "20191": {
            "year_quarter": 20191,
            "year": 2019,
            "quarter": 1,
            "eps": 1.96,
            "eps_growth_year": -36.16,
            "eps_4q": 8.59,
            "eps_4q_growth_year": -2.46,
            "roe": 5.13,
            "roe_4q": 23.509999999999998,
            "gross_profit": 575246,
            "gross_margin": 41.29,
            "gross_margin_4q_avg": 36.58,
            "net_income": 126677,
            "net_income_4q": null,
            "revenue": 1393119,
            "revenue_4q": null,
            "common_shares": 710643,
            "book_valuer_per_share": 37,
            "book_valuer_per_share_4q_avg": 35.65,
            "equity": 2545212,
            "current_ratio": 193.22,
            "debt_ratio": 45.97,
            "inventory_turnover_ratio": 1.74,
            "account_receivable_turnover_ratio": 1.95,
            "reinvestment_rate": 6.64,
            "research_to_sale_ratio": 21.58,
            "price_fair": 366.63,
            "eps_avg_yearly": 10.48,
            "eps_latest_yearly": 10.56,
            "eps_growth_yearly": 417.66
        },
        "20192": {
            "year_quarter": 20192,
            "year": 2019,
            "quarter": 2,
            "eps": 3.46,
            "eps_growth_year": -17.62,
            "eps_4q": 7.73,
            "eps_4q_growth_year": -35.57,
            "roe": 9.59,
            "roe_4q": 21.169999999999998,
            "gross_profit": 722951,
            "gross_margin": 38.08,
            "gross_margin_4q_avg": 36.53,
            "net_income": 227686,
            "net_income_4q": null,
            "revenue": 1898529,
            "revenue_4q": null,
            "common_shares": 711608,
            "book_valuer_per_share": 32.13,
            "book_valuer_per_share_4q_avg": 35.05,
            "equity": 2205635,
            "current_ratio": 153.37,
            "debt_ratio": 57.97,
            "inventory_turnover_ratio": 3.6,
            "account_receivable_turnover_ratio": 1.85,
            "reinvestment_rate": 4.99,
            "research_to_sale_ratio": 17.94,
            "price_fair": 379.71,
            "eps_avg_yearly": 10.85,
            "eps_latest_yearly": 13.84,
            "eps_growth_yearly": 405.26
        },
        "20193": {
            "year_quarter": 20193,
            "year": 2019,
            "quarter": 3,
            "eps": 4.23,
            "eps_growth_year": 60.23,
            "eps_4q": 9.23,
            "eps_4q_growth_year": -24.65,
            "roe": 12.32,
            "roe_4q": 26.05,
            "gross_profit": 913431,
            "gross_margin": 44.01,
            "gross_margin_4q_avg": 38.66,
            "net_income": 293741,
            "net_income_4q": null,
            "revenue": 2075413,
            "revenue_4q": null,
            "common_shares": 711608,
            "book_valuer_per_share": 37.14,
            "book_valuer_per_share_4q_avg": 35.3,
            "equity": 2564745,
            "current_ratio": 158.14,
            "debt_ratio": 57.22,
            "inventory_turnover_ratio": 3.52,
            "account_receivable_turnover_ratio": 1.45,
            "reinvestment_rate": 4.33,
            "research_to_sale_ratio": 17.1,
            "price_fair": 400.96,
            "eps_avg_yearly": 11.46,
            "eps_latest_yearly": 16.92,
            "eps_growth_yearly": 373.64
        },
        "20194": {
            "year_quarter": 20194,
            "year": 2019,
            "quarter": 4,
            "eps": 2.94,
            "eps_growth_year": null,
            "eps_4q": 12.49,
            "eps_4q_growth_year": 27.45,
            "roe": 7.61,
            "roe_4q": 34.65,
            "gross_profit": 925679,
            "gross_margin": 46.48,
            "gross_margin_4q_avg": 42.47,
            "net_income": 204599,
            "net_income_4q": null,
            "revenue": 1991380,
            "revenue_4q": null,
            "common_shares": 712653,
            "book_valuer_per_share": 40.57,
            "book_valuer_per_share_4q_avg": 36.71,
            "equity": 2811676,
            "current_ratio": 181.77,
            "debt_ratio": 49.14,
            "inventory_turnover_ratio": 1.84,
            "account_receivable_turnover_ratio": 2.03,
            "reinvestment_rate": 4.09,
            "research_to_sale_ratio": 22.36,
            "price_fair": 401.93,
            "eps_avg_yearly": 11.48,
            "eps_latest_yearly": 11.76,
            "eps_growth_yearly": 328.58
        },
        "20201": {
            "year_quarter": 20201,
            "year": 2020,
            "quarter": 1,
            "eps": 3.39,
            "eps_growth_year": 72.96,
            "eps_4q": 13.91,
            "eps_4q_growth_year": 61.98,
            "roe": 7.96,
            "roe_4q": 37.480000000000004,
            "gross_profit": 767420,
            "gross_margin": 46.28,
            "gross_margin_4q_avg": 43.71,
            "net_income": 233737,
            "net_income_4q": null,
            "revenue": 1658359,
            "revenue_4q": null,
            "common_shares": 713818,
            "book_valuer_per_share": 44.06,
            "book_valuer_per_share_4q_avg": 38.48,
            "equity": 3060109,
            "current_ratio": 212.95,
            "debt_ratio": 41.54,
            "inventory_turnover_ratio": 1.18,
            "account_receivable_turnover_ratio": 2.73,
            "reinvestment_rate": 2.82,
            "research_to_sale_ratio": 19.48,
            "price_fair": 407.98,
            "eps_avg_yearly": 11.66,
            "eps_latest_yearly": 13.56,
            "eps_growth_yearly": 306.3
        },
        "20202": {
            "year_quarter": 20202,
            "year": 2020,
            "quarter": 2,
            "eps": 2.46,
            "eps_growth_year": -28.9,
            "eps_4q": 12.95,
            "eps_4q_growth_year": 67.54,
            "roe": 5.98,
            "roe_4q": 33.870000000000005,
            "gross_profit": 676098,
            "gross_margin": 44.62,
            "gross_margin_4q_avg": 45.35,
            "net_income": 169622,
            "net_income_4q": null,
            "revenue": 1515098,
            "revenue_4q": null,
            "common_shares": 713788,
            "book_valuer_per_share": 37.65,
            "book_valuer_per_share_4q_avg": 39.86,
            "equity": 2615721,
            "current_ratio": 147.2,
            "debt_ratio": 60,
            "inventory_turnover_ratio": 1.29,
            "account_receivable_turnover_ratio": 1.99,
            "reinvestment_rate": 2.99,
            "research_to_sale_ratio": 20.14,
            "price_fair": 403.09,
            "eps_avg_yearly": 11.52,
            "eps_latest_yearly": 9.84,
            "eps_growth_yearly": 274.3
        },
        "20203": {
            "year_quarter": 20203,
            "year": 2020,
            "quarter": 3,
            "eps": 3.23,
            "eps_growth_year": -23.64,
            "eps_4q": 12,
            "eps_4q_growth_year": 30.05,
            "roe": 8.1,
            "roe_4q": 29.65,
            "gross_profit": 793267,
            "gross_margin": 42.82,
            "gross_margin_4q_avg": 45.05,
            "net_income": 221896,
            "net_income_4q": null,
            "revenue": 1852612,
            "revenue_4q": null,
            "common_shares": 713788,
            "book_valuer_per_share": 41.25,
            "book_valuer_per_share_4q_avg": 40.88,
            "equity": 2863400,
            "current_ratio": 225.42,
            "debt_ratio": 45.08,
            "inventory_turnover_ratio": 2.63,
            "account_receivable_turnover_ratio": 2.23,
            "reinvestment_rate": 2.82,
            "research_to_sale_ratio": 17.96,
            "price_fair": 406.6,
            "eps_avg_yearly": 11.62,
            "eps_latest_yearly": 12.92,
            "eps_growth_yearly": 263.65
        },
        "20204": {
            "year_quarter": 20204,
            "year": 2020,
            "quarter": 4,
            "eps": 0.06,
            "eps_growth_year": -97.84,
            "eps_4q": 9.13,
            "eps_4q_growth_year": -26.87,
            "roe": 0.07,
            "roe_4q": 22.11,
            "gross_profit": 454168,
            "gross_margin": 37.9,
            "gross_margin_4q_avg": 42.91,
            "net_income": 2736,
            "net_income_4q": null,
            "revenue": 1198358,
            "revenue_4q": null,
            "common_shares": 713758,
            "book_valuer_per_share": 67.6,
            "book_valuer_per_share_4q_avg": 47.64,
            "equity": 4707245,
            "current_ratio": 287.77,
            "debt_ratio": 29.52,
            "inventory_turnover_ratio": 2.32,
            "account_receivable_turnover_ratio": 1.83,
            "reinvestment_rate": 4.32,
            "research_to_sale_ratio": 29.02,
            "price_fair": 381.4,
            "eps_avg_yearly": 10.9,
            "eps_latest_yearly": 0.24,
            "eps_growth_yearly": 26.39
        },
        "20211": {
            "year_quarter": 20211,
            "year": 2021,
            "quarter": 1,
            "eps": 0.94,
            "eps_growth_year": -72.27,
            "eps_4q": 6.68,
            "eps_4q_growth_year": -51.93,
            "roe": 0.98,
            "roe_4q": 15.13,
            "gross_profit": 427178,
            "gross_margin": 39.42,
            "gross_margin_4q_avg": 41.19,
            "net_income": 61224,
            "net_income_4q": null,
            "revenue": 1083616,
            "revenue_4q": null,
            "common_shares": 713758,
            "book_valuer_per_share": 111.72,
            "book_valuer_per_share_4q_avg": 64.56,
            "equity": 7762079,
            "current_ratio": 342.26,
            "debt_ratio": 18.92,
            "inventory_turnover_ratio": 1.79,
            "account_receivable_turnover_ratio": 3.08,
            "reinvestment_rate": 2.9,
            "research_to_sale_ratio": 31.97,
            "price_fair": 364.3,
            "eps_avg_yearly": 10.41,
            "eps_latest_yearly": 3.76,
            "eps_growth_yearly": 444.66
        },
        "20212": {
            "year_quarter": 20212,
            "year": 2021,
            "quarter": 2,
            "eps": -2.77,
            "eps_growth_year": -212.6,
            "eps_4q": 1.47,
            "eps_4q_growth_year": -88.67,
            "roe": -2.55,
            "roe_4q": 6.6,
            "gross_profit": 284623,
            "gross_margin": 38.85,
            "gross_margin_4q_avg": 39.75,
            "net_income": -195203,
            "net_income_4q": null,
            "revenue": 732639,
            "revenue_4q": null,
            "common_shares": 707758,
            "book_valuer_per_share": 108.41,
            "book_valuer_per_share_4q_avg": 82.25,
            "equity": 7529076,
            "current_ratio": 672.25,
            "debt_ratio": 22.99,
            "inventory_turnover_ratio": 1.09,
            "account_receivable_turnover_ratio": 2.15,
            "reinvestment_rate": 3.01,
            "research_to_sale_ratio": 38.91,
            "price_fair": 380.8,
            "eps_avg_yearly": 10.88,
            "eps_latest_yearly": 3.76,
            "eps_growth_yearly": 497.22
        },
        "20213": {
            "year_quarter": 20213,
            "year": 2021,
            "quarter": 3,
            "eps": -0.72,
            "eps_growth_year": -122.29,
            "eps_4q": -2.48,
            "eps_4q_growth_year": -120.69,
            "roe": -0.75,
            "roe_4q": -2.25,
            "gross_profit": 313287,
            "gross_margin": 38.42,
            "gross_margin_4q_avg": 38.65,
            "net_income": -52358,
            "net_income_4q": null,
            "revenue": 815411,
            "revenue_4q": null,
            "common_shares": 707758,
            "book_valuer_per_share": 92.03,
            "book_valuer_per_share_4q_avg": 94.94,
            "equity": 6394099,
            "current_ratio": 562.97,
            "debt_ratio": 26.46,
            "inventory_turnover_ratio": 0.99,
            "account_receivable_turnover_ratio": 2.08,
            "reinvestment_rate": 3.24,
            "research_to_sale_ratio": 30.8,
            "price_fair": 383.37,
            "eps_avg_yearly": 10.95,
            "eps_latest_yearly": 3.76,
            "eps_growth_yearly": 494.1
        },
        "20214": {
            "year_quarter": 20214,
            "year": 2021,
            "quarter": 4,
            "eps": -0.57,
            "eps_growth_year": -992.93,
            "eps_4q": -3.11,
            "eps_4q_growth_year": -134.09,
            "roe": -0.71,
            "roe_4q": -3.03,
            "gross_profit": 344806,
            "gross_margin": 42.51,
            "gross_margin_4q_avg": 39.8,
            "net_income": -45437,
            "net_income_4q": null,
            "revenue": 811141,
            "revenue_4q": null,
            "common_shares": 692718,
            "book_valuer_per_share": 91.24,
            "book_valuer_per_share_4q_avg": 100.85,
            "equity": 6332550,
            "current_ratio": 316.26,
            "debt_ratio": 28.68,
            "inventory_turnover_ratio": 0.81,
            "account_receivable_turnover_ratio": 1.46,
            "reinvestment_rate": 102.29,
            "research_to_sale_ratio": 38.52,
            "price_fair": 389.71,
            "eps_avg_yearly": 11.13,
            "eps_latest_yearly": 3.76,
            "eps_growth_yearly": 542.8
        },
        "20221": {
            "year_quarter": 20221,
            "year": 2022,
            "quarter": 1,
            "eps": -0.04,
            "eps_growth_year": -104.26,
            "eps_4q": -4.1,
            "eps_4q_growth_year": -161.26,
            "roe": -0.09,
            "roe_4q": -4.1,
            "gross_profit": 369320,
            "gross_margin": 40.27,
            "gross_margin_4q_avg": 40.01,
            "net_income": -5316,
            "net_income_4q": null,
            "revenue": 917120,
            "revenue_4q": null,
            "common_shares": 692718,
            "book_valuer_per_share": 80.6,
            "book_valuer_per_share_4q_avg": 93.07,
            "equity": 5592902,
            "current_ratio": 220.85,
            "debt_ratio": 37.45,
            "inventory_turnover_ratio": 0.85,
            "account_receivable_turnover_ratio": 1.6,
            "reinvestment_rate": 148.58,
            "research_to_sale_ratio": 35.9,
            "price_fair": 385.7,
            "eps_avg_yearly": 11.02,
            "eps_latest_yearly": 3.76,
            "eps_growth_yearly": 582.26
        },
        "20222": {
            "year_quarter": 20222,
            "year": 2022,
            "quarter": 2,
            "eps": -4.68,
            "eps_growth_year": null,
            "eps_4q": -6.01,
            "eps_4q_growth_year": -509.6,
            "roe": -6.31,
            "roe_4q": -7.859999999999999,
            "gross_profit": 238422,
            "gross_margin": 32.61,
            "gross_margin_4q_avg": 38.45,
            "net_income": -326492,
            "net_income_4q": null,
            "revenue": 731133,
            "revenue_4q": null,
            "common_shares": 692718,
            "book_valuer_per_share": 68.52,
            "book_valuer_per_share_4q_avg": 83.1,
            "equity": 4753780,
            "current_ratio": 128.42,
            "debt_ratio": 43.48,
            "inventory_turnover_ratio": 0.65,
            "account_receivable_turnover_ratio": 1.7,
            "reinvestment_rate": 284.96,
            "research_to_sale_ratio": 43.38,
            "price_fair": 363.22,
            "eps_avg_yearly": 10.38,
            "eps_latest_yearly": 3.76,
            "eps_growth_yearly": 630.6
        },
        "20223": {
            "year_quarter": 20223,
            "year": 2022,
            "quarter": 3,
            "eps": -3.64,
            "eps_growth_year": null,
            "eps_4q": -8.92,
            "eps_4q_growth_year": null,
            "roe": -3.66,
            "roe_4q": -10.77,
            "gross_profit": 278962,
            "gross_margin": 35.08,
            "gross_margin_4q_avg": 37.62,
            "net_income": -230391,
            "net_income_4q": null,
            "revenue": 795103,
            "revenue_4q": null,
            "common_shares": 692718,
            "book_valuer_per_share": 61.54,
            "book_valuer_per_share_4q_avg": 75.48,
            "equity": 7831849,
            "current_ratio": 229.75,
            "debt_ratio": 34.62,
            "inventory_turnover_ratio": 0.4,
            "account_receivable_turnover_ratio": 1.86,
            "reinvestment_rate": 410.38,
            "research_to_sale_ratio": 53.43,
            "price_fair": 362.43,
            "eps_avg_yearly": 10.36,
            "eps_latest_yearly": 3.76,
            "eps_growth_yearly": 727.99
        },
        "20224": {
            "year_quarter": 20224,
            "year": 2022,
            "quarter": 4,
            "eps": -3.95,
            "eps_growth_year": null,
            "eps_4q": -12.31,
            "eps_4q_growth_year": null,
            "roe": -4.4,
            "roe_4q": -14.46,
            "gross_profit": 275660,
            "gross_margin": 32.59,
            "gross_margin_4q_avg": 35.14,
            "net_income": -340139,
            "net_income_4q": null,
            "revenue": 845944,
            "revenue_4q": null,
            "common_shares": 692718,
            "book_valuer_per_share": 57.74,
            "book_valuer_per_share_4q_avg": 67.1,
            "equity": 7631520,
            "current_ratio": 200.23,
            "debt_ratio": 36.54,
            "inventory_turnover_ratio": 0.33,
            "account_receivable_turnover_ratio": 1.48,
            "reinvestment_rate": 646.04,
            "research_to_sale_ratio": 55.69,
            "price_fair": 362.43,
            "eps_avg_yearly": 10.36,
            "eps_latest_yearly": 3.76,
            "eps_growth_yearly": 727.99
        },
        "20231": {
            "year_quarter": 20231,
            "year": 2023,
            "quarter": 1,
            "eps": -1.26,
            "eps_growth_year": null,
            "eps_4q": -13.53,
            "eps_4q_growth_year": null,
            "roe": -2.2,
            "roe_4q": -16.57,
            "gross_profit": 309415,
            "gross_margin": 33.28,
            "gross_margin_4q_avg": 33.39,
            "net_income": -165892,
            "net_income_4q": null,
            "revenue": 929658,
            "revenue_4q": null,
            "common_shares": 692718,
            "book_valuer_per_share": 57.21,
            "book_valuer_per_share_4q_avg": 61.25,
            "equity": 7476383,
            "current_ratio": 177.43,
            "debt_ratio": 37.78,
            "inventory_turnover_ratio": 0.4,
            "account_receivable_turnover_ratio": 1.58,
            "reinvestment_rate": 1364.86,
            "research_to_sale_ratio": 43.24,
            "price_fair": 362.43,
            "eps_avg_yearly": 10.36,
            "eps_latest_yearly": 3.76,
            "eps_growth_yearly": 727.99
        },
        "20232": {
            "year_quarter": 20232,
            "year": 2023,
            "quarter": 2,
            "eps": -2.44,
            "eps_growth_year": null,
            "eps_4q": -10.62,
            "eps_4q_growth_year": null,
            "roe": -2.27,
            "roe_4q": -12.530000000000001,
            "gross_profit": 243322,
            "gross_margin": 28.77,
            "gross_margin_4q_avg": 32.43,
            "net_income": -177513,
            "net_income_4q": null,
            "revenue": 845635,
            "revenue_4q": null,
            "common_shares": 742718,
            "book_valuer_per_share": 53.48,
            "book_valuer_per_share_4q_avg": 57.49,
            "equity": 8133725,
            "current_ratio": 196.33,
            "debt_ratio": 34.22,
            "inventory_turnover_ratio": 0.43,
            "account_receivable_turnover_ratio": 1.4,
            "reinvestment_rate": null,
            "research_to_sale_ratio": 43.98,
            "price_fair": 345,
            "eps_avg_yearly": 9.86,
            "eps_latest_yearly": 3.76,
            "eps_growth_yearly": 788.26
        },
        "20233": {
            "year_quarter": 20233,
            "year": 2023,
            "quarter": 3,
            "eps": -3.13,
            "eps_growth_year": null,
            "eps_4q": -10.36,
            "eps_4q_growth_year": null,
            "roe": -3.75,
            "roe_4q": -12.62,
            "gross_profit": 296912,
            "gross_margin": 31.37,
            "gross_margin_4q_avg": 31.5,
            "net_income": -307374,
            "net_income_4q": null,
            "revenue": 946548,
            "revenue_4q": null,
            "common_shares": 742718,
            "book_valuer_per_share": 51.97,
            "book_valuer_per_share_4q_avg": 55.1,
            "equity": 8280944,
            "current_ratio": 199.41,
            "debt_ratio": 32.87,
            "inventory_turnover_ratio": 0.56,
            "account_receivable_turnover_ratio": 1.43,
            "reinvestment_rate": null,
            "research_to_sale_ratio": 41.04,
            "price_fair": 303.8,
            "eps_avg_yearly": 8.68,
            "eps_latest_yearly": 3.76,
            "eps_growth_yearly": 904.8
        }
    },
    "months": {
        "2014-06": {
            "month": "2014-06",
            "price": "151.83",
            "revenue": 981
        },
        "2014-07": {
            "month": "2014-07",
            "price": "113.45",
            "revenue": 7918
        },
        "2014-08": {
            "month": "2014-08",
            "price": "84.08",
            "revenue": 2931
        },
        "2014-09": {
            "month": "2014-09",
            "price": "98.78",
            "revenue": 2700
        },
        "2014-10": {
            "month": "2014-10",
            "price": "114.29",
            "revenue": 8632
        },
        "2014-11": {
            "month": "2014-11",
            "price": "102.34",
            "revenue": 2538
        },
        "2014-12": {
            "month": "2014-12",
            "price": "99.36",
            "revenue": 3533
        },
        "2015-01": {
            "month": "2015-01",
            "price": "132.93",
            "revenue": 4521
        },
        "2015-02": {
            "month": "2015-02",
            "price": "150.01",
            "revenue": 48650
        },
        "2015-03": {
            "month": "2015-03",
            "price": "148.09",
            "revenue": 5576
        },
        "2015-04": {
            "month": "2015-04",
            "price": "154.14",
            "revenue": 7071
        },
        "2015-05": {
            "month": "2015-05",
            "price": "125.07",
            "revenue": 38491
        },
        "2015-06": {
            "month": "2015-06",
            "price": "124.52",
            "revenue": 10962
        },
        "2015-07": {
            "month": "2015-07",
            "price": "120.35",
            "revenue": 15430
        },
        "2015-08": {
            "month": "2015-08",
            "price": "111.97",
            "revenue": 205487
        },
        "2015-09": {
            "month": "2015-09",
            "price": "115.14",
            "revenue": 17955
        },
        "2015-10": {
            "month": "2015-10",
            "price": "127.71",
            "revenue": 23737
        },
        "2015-11": {
            "month": "2015-11",
            "price": "123.47",
            "revenue": 100500
        },
        "2015-12": {
            "month": "2015-12",
            "price": "129.57",
            "revenue": 56066
        },
        "2016-01": {
            "month": "2016-01",
            "price": "141.64",
            "revenue": 18495
        },
        "2016-02": {
            "month": "2016-02",
            "price": "150.96",
            "revenue": 73323
        },
        "2016-03": {
            "month": "2016-03",
            "price": "148.28",
            "revenue": 14377
        },
        "2016-04": {
            "month": "2016-04",
            "price": "138.37",
            "revenue": 51407
        },
        "2016-05": {
            "month": "2016-05",
            "price": "130.33",
            "revenue": 166378
        },
        "2016-06": {
            "month": "2016-06",
            "price": "153.00",
            "revenue": 34504
        },
        "2016-07": {
            "month": "2016-07",
            "price": "170.20",
            "revenue": 85839
        },
        "2016-08": {
            "month": "2016-08",
            "price": "219.04",
            "revenue": 181322
        },
        "2016-09": {
            "month": "2016-09",
            "price": "235.82",
            "revenue": 163283
        },
        "2016-10": {
            "month": "2016-10",
            "price": "217.62",
            "revenue": 301031
        },
        "2016-11": {
            "month": "2016-11",
            "price": "250.11",
            "revenue": 245166
        },
        "2016-12": {
            "month": "2016-12",
            "price": "252.52",
            "revenue": 338143
        },
        "2017-01": {
            "month": "2017-01",
            "price": "256.03",
            "revenue": 463519
        },
        "2017-02": {
            "month": "2017-02",
            "price": "270.44",
            "revenue": 386831
        },
        "2017-03": {
            "month": "2017-03",
            "price": "247.70",
            "revenue": 335137
        },
        "2017-04": {
            "month": "2017-04",
            "price": "204.67",
            "revenue": 326169
        },
        "2017-05": {
            "month": "2017-05",
            "price": "176.55",
            "revenue": 252189
        },
        "2017-06": {
            "month": "2017-06",
            "price": "201.00",
            "revenue": 296296
        },
        "2017-07": {
            "month": "2017-07",
            "price": "200.21",
            "revenue": 404294
        },
        "2017-08": {
            "month": "2017-08",
            "price": "266.54",
            "revenue": 544079
        },
        "2017-09": {
            "month": "2017-09",
            "price": "281.27",
            "revenue": 468974
        },
        "2017-10": {
            "month": "2017-10",
            "price": "247.50",
            "revenue": 381274
        },
        "2017-11": {
            "month": "2017-11",
            "price": "230.05",
            "revenue": 335254
        },
        "2017-12": {
            "month": "2017-12",
            "price": "222.93",
            "revenue": 537891
        },
        "2018-01": {
            "month": "2018-01",
            "price": "227.09",
            "revenue": 696151
        },
        "2018-02": {
            "month": "2018-02",
            "price": "179.88",
            "revenue": 421583
        },
        "2018-03": {
            "month": "2018-03",
            "price": "152.52",
            "revenue": 515951
        },
        "2018-04": {
            "month": "2018-04",
            "price": "140.25",
            "revenue": 472802
        },
        "2018-05": {
            "month": "2018-05",
            "price": "142.70",
            "revenue": 507356
        },
        "2018-06": {
            "month": "2018-06",
            "price": "153.10",
            "revenue": 499690
        },
        "2018-07": {
            "month": "2018-07",
            "price": "133.20",
            "revenue": 475041
        },
        "2018-08": {
            "month": "2018-08",
            "price": "150.83",
            "revenue": 624397
        },
        "2018-09": {
            "month": "2018-09",
            "price": "125.32",
            "revenue": 492976
        },
        "2018-10": {
            "month": "2018-10",
            "price": "99.55",
            "revenue": 514578
        },
        "2018-11": {
            "month": "2018-11",
            "price": "127.93",
            "revenue": 405070
        },
        "2018-12": {
            "month": "2018-12",
            "price": "198.12",
            "revenue": 283738
        },
        "2019-01": {
            "month": "2019-01",
            "price": "186.00",
            "revenue": 395840
        },
        "2019-02": {
            "month": "2019-02",
            "price": "210.15",
            "revenue": 397973
        },
        "2019-03": {
            "month": "2019-03",
            "price": "224.80",
            "revenue": 599306
        },
        "2019-04": {
            "month": "2019-04",
            "price": "271.18",
            "revenue": 622804
        },
        "2019-05": {
            "month": "2019-05",
            "price": "236.02",
            "revenue": 676827
        },
        "2019-06": {
            "month": "2019-06",
            "price": "237.34",
            "revenue": 598899
        },
        "2019-07": {
            "month": "2019-07",
            "price": "235.76",
            "revenue": 506410
        },
        "2019-08": {
            "month": "2019-08",
            "price": "243.14",
            "revenue": 719357
        },
        "2019-09": {
            "month": "2019-09",
            "price": "281.05",
            "revenue": 849646
        },
        "2019-10": {
            "month": "2019-10",
            "price": "287.00",
            "revenue": 836408
        },
        "2019-11": {
            "month": "2019-11",
            "price": "242.57",
            "revenue": 526856
        },
        "2019-12": {
            "month": "2019-12",
            "price": "236.50",
            "revenue": 628116
        },
        "2020-01": {
            "month": "2020-01",
            "price": "230.67",
            "revenue": 547986
        },
        "2020-02": {
            "month": "2020-02",
            "price": "219.21",
            "revenue": 435409
        },
        "2020-03": {
            "month": "2020-03",
            "price": "168.39",
            "revenue": 674963
        },
        "2020-04": {
            "month": "2020-04",
            "price": "167.18",
            "revenue": 522739
        },
        "2020-05": {
            "month": "2020-05",
            "price": "187.32",
            "revenue": 504231
        },
        "2020-06": {
            "month": "2020-06",
            "price": "192.40",
            "revenue": 488128
        },
        "2020-07": {
            "month": "2020-07",
            "price": "197.33",
            "revenue": 534832
        },
        "2020-08": {
            "month": "2020-08",
            "price": "176.36",
            "revenue": 692353
        },
        "2020-09": {
            "month": "2020-09",
            "price": "171.27",
            "revenue": 625428
        },
        "2020-10": {
            "month": "2020-10",
            "price": "162.24",
            "revenue": 538592
        },
        "2020-11": {
            "month": "2020-11",
            "price": "167.52",
            "revenue": 457227
        },
        "2020-12": {
            "month": "2020-12",
            "price": "168.80",
            "revenue": 202538
        },
        "2021-01": {
            "month": "2021-01",
            "price": "162.20",
            "revenue": 339063
        },
        "2021-02": {
            "month": "2021-02",
            "price": "150.62",
            "revenue": 374150
        },
        "2021-03": {
            "month": "2021-03",
            "price": "161.34",
            "revenue": 370403
        },
        "2021-04": {
            "month": "2021-04",
            "price": "169.84",
            "revenue": 340390
        },
        "2021-05": {
            "month": "2021-05",
            "price": "161.79",
            "revenue": 227131
        },
        "2021-06": {
            "month": "2021-06",
            "price": "162.90",
            "revenue": 165119
        },
        "2021-07": {
            "month": "2021-07",
            "price": "165.18",
            "revenue": 129571
        },
        "2021-08": {
            "month": "2021-08",
            "price": "127.52",
            "revenue": 261778
        },
        "2021-09": {
            "month": "2021-09",
            "price": "118.90",
            "revenue": 424061
        },
        "2021-10": {
            "month": "2021-10",
            "price": "117.00",
            "revenue": 226726
        },
        "2021-11": {
            "month": "2021-11",
            "price": "117.89",
            "revenue": 263478
        },
        "2021-12": {
            "month": "2021-12",
            "price": "113.30",
            "revenue": 320938
        },
        "2022-01": {
            "month": "2022-01",
            "price": "112.39",
            "revenue": 287610
        },
        "2022-02": {
            "month": "2022-02",
            "price": "110.87",
            "revenue": 224400
        },
        "2022-03": {
            "month": "2022-03",
            "price": "100.65",
            "revenue": 405110
        },
        "2022-04": {
            "month": "2022-04",
            "price": "114.21",
            "revenue": 355305
        },
        "2022-05": {
            "month": "2022-05",
            "price": "109.07",
            "revenue": 239580
        },
        "2022-06": {
            "month": "2022-06",
            "price": "99.04",
            "revenue": 136248
        },
        "2022-07": {
            "month": "2022-07",
            "price": "83.07",
            "revenue": 259170
        },
        "2022-08": {
            "month": "2022-08",
            "price": "81.12",
            "revenue": 268924
        },
        "2022-09": {
            "month": "2022-09",
            "price": "74.04",
            "revenue": 267009
        },
        "2022-10": {
            "month": "2022-10",
            "price": "61.04",
            "revenue": 257789
        },
        "2022-11": {
            "month": "2022-11",
            "price": "62.24",
            "revenue": 301275
        },
        "2022-12": {
            "month": "2022-12",
            "price": "63.56",
            "revenue": 286880
        },
        "2023-01": {
            "month": "2023-01",
            "price": "63.61",
            "revenue": 255557
        },
        "2023-02": {
            "month": "2023-02",
            "price": "76.02",
            "revenue": 320117
        },
        "2023-03": {
            "month": "2023-03",
            "price": "83.84",
            "revenue": 353984
        },
        "2023-04": {
            "month": "2023-04",
            "price": "85.59",
            "revenue": 263748
        },
        "2023-05": {
            "month": "2023-05",
            "price": "84.24",
            "revenue": 311126
        },
        "2023-06": {
            "month": "2023-06",
            "price": "94.46",
            "revenue": 270760
        },
        "2023-07": {
            "month": "2023-07",
            "price": "106.67",
            "revenue": 291270
        },
        "2023-08": {
            "month": "2023-08",
            "price": "87.40",
            "revenue": 304195
        },
        "2023-09": {
            "month": "2023-09",
            "price": "84.68",
            "revenue": 351356
        },
        "2023-10": {
            "month": "2023-10",
            "price": "83.50",
            "revenue": 298988
        },
        "2023-11": {
            "month": "2023-11",
            "price": "91.28",
            "revenue": 357523
        },
        "2023-12": {
            "month": "2023-12",
            "price": "122.36",
            "revenue": 469970
        }
    }
}
