{
    "summary": {
        "stock_name": "台數科",
        "stock_id": "6464",
        "category": "其他",
        "main_business": "有線電視系統之投資及控股<br>頻道版權代理<br>顧問諮詢",
        "website_url": "http://www.topmso.com.tw",
        "ceo": "廖紫岑",
        "pe_ratio": 14,
        "report_year_from": 2013,
        "report_year_to": 2023,
        "age": 10,
        "eps_negative_percentage": 0,
        "eps_growth_avg": {
            "last_all": 0.54,
            "last_2y": 9.47,
            "last_4y": 7.48,
            "last_8y": null,
            "last_12y": null,
            "last_16y": null,
            "last_20y": null,
            "at_2006_last_3y": null,
            "at_2007_last_3y": null,
            "at_2008_last_3y": null,
            "at_2009_last_3y": null,
            "at_2010_last_3y": null,
            "at_2011_last_3y": null,
            "at_2012_last_3y": null,
            "at_2013_last_3y": null,
            "at_2014_last_3y": null,
            "at_2015_last_3y": null,
            "at_2016_last_3y": null,
            "at_2017_last_3y": null,
            "at_2018_last_3y": null,
            "at_2019_last_3y": -6.16,
            "at_2020_last_3y": 11.59,
            "at_2021_last_3y": 14.67,
            "at_2022_last_3y": 9.3,
            "at_2023_last_3y": 9.3,
            "at_2006_last_all": null,
            "at_2007_last_all": null,
            "at_2008_last_all": null,
            "at_2009_last_all": null,
            "at_2010_last_all": null,
            "at_2011_last_all": null,
            "at_2012_last_all": null,
            "at_2013_last_all": null,
            "at_2014_last_all": null,
            "at_2015_last_all": null,
            "at_2016_last_all": null,
            "at_2017_last_all": -16.81,
            "at_2018_last_all": -11.14,
            "at_2019_last_all": -6.16,
            "at_2020_last_all": 5.41,
            "at_2021_last_all": 4.18,
            "at_2022_last_all": 0.54,
            "at_2023_last_all": 0.54
        },
        "latest_eps": 6.73,
        "latest_price": 93,
        "latest_roe": 10.46,
        "latest_gross_margin": 53.28,
        "latest_equity": 8373049,
        "latest_revenue": 1035838,
        "latest_gross_profit": 551870,
        "latest_net_income": 253063,
        "latest_debt_ratio": 55.28,
        "latest_current_ratio": 109.9,
        "latest_account_receivable_turnover_ratio": 3.87,
        "latest_inventory_turnover_ratio": 12.99,
        "latest_reinvestment_rate": 8.53,
        "latest_research_to_sale_ratio": 0.09
    },
    "eps_dividends": {
        "2001": {
            "cash": 0,
            "stock": 0,
            "eps": 0
        },
        "2002": {
            "cash": 0,
            "stock": 0,
            "eps": 0
        },
        "2003": {
            "cash": 0,
            "stock": 0,
            "eps": 0
        },
        "2004": {
            "cash": 0,
            "stock": 0,
            "eps": 0
        },
        "2005": {
            "cash": 0,
            "stock": 0,
            "eps": 0
        },
        "2006": {
            "cash": 0,
            "stock": 0,
            "eps": 0
        },
        "2007": {
            "cash": 0,
            "stock": 0,
            "eps": 0
        },
        "2008": {
            "cash": 0,
            "stock": 0,
            "eps": 0
        },
        "2009": {
            "cash": 0,
            "stock": 0,
            "eps": 0
        },
        "2010": {
            "cash": 0,
            "stock": 0,
            "eps": 0
        },
        "2011": {
            "cash": 0,
            "stock": 0,
            "eps": 0
        },
        "2012": {
            "cash": 0,
            "stock": 0,
            "eps": 0
        },
        "2013": {
            "cash": 0,
            "stock": 0,
            "eps": 0
        },
        "2014": {
            "cash": 6.3,
            "stock": 0,
            "eps": 0
        },
        "2015": {
            "cash": 7.02,
            "stock": 0,
            "eps": 7.55
        },
        "2016": {
            "cash": 6.5,
            "stock": 0,
            "eps": 6.09
        },
        "2017": {
            "cash": 2,
            "stock": 0.4,
            "eps": 5.22
        },
        "2018": {
            "cash": 5,
            "stock": 0.1,
            "eps": 5.23
        },
        "2019": {
            "cash": 5.5,
            "stock": 0.1,
            "eps": 5.69
        },
        "2020": {
            "cash": 4,
            "stock": 0.2,
            "eps": 8.63
        },
        "2021": {
            "cash": 2.65,
            "stock": 0.45,
            "eps": 8.46
        },
        "2022": {
            "cash": 4.5,
            "stock": 0.1,
            "eps": 6.66
        },
        "2023": {
            "cash": 5,
            "stock": 0,
            "eps": 1.94
        }
    },
    "dividends": {
        "2014-09-16": {
            "cash": 6.3,
            "stock": 0
        },
        "2015-09-18": {
            "cash": 7.02,
            "stock": 0
        },
        "2016-09-14": {
            "cash": 6.5,
            "stock": 0
        },
        "2017-08-11": {
            "cash": 2,
            "stock": 0.4
        },
        "2018-07-31": {
            "cash": 5,
            "stock": 0.1
        },
        "2019-08-30": {
            "cash": 5.5,
            "stock": 0.1
        },
        "2020-03-10": {
            "cash": 4,
            "stock": 0.2
        },
        "2021-09-27": {
            "cash": 2.65,
            "stock": 0.45
        },
        "2022-08-19": {
            "cash": 4.5,
            "stock": 0.1
        },
        "2023-04-13": {
            "cash": 5,
            "stock": 0
        }
    },
    "prices": {
        "200101": "無",
        "200102": "無",
        "200103": "無",
        "200104": "無",
        "200105": "無",
        "200106": "無",
        "200107": "無",
        "200108": "無",
        "200109": "無",
        "200110": "無",
        "200111": "無",
        "200112": "無",
        "200201": "無",
        "200202": "無",
        "200203": "無",
        "200204": "無",
        "200205": "無",
        "200206": "無",
        "200207": "無",
        "200208": "無",
        "200209": "無",
        "200210": "無",
        "200211": "無",
        "200212": "無",
        "200301": "無",
        "200302": "無",
        "200303": "無",
        "200304": "無",
        "200305": "無",
        "200306": "無",
        "200307": "無",
        "200308": "無",
        "200309": "無",
        "200310": "無",
        "200311": "無",
        "200312": "無",
        "200401": "無",
        "200402": "無",
        "200403": "無",
        "200404": "無",
        "200405": "無",
        "200406": "無",
        "200407": "無",
        "200408": "無",
        "200409": "無",
        "200410": "無",
        "200411": "無",
        "200412": "無",
        "200501": "無",
        "200502": "無",
        "200503": "無",
        "200504": "無",
        "200505": "無",
        "200506": "無",
        "200507": "無",
        "200508": "無",
        "200509": "無",
        "200510": "無",
        "200511": "無",
        "200512": "無",
        "200601": "無",
        "200602": "無",
        "200603": "無",
        "200604": "無",
        "200605": "無",
        "200606": "無",
        "200607": "無",
        "200608": "無",
        "200609": "無",
        "200610": "無",
        "200611": "無",
        "200612": "無",
        "200701": "無",
        "200702": "無",
        "200703": "無",
        "200704": "無",
        "200705": "無",
        "200706": "無",
        "200707": "無",
        "200708": "無",
        "200709": "無",
        "200710": "無",
        "200711": "無",
        "200712": "無",
        "200801": "無",
        "200802": "無",
        "200803": "無",
        "200804": "無",
        "200805": "無",
        "200806": "無",
        "200807": "無",
        "200808": "無",
        "200809": "無",
        "200810": "無",
        "200811": "無",
        "200812": "無",
        "200901": "無",
        "200902": "無",
        "200903": "無",
        "200904": "無",
        "200905": "無",
        "200906": "無",
        "200907": "無",
        "200908": "無",
        "200909": "無",
        "200910": "無",
        "200911": "無",
        "200912": "無",
        "201001": "無",
        "201002": "無",
        "201003": "無",
        "201004": "無",
        "201005": "無",
        "201006": "無",
        "201007": "無",
        "201008": "無",
        "201009": "無",
        "201010": "無",
        "201011": "無",
        "201012": "無",
        "201101": "無",
        "201102": "無",
        "201103": "無",
        "201104": "無",
        "201105": "無",
        "201106": "無",
        "201107": "無",
        "201108": "無",
        "201109": "無",
        "201110": "無",
        "201111": "無",
        "201112": "無",
        "201201": "無",
        "201202": "無",
        "201203": "無",
        "201204": "無",
        "201205": "無",
        "201206": "無",
        "201207": "無",
        "201208": "無",
        "201209": "無",
        "201210": "無",
        "201211": "無",
        "201212": "無",
        "201301": "無",
        "201302": "無",
        "201303": "無",
        "201304": "無",
        "201305": "無",
        "201306": "無",
        "201307": "無",
        "201308": "無",
        "201309": "無",
        "201310": "無",
        "201311": "無",
        "201312": "無",
        "201401": "無",
        "201402": "無",
        "201403": "無",
        "201404": "無",
        "201405": "無",
        "201406": "無",
        "201407": "162.12",
        "201408": "145.70",
        "201409": "136.54",
        "201410": "135.74",
        "201411": "133.54",
        "201412": "131.34",
        "201501": "130.78",
        "201502": "131.22",
        "201503": "136.93",
        "201504": "143.93",
        "201505": "152.56",
        "201506": "157.54",
        "201507": "154.12",
        "201508": "146.96",
        "201509": "144.44",
        "201510": "141.71",
        "201511": "146.54",
        "201512": "127.46",
        "201601": "118.38",
        "201602": "128.85",
        "201603": "128.63",
        "201604": "127.76",
        "201605": "130.45",
        "201606": "127.68",
        "201607": "127.75",
        "201608": "126.89",
        "201609": "126.21",
        "201610": "129.63",
        "201611": "126.64",
        "201612": "126.25",
        "201701": "125.00",
        "201702": "124.21",
        "201703": "123.34",
        "201704": "120.35",
        "201705": "120.26",
        "201706": "120.86",
        "201707": "118.50",
        "201708": "119.66",
        "201709": "118.37",
        "201710": "117.44",
        "201711": "116.33",
        "201712": "119.90",
        "201801": "120.50",
        "201802": "117.22",
        "201803": "119.56",
        "201804": "119.38",
        "201805": "118.57",
        "201806": "119.16",
        "201807": "117.18",
        "201808": "117.42",
        "201809": "117.42",
        "201810": "114.11",
        "201811": "113.81",
        "201812": "115.66",
        "201901": "112.41",
        "201902": "110.56",
        "201903": "109.06",
        "201904": "109.19",
        "201905": "108.19",
        "201906": "109.39",
        "201907": "108.95",
        "201908": "106.52",
        "201909": "107.89",
        "201910": "107.93",
        "201911": "108.78",
        "201912": "113.80",
        "202001": "115.50",
        "202002": "114.86",
        "202003": "111.18",
        "202004": "113.40",
        "202005": "114.58",
        "202006": "121.92",
        "202007": "124.52",
        "202008": "120.00",
        "202009": "123.34",
        "202010": "120.63",
        "202011": "109.48",
        "202012": "112.00",
        "202101": "111.32",
        "202102": "110.69",
        "202103": "110.84",
        "202104": "110.58",
        "202105": "110.21",
        "202106": "110.19",
        "202107": "109.11",
        "202108": "108.36",
        "202109": "104.68",
        "202110": "102.63",
        "202111": "97.15",
        "202112": "94.29",
        "202201": "90.47",
        "202202": "90.01",
        "202203": "89.56",
        "202204": "88.43",
        "202205": "88.13",
        "202206": "88.01",
        "202207": "87.20",
        "202208": "83.91",
        "202209": "85.34",
        "202210": "92.28",
        "202211": "94.98",
        "202212": "98.54",
        "202301": "97.68",
        "202302": "92.05",
        "202303": "89.57",
        "202304": "90.31",
        "202305": "91.55",
        "202306": "93.29"
    },
    "quarters": {
        "20011": {
            "year_quarter": 20011,
            "year": 2001,
            "quarter": 1,
            "eps": null,
            "eps_growth_year": null,
            "eps_4q": null,
            "eps_4q_growth_year": null,
            "roe": null,
            "roe_4q": 0,
            "gross_profit": null,
            "gross_margin": null,
            "gross_margin_4q_avg": 0,
            "net_income": null,
            "revenue": null,
            "common_shares": null,
            "book_valuer_per_share": null,
            "book_valuer_per_share_4q_avg": 0,
            "equity": null,
            "current_ratio": null,
            "debt_ratio": null,
            "inventory_turnover_ratio": null,
            "account_receivable_turnover_ratio": null,
            "reinvestment_rate": null,
            "research_to_sale_ratio": null,
            "price_fair": 0,
            "eps_avg_yearly": 0,
            "eps_latest_yearly": 0,
            "eps_growth_yearly": 0
        },
        "20012": {
            "year_quarter": 20012,
            "year": 2001,
            "quarter": 2,
            "eps": null,
            "eps_growth_year": null,
            "eps_4q": null,
            "eps_4q_growth_year": null,
            "roe": null,
            "roe_4q": 0,
            "gross_profit": null,
            "gross_margin": null,
            "gross_margin_4q_avg": 0,
            "net_income": null,
            "revenue": null,
            "common_shares": null,
            "book_valuer_per_share": null,
            "book_valuer_per_share_4q_avg": 0,
            "equity": null,
            "current_ratio": null,
            "debt_ratio": null,
            "inventory_turnover_ratio": null,
            "account_receivable_turnover_ratio": null,
            "reinvestment_rate": null,
            "research_to_sale_ratio": null,
            "price_fair": 0,
            "eps_avg_yearly": 0,
            "eps_latest_yearly": 0,
            "eps_growth_yearly": 0
        },
        "20013": {
            "year_quarter": 20013,
            "year": 2001,
            "quarter": 3,
            "eps": null,
            "eps_growth_year": null,
            "eps_4q": null,
            "eps_4q_growth_year": null,
            "roe": null,
            "roe_4q": 0,
            "gross_profit": null,
            "gross_margin": null,
            "gross_margin_4q_avg": 0,
            "net_income": null,
            "revenue": null,
            "common_shares": null,
            "book_valuer_per_share": null,
            "book_valuer_per_share_4q_avg": 0,
            "equity": null,
            "current_ratio": null,
            "debt_ratio": null,
            "inventory_turnover_ratio": null,
            "account_receivable_turnover_ratio": null,
            "reinvestment_rate": null,
            "research_to_sale_ratio": null,
            "price_fair": 0,
            "eps_avg_yearly": 0,
            "eps_latest_yearly": 0,
            "eps_growth_yearly": 0
        },
        "20014": {
            "year_quarter": 20014,
            "year": 2001,
            "quarter": 4,
            "eps": null,
            "eps_growth_year": null,
            "eps_4q": null,
            "eps_4q_growth_year": null,
            "roe": null,
            "roe_4q": 0,
            "gross_profit": null,
            "gross_margin": null,
            "gross_margin_4q_avg": 0,
            "net_income": null,
            "revenue": null,
            "common_shares": null,
            "book_valuer_per_share": null,
            "book_valuer_per_share_4q_avg": 0,
            "equity": null,
            "current_ratio": null,
            "debt_ratio": null,
            "inventory_turnover_ratio": null,
            "account_receivable_turnover_ratio": null,
            "reinvestment_rate": null,
            "research_to_sale_ratio": null,
            "price_fair": 0,
            "eps_avg_yearly": 0,
            "eps_latest_yearly": 0,
            "eps_growth_yearly": 0
        },
        "20021": {
            "year_quarter": 20021,
            "year": 2002,
            "quarter": 1,
            "eps": null,
            "eps_growth_year": null,
            "eps_4q": null,
            "eps_4q_growth_year": null,
            "roe": null,
            "roe_4q": 0,
            "gross_profit": null,
            "gross_margin": null,
            "gross_margin_4q_avg": 0,
            "net_income": null,
            "revenue": null,
            "common_shares": null,
            "book_valuer_per_share": null,
            "book_valuer_per_share_4q_avg": 0,
            "equity": null,
            "current_ratio": null,
            "debt_ratio": null,
            "inventory_turnover_ratio": null,
            "account_receivable_turnover_ratio": null,
            "reinvestment_rate": null,
            "research_to_sale_ratio": null,
            "price_fair": 0,
            "eps_avg_yearly": 0,
            "eps_latest_yearly": 0,
            "eps_growth_yearly": 0
        },
        "20022": {
            "year_quarter": 20022,
            "year": 2002,
            "quarter": 2,
            "eps": null,
            "eps_growth_year": null,
            "eps_4q": null,
            "eps_4q_growth_year": null,
            "roe": null,
            "roe_4q": 0,
            "gross_profit": null,
            "gross_margin": null,
            "gross_margin_4q_avg": 0,
            "net_income": null,
            "revenue": null,
            "common_shares": null,
            "book_valuer_per_share": null,
            "book_valuer_per_share_4q_avg": 0,
            "equity": null,
            "current_ratio": null,
            "debt_ratio": null,
            "inventory_turnover_ratio": null,
            "account_receivable_turnover_ratio": null,
            "reinvestment_rate": null,
            "research_to_sale_ratio": null,
            "price_fair": 0,
            "eps_avg_yearly": 0,
            "eps_latest_yearly": 0,
            "eps_growth_yearly": 0
        },
        "20023": {
            "year_quarter": 20023,
            "year": 2002,
            "quarter": 3,
            "eps": null,
            "eps_growth_year": null,
            "eps_4q": null,
            "eps_4q_growth_year": null,
            "roe": null,
            "roe_4q": 0,
            "gross_profit": null,
            "gross_margin": null,
            "gross_margin_4q_avg": 0,
            "net_income": null,
            "revenue": null,
            "common_shares": null,
            "book_valuer_per_share": null,
            "book_valuer_per_share_4q_avg": 0,
            "equity": null,
            "current_ratio": null,
            "debt_ratio": null,
            "inventory_turnover_ratio": null,
            "account_receivable_turnover_ratio": null,
            "reinvestment_rate": null,
            "research_to_sale_ratio": null,
            "price_fair": 0,
            "eps_avg_yearly": 0,
            "eps_latest_yearly": 0,
            "eps_growth_yearly": 0
        },
        "20024": {
            "year_quarter": 20024,
            "year": 2002,
            "quarter": 4,
            "eps": null,
            "eps_growth_year": null,
            "eps_4q": null,
            "eps_4q_growth_year": null,
            "roe": null,
            "roe_4q": 0,
            "gross_profit": null,
            "gross_margin": null,
            "gross_margin_4q_avg": 0,
            "net_income": null,
            "revenue": null,
            "common_shares": null,
            "book_valuer_per_share": null,
            "book_valuer_per_share_4q_avg": 0,
            "equity": null,
            "current_ratio": null,
            "debt_ratio": null,
            "inventory_turnover_ratio": null,
            "account_receivable_turnover_ratio": null,
            "reinvestment_rate": null,
            "research_to_sale_ratio": null,
            "price_fair": 0,
            "eps_avg_yearly": 0,
            "eps_latest_yearly": 0,
            "eps_growth_yearly": 0
        },
        "20031": {
            "year_quarter": 20031,
            "year": 2003,
            "quarter": 1,
            "eps": null,
            "eps_growth_year": null,
            "eps_4q": null,
            "eps_4q_growth_year": null,
            "roe": null,
            "roe_4q": 0,
            "gross_profit": null,
            "gross_margin": null,
            "gross_margin_4q_avg": 0,
            "net_income": null,
            "revenue": null,
            "common_shares": null,
            "book_valuer_per_share": null,
            "book_valuer_per_share_4q_avg": 0,
            "equity": null,
            "current_ratio": null,
            "debt_ratio": null,
            "inventory_turnover_ratio": null,
            "account_receivable_turnover_ratio": null,
            "reinvestment_rate": null,
            "research_to_sale_ratio": null,
            "price_fair": 0,
            "eps_avg_yearly": 0,
            "eps_latest_yearly": 0,
            "eps_growth_yearly": 0
        },
        "20032": {
            "year_quarter": 20032,
            "year": 2003,
            "quarter": 2,
            "eps": null,
            "eps_growth_year": null,
            "eps_4q": null,
            "eps_4q_growth_year": null,
            "roe": null,
            "roe_4q": 0,
            "gross_profit": null,
            "gross_margin": null,
            "gross_margin_4q_avg": 0,
            "net_income": null,
            "revenue": null,
            "common_shares": null,
            "book_valuer_per_share": null,
            "book_valuer_per_share_4q_avg": 0,
            "equity": null,
            "current_ratio": null,
            "debt_ratio": null,
            "inventory_turnover_ratio": null,
            "account_receivable_turnover_ratio": null,
            "reinvestment_rate": null,
            "research_to_sale_ratio": null,
            "price_fair": 0,
            "eps_avg_yearly": 0,
            "eps_latest_yearly": 0,
            "eps_growth_yearly": 0
        },
        "20033": {
            "year_quarter": 20033,
            "year": 2003,
            "quarter": 3,
            "eps": null,
            "eps_growth_year": null,
            "eps_4q": null,
            "eps_4q_growth_year": null,
            "roe": null,
            "roe_4q": 0,
            "gross_profit": null,
            "gross_margin": null,
            "gross_margin_4q_avg": 0,
            "net_income": null,
            "revenue": null,
            "common_shares": null,
            "book_valuer_per_share": null,
            "book_valuer_per_share_4q_avg": 0,
            "equity": null,
            "current_ratio": null,
            "debt_ratio": null,
            "inventory_turnover_ratio": null,
            "account_receivable_turnover_ratio": null,
            "reinvestment_rate": null,
            "research_to_sale_ratio": null,
            "price_fair": 0,
            "eps_avg_yearly": 0,
            "eps_latest_yearly": 0,
            "eps_growth_yearly": 0
        },
        "20034": {
            "year_quarter": 20034,
            "year": 2003,
            "quarter": 4,
            "eps": null,
            "eps_growth_year": null,
            "eps_4q": null,
            "eps_4q_growth_year": null,
            "roe": null,
            "roe_4q": 0,
            "gross_profit": null,
            "gross_margin": null,
            "gross_margin_4q_avg": 0,
            "net_income": null,
            "revenue": null,
            "common_shares": null,
            "book_valuer_per_share": null,
            "book_valuer_per_share_4q_avg": 0,
            "equity": null,
            "current_ratio": null,
            "debt_ratio": null,
            "inventory_turnover_ratio": null,
            "account_receivable_turnover_ratio": null,
            "reinvestment_rate": null,
            "research_to_sale_ratio": null,
            "price_fair": 0,
            "eps_avg_yearly": 0,
            "eps_latest_yearly": 0,
            "eps_growth_yearly": 0
        },
        "20041": {
            "year_quarter": 20041,
            "year": 2004,
            "quarter": 1,
            "eps": null,
            "eps_growth_year": null,
            "eps_4q": null,
            "eps_4q_growth_year": null,
            "roe": null,
            "roe_4q": 0,
            "gross_profit": null,
            "gross_margin": null,
            "gross_margin_4q_avg": 0,
            "net_income": null,
            "revenue": null,
            "common_shares": null,
            "book_valuer_per_share": null,
            "book_valuer_per_share_4q_avg": 0,
            "equity": null,
            "current_ratio": null,
            "debt_ratio": null,
            "inventory_turnover_ratio": null,
            "account_receivable_turnover_ratio": null,
            "reinvestment_rate": null,
            "research_to_sale_ratio": null,
            "price_fair": 0,
            "eps_avg_yearly": 0,
            "eps_latest_yearly": 0,
            "eps_growth_yearly": 0
        },
        "20042": {
            "year_quarter": 20042,
            "year": 2004,
            "quarter": 2,
            "eps": null,
            "eps_growth_year": null,
            "eps_4q": null,
            "eps_4q_growth_year": null,
            "roe": null,
            "roe_4q": 0,
            "gross_profit": null,
            "gross_margin": null,
            "gross_margin_4q_avg": 0,
            "net_income": null,
            "revenue": null,
            "common_shares": null,
            "book_valuer_per_share": null,
            "book_valuer_per_share_4q_avg": 0,
            "equity": null,
            "current_ratio": null,
            "debt_ratio": null,
            "inventory_turnover_ratio": null,
            "account_receivable_turnover_ratio": null,
            "reinvestment_rate": null,
            "research_to_sale_ratio": null,
            "price_fair": 0,
            "eps_avg_yearly": 0,
            "eps_latest_yearly": 0,
            "eps_growth_yearly": 0
        },
        "20043": {
            "year_quarter": 20043,
            "year": 2004,
            "quarter": 3,
            "eps": null,
            "eps_growth_year": null,
            "eps_4q": null,
            "eps_4q_growth_year": null,
            "roe": null,
            "roe_4q": 0,
            "gross_profit": null,
            "gross_margin": null,
            "gross_margin_4q_avg": 0,
            "net_income": null,
            "revenue": null,
            "common_shares": null,
            "book_valuer_per_share": null,
            "book_valuer_per_share_4q_avg": 0,
            "equity": null,
            "current_ratio": null,
            "debt_ratio": null,
            "inventory_turnover_ratio": null,
            "account_receivable_turnover_ratio": null,
            "reinvestment_rate": null,
            "research_to_sale_ratio": null,
            "price_fair": 0,
            "eps_avg_yearly": 0,
            "eps_latest_yearly": 0,
            "eps_growth_yearly": 0
        },
        "20044": {
            "year_quarter": 20044,
            "year": 2004,
            "quarter": 4,
            "eps": null,
            "eps_growth_year": null,
            "eps_4q": null,
            "eps_4q_growth_year": null,
            "roe": null,
            "roe_4q": 0,
            "gross_profit": null,
            "gross_margin": null,
            "gross_margin_4q_avg": 0,
            "net_income": null,
            "revenue": null,
            "common_shares": null,
            "book_valuer_per_share": null,
            "book_valuer_per_share_4q_avg": 0,
            "equity": null,
            "current_ratio": null,
            "debt_ratio": null,
            "inventory_turnover_ratio": null,
            "account_receivable_turnover_ratio": null,
            "reinvestment_rate": null,
            "research_to_sale_ratio": null,
            "price_fair": 0,
            "eps_avg_yearly": 0,
            "eps_latest_yearly": 0,
            "eps_growth_yearly": 0
        },
        "20051": {
            "year_quarter": 20051,
            "year": 2005,
            "quarter": 1,
            "eps": null,
            "eps_growth_year": null,
            "eps_4q": null,
            "eps_4q_growth_year": null,
            "roe": null,
            "roe_4q": 0,
            "gross_profit": null,
            "gross_margin": null,
            "gross_margin_4q_avg": 0,
            "net_income": null,
            "revenue": null,
            "common_shares": null,
            "book_valuer_per_share": null,
            "book_valuer_per_share_4q_avg": 0,
            "equity": null,
            "current_ratio": null,
            "debt_ratio": null,
            "inventory_turnover_ratio": null,
            "account_receivable_turnover_ratio": null,
            "reinvestment_rate": null,
            "research_to_sale_ratio": null,
            "price_fair": 0,
            "eps_avg_yearly": 0,
            "eps_latest_yearly": 0,
            "eps_growth_yearly": 0
        },
        "20052": {
            "year_quarter": 20052,
            "year": 2005,
            "quarter": 2,
            "eps": null,
            "eps_growth_year": null,
            "eps_4q": null,
            "eps_4q_growth_year": null,
            "roe": null,
            "roe_4q": 0,
            "gross_profit": null,
            "gross_margin": null,
            "gross_margin_4q_avg": 0,
            "net_income": null,
            "revenue": null,
            "common_shares": null,
            "book_valuer_per_share": null,
            "book_valuer_per_share_4q_avg": 0,
            "equity": null,
            "current_ratio": null,
            "debt_ratio": null,
            "inventory_turnover_ratio": null,
            "account_receivable_turnover_ratio": null,
            "reinvestment_rate": null,
            "research_to_sale_ratio": null,
            "price_fair": 0,
            "eps_avg_yearly": 0,
            "eps_latest_yearly": 0,
            "eps_growth_yearly": 0
        },
        "20053": {
            "year_quarter": 20053,
            "year": 2005,
            "quarter": 3,
            "eps": null,
            "eps_growth_year": null,
            "eps_4q": null,
            "eps_4q_growth_year": null,
            "roe": null,
            "roe_4q": 0,
            "gross_profit": null,
            "gross_margin": null,
            "gross_margin_4q_avg": 0,
            "net_income": null,
            "revenue": null,
            "common_shares": null,
            "book_valuer_per_share": null,
            "book_valuer_per_share_4q_avg": 0,
            "equity": null,
            "current_ratio": null,
            "debt_ratio": null,
            "inventory_turnover_ratio": null,
            "account_receivable_turnover_ratio": null,
            "reinvestment_rate": null,
            "research_to_sale_ratio": null,
            "price_fair": 0,
            "eps_avg_yearly": 0,
            "eps_latest_yearly": 0,
            "eps_growth_yearly": 0
        },
        "20054": {
            "year_quarter": 20054,
            "year": 2005,
            "quarter": 4,
            "eps": null,
            "eps_growth_year": null,
            "eps_4q": null,
            "eps_4q_growth_year": null,
            "roe": null,
            "roe_4q": 0,
            "gross_profit": null,
            "gross_margin": null,
            "gross_margin_4q_avg": 0,
            "net_income": null,
            "revenue": null,
            "common_shares": null,
            "book_valuer_per_share": null,
            "book_valuer_per_share_4q_avg": 0,
            "equity": null,
            "current_ratio": null,
            "debt_ratio": null,
            "inventory_turnover_ratio": null,
            "account_receivable_turnover_ratio": null,
            "reinvestment_rate": null,
            "research_to_sale_ratio": null,
            "price_fair": 0,
            "eps_avg_yearly": 0,
            "eps_latest_yearly": 0,
            "eps_growth_yearly": 0
        },
        "20061": {
            "year_quarter": 20061,
            "year": 2006,
            "quarter": 1,
            "eps": null,
            "eps_growth_year": null,
            "eps_4q": null,
            "eps_4q_growth_year": null,
            "roe": null,
            "roe_4q": 0,
            "gross_profit": null,
            "gross_margin": null,
            "gross_margin_4q_avg": 0,
            "net_income": null,
            "revenue": null,
            "common_shares": null,
            "book_valuer_per_share": null,
            "book_valuer_per_share_4q_avg": 0,
            "equity": null,
            "current_ratio": null,
            "debt_ratio": null,
            "inventory_turnover_ratio": null,
            "account_receivable_turnover_ratio": null,
            "reinvestment_rate": null,
            "research_to_sale_ratio": null,
            "price_fair": 0,
            "eps_avg_yearly": 0,
            "eps_latest_yearly": 0,
            "eps_growth_yearly": 0
        },
        "20062": {
            "year_quarter": 20062,
            "year": 2006,
            "quarter": 2,
            "eps": null,
            "eps_growth_year": null,
            "eps_4q": null,
            "eps_4q_growth_year": null,
            "roe": null,
            "roe_4q": 0,
            "gross_profit": null,
            "gross_margin": null,
            "gross_margin_4q_avg": 0,
            "net_income": null,
            "revenue": null,
            "common_shares": null,
            "book_valuer_per_share": null,
            "book_valuer_per_share_4q_avg": 0,
            "equity": null,
            "current_ratio": null,
            "debt_ratio": null,
            "inventory_turnover_ratio": null,
            "account_receivable_turnover_ratio": null,
            "reinvestment_rate": null,
            "research_to_sale_ratio": null,
            "price_fair": 0,
            "eps_avg_yearly": 0,
            "eps_latest_yearly": 0,
            "eps_growth_yearly": 0
        },
        "20063": {
            "year_quarter": 20063,
            "year": 2006,
            "quarter": 3,
            "eps": null,
            "eps_growth_year": null,
            "eps_4q": null,
            "eps_4q_growth_year": null,
            "roe": null,
            "roe_4q": 0,
            "gross_profit": null,
            "gross_margin": null,
            "gross_margin_4q_avg": 0,
            "net_income": null,
            "revenue": null,
            "common_shares": null,
            "book_valuer_per_share": null,
            "book_valuer_per_share_4q_avg": 0,
            "equity": null,
            "current_ratio": null,
            "debt_ratio": null,
            "inventory_turnover_ratio": null,
            "account_receivable_turnover_ratio": null,
            "reinvestment_rate": null,
            "research_to_sale_ratio": null,
            "price_fair": 0,
            "eps_avg_yearly": 0,
            "eps_latest_yearly": 0,
            "eps_growth_yearly": 0
        },
        "20064": {
            "year_quarter": 20064,
            "year": 2006,
            "quarter": 4,
            "eps": null,
            "eps_growth_year": null,
            "eps_4q": null,
            "eps_4q_growth_year": null,
            "roe": null,
            "roe_4q": 0,
            "gross_profit": null,
            "gross_margin": null,
            "gross_margin_4q_avg": 0,
            "net_income": null,
            "revenue": null,
            "common_shares": null,
            "book_valuer_per_share": null,
            "book_valuer_per_share_4q_avg": 0,
            "equity": null,
            "current_ratio": null,
            "debt_ratio": null,
            "inventory_turnover_ratio": null,
            "account_receivable_turnover_ratio": null,
            "reinvestment_rate": null,
            "research_to_sale_ratio": null,
            "price_fair": 0,
            "eps_avg_yearly": 0,
            "eps_latest_yearly": 0,
            "eps_growth_yearly": 0
        },
        "20071": {
            "year_quarter": 20071,
            "year": 2007,
            "quarter": 1,
            "eps": null,
            "eps_growth_year": null,
            "eps_4q": null,
            "eps_4q_growth_year": null,
            "roe": null,
            "roe_4q": 0,
            "gross_profit": null,
            "gross_margin": null,
            "gross_margin_4q_avg": 0,
            "net_income": null,
            "revenue": null,
            "common_shares": null,
            "book_valuer_per_share": null,
            "book_valuer_per_share_4q_avg": 0,
            "equity": null,
            "current_ratio": null,
            "debt_ratio": null,
            "inventory_turnover_ratio": null,
            "account_receivable_turnover_ratio": null,
            "reinvestment_rate": null,
            "research_to_sale_ratio": null,
            "price_fair": 0,
            "eps_avg_yearly": 0,
            "eps_latest_yearly": 0,
            "eps_growth_yearly": 0
        },
        "20072": {
            "year_quarter": 20072,
            "year": 2007,
            "quarter": 2,
            "eps": null,
            "eps_growth_year": null,
            "eps_4q": null,
            "eps_4q_growth_year": null,
            "roe": null,
            "roe_4q": 0,
            "gross_profit": null,
            "gross_margin": null,
            "gross_margin_4q_avg": 0,
            "net_income": null,
            "revenue": null,
            "common_shares": null,
            "book_valuer_per_share": null,
            "book_valuer_per_share_4q_avg": 0,
            "equity": null,
            "current_ratio": null,
            "debt_ratio": null,
            "inventory_turnover_ratio": null,
            "account_receivable_turnover_ratio": null,
            "reinvestment_rate": null,
            "research_to_sale_ratio": null,
            "price_fair": 0,
            "eps_avg_yearly": 0,
            "eps_latest_yearly": 0,
            "eps_growth_yearly": 0
        },
        "20073": {
            "year_quarter": 20073,
            "year": 2007,
            "quarter": 3,
            "eps": null,
            "eps_growth_year": null,
            "eps_4q": null,
            "eps_4q_growth_year": null,
            "roe": null,
            "roe_4q": 0,
            "gross_profit": null,
            "gross_margin": null,
            "gross_margin_4q_avg": 0,
            "net_income": null,
            "revenue": null,
            "common_shares": null,
            "book_valuer_per_share": null,
            "book_valuer_per_share_4q_avg": 0,
            "equity": null,
            "current_ratio": null,
            "debt_ratio": null,
            "inventory_turnover_ratio": null,
            "account_receivable_turnover_ratio": null,
            "reinvestment_rate": null,
            "research_to_sale_ratio": null,
            "price_fair": 0,
            "eps_avg_yearly": 0,
            "eps_latest_yearly": 0,
            "eps_growth_yearly": 0
        },
        "20074": {
            "year_quarter": 20074,
            "year": 2007,
            "quarter": 4,
            "eps": null,
            "eps_growth_year": null,
            "eps_4q": null,
            "eps_4q_growth_year": null,
            "roe": null,
            "roe_4q": 0,
            "gross_profit": null,
            "gross_margin": null,
            "gross_margin_4q_avg": 0,
            "net_income": null,
            "revenue": null,
            "common_shares": null,
            "book_valuer_per_share": null,
            "book_valuer_per_share_4q_avg": 0,
            "equity": null,
            "current_ratio": null,
            "debt_ratio": null,
            "inventory_turnover_ratio": null,
            "account_receivable_turnover_ratio": null,
            "reinvestment_rate": null,
            "research_to_sale_ratio": null,
            "price_fair": 0,
            "eps_avg_yearly": 0,
            "eps_latest_yearly": 0,
            "eps_growth_yearly": 0
        },
        "20081": {
            "year_quarter": 20081,
            "year": 2008,
            "quarter": 1,
            "eps": null,
            "eps_growth_year": null,
            "eps_4q": null,
            "eps_4q_growth_year": null,
            "roe": null,
            "roe_4q": 0,
            "gross_profit": null,
            "gross_margin": null,
            "gross_margin_4q_avg": 0,
            "net_income": null,
            "revenue": null,
            "common_shares": null,
            "book_valuer_per_share": null,
            "book_valuer_per_share_4q_avg": 0,
            "equity": null,
            "current_ratio": null,
            "debt_ratio": null,
            "inventory_turnover_ratio": null,
            "account_receivable_turnover_ratio": null,
            "reinvestment_rate": null,
            "research_to_sale_ratio": null,
            "price_fair": 0,
            "eps_avg_yearly": 0,
            "eps_latest_yearly": 0,
            "eps_growth_yearly": 0
        },
        "20082": {
            "year_quarter": 20082,
            "year": 2008,
            "quarter": 2,
            "eps": null,
            "eps_growth_year": null,
            "eps_4q": null,
            "eps_4q_growth_year": null,
            "roe": null,
            "roe_4q": 0,
            "gross_profit": null,
            "gross_margin": null,
            "gross_margin_4q_avg": 0,
            "net_income": null,
            "revenue": null,
            "common_shares": null,
            "book_valuer_per_share": null,
            "book_valuer_per_share_4q_avg": 0,
            "equity": null,
            "current_ratio": null,
            "debt_ratio": null,
            "inventory_turnover_ratio": null,
            "account_receivable_turnover_ratio": null,
            "reinvestment_rate": null,
            "research_to_sale_ratio": null,
            "price_fair": 0,
            "eps_avg_yearly": 0,
            "eps_latest_yearly": 0,
            "eps_growth_yearly": 0
        },
        "20083": {
            "year_quarter": 20083,
            "year": 2008,
            "quarter": 3,
            "eps": null,
            "eps_growth_year": null,
            "eps_4q": null,
            "eps_4q_growth_year": null,
            "roe": null,
            "roe_4q": 0,
            "gross_profit": null,
            "gross_margin": null,
            "gross_margin_4q_avg": 0,
            "net_income": null,
            "revenue": null,
            "common_shares": null,
            "book_valuer_per_share": null,
            "book_valuer_per_share_4q_avg": 0,
            "equity": null,
            "current_ratio": null,
            "debt_ratio": null,
            "inventory_turnover_ratio": null,
            "account_receivable_turnover_ratio": null,
            "reinvestment_rate": null,
            "research_to_sale_ratio": null,
            "price_fair": 0,
            "eps_avg_yearly": 0,
            "eps_latest_yearly": 0,
            "eps_growth_yearly": 0
        },
        "20084": {
            "year_quarter": 20084,
            "year": 2008,
            "quarter": 4,
            "eps": null,
            "eps_growth_year": null,
            "eps_4q": null,
            "eps_4q_growth_year": null,
            "roe": null,
            "roe_4q": 0,
            "gross_profit": null,
            "gross_margin": null,
            "gross_margin_4q_avg": 0,
            "net_income": null,
            "revenue": null,
            "common_shares": null,
            "book_valuer_per_share": null,
            "book_valuer_per_share_4q_avg": 0,
            "equity": null,
            "current_ratio": null,
            "debt_ratio": null,
            "inventory_turnover_ratio": null,
            "account_receivable_turnover_ratio": null,
            "reinvestment_rate": null,
            "research_to_sale_ratio": null,
            "price_fair": 0,
            "eps_avg_yearly": 0,
            "eps_latest_yearly": 0,
            "eps_growth_yearly": 0
        },
        "20091": {
            "year_quarter": 20091,
            "year": 2009,
            "quarter": 1,
            "eps": null,
            "eps_growth_year": null,
            "eps_4q": null,
            "eps_4q_growth_year": null,
            "roe": null,
            "roe_4q": 0,
            "gross_profit": null,
            "gross_margin": null,
            "gross_margin_4q_avg": 0,
            "net_income": null,
            "revenue": null,
            "common_shares": null,
            "book_valuer_per_share": null,
            "book_valuer_per_share_4q_avg": 0,
            "equity": null,
            "current_ratio": null,
            "debt_ratio": null,
            "inventory_turnover_ratio": null,
            "account_receivable_turnover_ratio": null,
            "reinvestment_rate": null,
            "research_to_sale_ratio": null,
            "price_fair": 0,
            "eps_avg_yearly": 0,
            "eps_latest_yearly": 0,
            "eps_growth_yearly": 0
        },
        "20092": {
            "year_quarter": 20092,
            "year": 2009,
            "quarter": 2,
            "eps": null,
            "eps_growth_year": null,
            "eps_4q": null,
            "eps_4q_growth_year": null,
            "roe": null,
            "roe_4q": 0,
            "gross_profit": null,
            "gross_margin": null,
            "gross_margin_4q_avg": 0,
            "net_income": null,
            "revenue": null,
            "common_shares": null,
            "book_valuer_per_share": null,
            "book_valuer_per_share_4q_avg": 0,
            "equity": null,
            "current_ratio": null,
            "debt_ratio": null,
            "inventory_turnover_ratio": null,
            "account_receivable_turnover_ratio": null,
            "reinvestment_rate": null,
            "research_to_sale_ratio": null,
            "price_fair": 0,
            "eps_avg_yearly": 0,
            "eps_latest_yearly": 0,
            "eps_growth_yearly": 0
        },
        "20093": {
            "year_quarter": 20093,
            "year": 2009,
            "quarter": 3,
            "eps": null,
            "eps_growth_year": null,
            "eps_4q": null,
            "eps_4q_growth_year": null,
            "roe": null,
            "roe_4q": 0,
            "gross_profit": null,
            "gross_margin": null,
            "gross_margin_4q_avg": 0,
            "net_income": null,
            "revenue": null,
            "common_shares": null,
            "book_valuer_per_share": null,
            "book_valuer_per_share_4q_avg": 0,
            "equity": null,
            "current_ratio": null,
            "debt_ratio": null,
            "inventory_turnover_ratio": null,
            "account_receivable_turnover_ratio": null,
            "reinvestment_rate": null,
            "research_to_sale_ratio": null,
            "price_fair": 0,
            "eps_avg_yearly": 0,
            "eps_latest_yearly": 0,
            "eps_growth_yearly": 0
        },
        "20094": {
            "year_quarter": 20094,
            "year": 2009,
            "quarter": 4,
            "eps": null,
            "eps_growth_year": null,
            "eps_4q": null,
            "eps_4q_growth_year": null,
            "roe": null,
            "roe_4q": 0,
            "gross_profit": null,
            "gross_margin": null,
            "gross_margin_4q_avg": 0,
            "net_income": null,
            "revenue": null,
            "common_shares": null,
            "book_valuer_per_share": null,
            "book_valuer_per_share_4q_avg": 0,
            "equity": null,
            "current_ratio": null,
            "debt_ratio": null,
            "inventory_turnover_ratio": null,
            "account_receivable_turnover_ratio": null,
            "reinvestment_rate": null,
            "research_to_sale_ratio": null,
            "price_fair": 0,
            "eps_avg_yearly": 0,
            "eps_latest_yearly": 0,
            "eps_growth_yearly": 0
        },
        "20101": {
            "year_quarter": 20101,
            "year": 2010,
            "quarter": 1,
            "eps": null,
            "eps_growth_year": null,
            "eps_4q": null,
            "eps_4q_growth_year": null,
            "roe": null,
            "roe_4q": 0,
            "gross_profit": null,
            "gross_margin": null,
            "gross_margin_4q_avg": 0,
            "net_income": null,
            "revenue": null,
            "common_shares": null,
            "book_valuer_per_share": null,
            "book_valuer_per_share_4q_avg": 0,
            "equity": null,
            "current_ratio": null,
            "debt_ratio": null,
            "inventory_turnover_ratio": null,
            "account_receivable_turnover_ratio": null,
            "reinvestment_rate": null,
            "research_to_sale_ratio": null,
            "price_fair": 0,
            "eps_avg_yearly": 0,
            "eps_latest_yearly": 0,
            "eps_growth_yearly": 0
        },
        "20102": {
            "year_quarter": 20102,
            "year": 2010,
            "quarter": 2,
            "eps": null,
            "eps_growth_year": null,
            "eps_4q": null,
            "eps_4q_growth_year": null,
            "roe": null,
            "roe_4q": 0,
            "gross_profit": null,
            "gross_margin": null,
            "gross_margin_4q_avg": 0,
            "net_income": null,
            "revenue": null,
            "common_shares": null,
            "book_valuer_per_share": null,
            "book_valuer_per_share_4q_avg": 0,
            "equity": null,
            "current_ratio": null,
            "debt_ratio": null,
            "inventory_turnover_ratio": null,
            "account_receivable_turnover_ratio": null,
            "reinvestment_rate": null,
            "research_to_sale_ratio": null,
            "price_fair": 0,
            "eps_avg_yearly": 0,
            "eps_latest_yearly": 0,
            "eps_growth_yearly": 0
        },
        "20103": {
            "year_quarter": 20103,
            "year": 2010,
            "quarter": 3,
            "eps": null,
            "eps_growth_year": null,
            "eps_4q": null,
            "eps_4q_growth_year": null,
            "roe": null,
            "roe_4q": 0,
            "gross_profit": null,
            "gross_margin": null,
            "gross_margin_4q_avg": 0,
            "net_income": null,
            "revenue": null,
            "common_shares": null,
            "book_valuer_per_share": null,
            "book_valuer_per_share_4q_avg": 0,
            "equity": null,
            "current_ratio": null,
            "debt_ratio": null,
            "inventory_turnover_ratio": null,
            "account_receivable_turnover_ratio": null,
            "reinvestment_rate": null,
            "research_to_sale_ratio": null,
            "price_fair": 0,
            "eps_avg_yearly": 0,
            "eps_latest_yearly": 0,
            "eps_growth_yearly": 0
        },
        "20104": {
            "year_quarter": 20104,
            "year": 2010,
            "quarter": 4,
            "eps": null,
            "eps_growth_year": null,
            "eps_4q": null,
            "eps_4q_growth_year": null,
            "roe": null,
            "roe_4q": 0,
            "gross_profit": null,
            "gross_margin": null,
            "gross_margin_4q_avg": 0,
            "net_income": null,
            "revenue": null,
            "common_shares": null,
            "book_valuer_per_share": null,
            "book_valuer_per_share_4q_avg": 0,
            "equity": null,
            "current_ratio": null,
            "debt_ratio": null,
            "inventory_turnover_ratio": null,
            "account_receivable_turnover_ratio": null,
            "reinvestment_rate": null,
            "research_to_sale_ratio": null,
            "price_fair": 0,
            "eps_avg_yearly": 0,
            "eps_latest_yearly": 0,
            "eps_growth_yearly": 0
        },
        "20111": {
            "year_quarter": 20111,
            "year": 2011,
            "quarter": 1,
            "eps": null,
            "eps_growth_year": null,
            "eps_4q": null,
            "eps_4q_growth_year": null,
            "roe": null,
            "roe_4q": 0,
            "gross_profit": null,
            "gross_margin": null,
            "gross_margin_4q_avg": 0,
            "net_income": null,
            "revenue": null,
            "common_shares": null,
            "book_valuer_per_share": null,
            "book_valuer_per_share_4q_avg": 0,
            "equity": null,
            "current_ratio": null,
            "debt_ratio": null,
            "inventory_turnover_ratio": null,
            "account_receivable_turnover_ratio": null,
            "reinvestment_rate": null,
            "research_to_sale_ratio": null,
            "price_fair": 0,
            "eps_avg_yearly": 0,
            "eps_latest_yearly": 0,
            "eps_growth_yearly": 0
        },
        "20112": {
            "year_quarter": 20112,
            "year": 2011,
            "quarter": 2,
            "eps": null,
            "eps_growth_year": null,
            "eps_4q": null,
            "eps_4q_growth_year": null,
            "roe": null,
            "roe_4q": 0,
            "gross_profit": null,
            "gross_margin": null,
            "gross_margin_4q_avg": 0,
            "net_income": null,
            "revenue": null,
            "common_shares": null,
            "book_valuer_per_share": null,
            "book_valuer_per_share_4q_avg": 0,
            "equity": null,
            "current_ratio": null,
            "debt_ratio": null,
            "inventory_turnover_ratio": null,
            "account_receivable_turnover_ratio": null,
            "reinvestment_rate": null,
            "research_to_sale_ratio": null,
            "price_fair": 0,
            "eps_avg_yearly": 0,
            "eps_latest_yearly": 0,
            "eps_growth_yearly": 0
        },
        "20113": {
            "year_quarter": 20113,
            "year": 2011,
            "quarter": 3,
            "eps": null,
            "eps_growth_year": null,
            "eps_4q": null,
            "eps_4q_growth_year": null,
            "roe": null,
            "roe_4q": 0,
            "gross_profit": null,
            "gross_margin": null,
            "gross_margin_4q_avg": 0,
            "net_income": null,
            "revenue": null,
            "common_shares": null,
            "book_valuer_per_share": null,
            "book_valuer_per_share_4q_avg": 0,
            "equity": null,
            "current_ratio": null,
            "debt_ratio": null,
            "inventory_turnover_ratio": null,
            "account_receivable_turnover_ratio": null,
            "reinvestment_rate": null,
            "research_to_sale_ratio": null,
            "price_fair": 0,
            "eps_avg_yearly": 0,
            "eps_latest_yearly": 0,
            "eps_growth_yearly": 0
        },
        "20114": {
            "year_quarter": 20114,
            "year": 2011,
            "quarter": 4,
            "eps": null,
            "eps_growth_year": null,
            "eps_4q": null,
            "eps_4q_growth_year": null,
            "roe": null,
            "roe_4q": 0,
            "gross_profit": null,
            "gross_margin": null,
            "gross_margin_4q_avg": 0,
            "net_income": null,
            "revenue": null,
            "common_shares": 1350000,
            "book_valuer_per_share": 33.93,
            "book_valuer_per_share_4q_avg": 8.48,
            "equity": 4580363,
            "current_ratio": 67.53,
            "debt_ratio": 1.79,
            "inventory_turnover_ratio": null,
            "account_receivable_turnover_ratio": null,
            "reinvestment_rate": null,
            "research_to_sale_ratio": null,
            "price_fair": 0,
            "eps_avg_yearly": 0,
            "eps_latest_yearly": 0,
            "eps_growth_yearly": 0
        },
        "20121": {
            "year_quarter": 20121,
            "year": 2012,
            "quarter": 1,
            "eps": null,
            "eps_growth_year": null,
            "eps_4q": null,
            "eps_4q_growth_year": null,
            "roe": null,
            "roe_4q": 0,
            "gross_profit": null,
            "gross_margin": null,
            "gross_margin_4q_avg": 0,
            "net_income": null,
            "revenue": null,
            "common_shares": null,
            "book_valuer_per_share": null,
            "book_valuer_per_share_4q_avg": 8.48,
            "equity": null,
            "current_ratio": null,
            "debt_ratio": null,
            "inventory_turnover_ratio": null,
            "account_receivable_turnover_ratio": null,
            "reinvestment_rate": null,
            "research_to_sale_ratio": null,
            "price_fair": 0,
            "eps_avg_yearly": 0,
            "eps_latest_yearly": 0,
            "eps_growth_yearly": 0
        },
        "20122": {
            "year_quarter": 20122,
            "year": 2012,
            "quarter": 2,
            "eps": null,
            "eps_growth_year": null,
            "eps_4q": null,
            "eps_4q_growth_year": null,
            "roe": null,
            "roe_4q": 0,
            "gross_profit": null,
            "gross_margin": null,
            "gross_margin_4q_avg": 0,
            "net_income": null,
            "revenue": null,
            "common_shares": null,
            "book_valuer_per_share": null,
            "book_valuer_per_share_4q_avg": 8.48,
            "equity": null,
            "current_ratio": null,
            "debt_ratio": null,
            "inventory_turnover_ratio": null,
            "account_receivable_turnover_ratio": null,
            "reinvestment_rate": null,
            "research_to_sale_ratio": null,
            "price_fair": 0,
            "eps_avg_yearly": 0,
            "eps_latest_yearly": 0,
            "eps_growth_yearly": 0
        },
        "20123": {
            "year_quarter": 20123,
            "year": 2012,
            "quarter": 3,
            "eps": null,
            "eps_growth_year": null,
            "eps_4q": null,
            "eps_4q_growth_year": null,
            "roe": null,
            "roe_4q": 0,
            "gross_profit": null,
            "gross_margin": null,
            "gross_margin_4q_avg": 0,
            "net_income": null,
            "revenue": null,
            "common_shares": null,
            "book_valuer_per_share": null,
            "book_valuer_per_share_4q_avg": 8.48,
            "equity": null,
            "current_ratio": null,
            "debt_ratio": null,
            "inventory_turnover_ratio": null,
            "account_receivable_turnover_ratio": null,
            "reinvestment_rate": null,
            "research_to_sale_ratio": null,
            "price_fair": 0,
            "eps_avg_yearly": 0,
            "eps_latest_yearly": 0,
            "eps_growth_yearly": 0
        },
        "20124": {
            "year_quarter": 20124,
            "year": 2012,
            "quarter": 4,
            "eps": null,
            "eps_growth_year": null,
            "eps_4q": null,
            "eps_4q_growth_year": null,
            "roe": null,
            "roe_4q": 0,
            "gross_profit": null,
            "gross_margin": null,
            "gross_margin_4q_avg": 0,
            "net_income": null,
            "revenue": null,
            "common_shares": 404088,
            "book_valuer_per_share": 85,
            "book_valuer_per_share_4q_avg": 21.25,
            "equity": 3466137,
            "current_ratio": 50.02,
            "debt_ratio": 59.75,
            "inventory_turnover_ratio": null,
            "account_receivable_turnover_ratio": null,
            "reinvestment_rate": null,
            "research_to_sale_ratio": null,
            "price_fair": 0,
            "eps_avg_yearly": 0,
            "eps_latest_yearly": 0,
            "eps_growth_yearly": 0
        },
        "20131": {
            "year_quarter": 20131,
            "year": 2013,
            "quarter": 1,
            "eps": null,
            "eps_growth_year": null,
            "eps_4q": null,
            "eps_4q_growth_year": null,
            "roe": null,
            "roe_4q": 0,
            "gross_profit": null,
            "gross_margin": null,
            "gross_margin_4q_avg": 0,
            "net_income": null,
            "revenue": null,
            "common_shares": null,
            "book_valuer_per_share": null,
            "book_valuer_per_share_4q_avg": 21.25,
            "equity": null,
            "current_ratio": null,
            "debt_ratio": null,
            "inventory_turnover_ratio": null,
            "account_receivable_turnover_ratio": null,
            "reinvestment_rate": null,
            "research_to_sale_ratio": null,
            "price_fair": 0,
            "eps_avg_yearly": 0,
            "eps_latest_yearly": 0,
            "eps_growth_yearly": 0
        },
        "20132": {
            "year_quarter": 20132,
            "year": 2013,
            "quarter": 2,
            "eps": null,
            "eps_growth_year": null,
            "eps_4q": null,
            "eps_4q_growth_year": null,
            "roe": null,
            "roe_4q": 0,
            "gross_profit": null,
            "gross_margin": null,
            "gross_margin_4q_avg": 0,
            "net_income": null,
            "revenue": null,
            "common_shares": 404088,
            "book_valuer_per_share": null,
            "book_valuer_per_share_4q_avg": 21.25,
            "equity": 3444600,
            "current_ratio": null,
            "debt_ratio": null,
            "inventory_turnover_ratio": null,
            "account_receivable_turnover_ratio": null,
            "reinvestment_rate": null,
            "research_to_sale_ratio": null,
            "price_fair": 0,
            "eps_avg_yearly": 0,
            "eps_latest_yearly": 0,
            "eps_growth_yearly": 0
        },
        "20133": {
            "year_quarter": 20133,
            "year": 2013,
            "quarter": 3,
            "eps": null,
            "eps_growth_year": null,
            "eps_4q": null,
            "eps_4q_growth_year": null,
            "roe": null,
            "roe_4q": 0,
            "gross_profit": null,
            "gross_margin": null,
            "gross_margin_4q_avg": 0,
            "net_income": null,
            "revenue": null,
            "common_shares": null,
            "book_valuer_per_share": null,
            "book_valuer_per_share_4q_avg": 21.25,
            "equity": null,
            "current_ratio": null,
            "debt_ratio": null,
            "inventory_turnover_ratio": null,
            "account_receivable_turnover_ratio": null,
            "reinvestment_rate": null,
            "research_to_sale_ratio": null,
            "price_fair": 0,
            "eps_avg_yearly": 0,
            "eps_latest_yearly": 0,
            "eps_growth_yearly": 0
        },
        "20134": {
            "year_quarter": 20134,
            "year": 2013,
            "quarter": 4,
            "eps": null,
            "eps_growth_year": null,
            "eps_4q": null,
            "eps_4q_growth_year": null,
            "roe": null,
            "roe_4q": 0,
            "gross_profit": null,
            "gross_margin": null,
            "gross_margin_4q_avg": 0,
            "net_income": null,
            "revenue": null,
            "common_shares": 1100000,
            "book_valuer_per_share": null,
            "book_valuer_per_share_4q_avg": 0,
            "equity": 5146496,
            "current_ratio": null,
            "debt_ratio": null,
            "inventory_turnover_ratio": null,
            "account_receivable_turnover_ratio": null,
            "reinvestment_rate": null,
            "research_to_sale_ratio": null,
            "price_fair": 0,
            "eps_avg_yearly": 0,
            "eps_latest_yearly": 0,
            "eps_growth_yearly": 0
        },
        "20141": {
            "year_quarter": 20141,
            "year": 2014,
            "quarter": 1,
            "eps": null,
            "eps_growth_year": null,
            "eps_4q": null,
            "eps_4q_growth_year": null,
            "roe": null,
            "roe_4q": 0,
            "gross_profit": 458438,
            "gross_margin": null,
            "gross_margin_4q_avg": 0,
            "net_income": 253065,
            "revenue": 764774,
            "common_shares": 1100000,
            "book_valuer_per_share": null,
            "book_valuer_per_share_4q_avg": 0,
            "equity": 5398850,
            "current_ratio": null,
            "debt_ratio": null,
            "inventory_turnover_ratio": null,
            "account_receivable_turnover_ratio": null,
            "reinvestment_rate": null,
            "research_to_sale_ratio": null,
            "price_fair": 0,
            "eps_avg_yearly": 0,
            "eps_latest_yearly": 0,
            "eps_growth_yearly": 0
        },
        "20142": {
            "year_quarter": 20142,
            "year": 2014,
            "quarter": 2,
            "eps": null,
            "eps_growth_year": null,
            "eps_4q": null,
            "eps_4q_growth_year": null,
            "roe": null,
            "roe_4q": 0,
            "gross_profit": 435729,
            "gross_margin": null,
            "gross_margin_4q_avg": 0,
            "net_income": 236490,
            "revenue": 762686,
            "common_shares": 1115000,
            "book_valuer_per_share": 45.91,
            "book_valuer_per_share_4q_avg": 11.48,
            "equity": 5136969,
            "current_ratio": 123.49,
            "debt_ratio": 41.66,
            "inventory_turnover_ratio": null,
            "account_receivable_turnover_ratio": null,
            "reinvestment_rate": null,
            "research_to_sale_ratio": null,
            "price_fair": 0,
            "eps_avg_yearly": 0,
            "eps_latest_yearly": 0,
            "eps_growth_yearly": 0
        },
        "20143": {
            "year_quarter": 20143,
            "year": 2014,
            "quarter": 3,
            "eps": null,
            "eps_growth_year": null,
            "eps_4q": null,
            "eps_4q_growth_year": null,
            "roe": null,
            "roe_4q": 0,
            "gross_profit": 453360,
            "gross_margin": null,
            "gross_margin_4q_avg": 0,
            "net_income": 262416,
            "revenue": 769227,
            "common_shares": 1115000,
            "book_valuer_per_share": 48.12,
            "book_valuer_per_share_4q_avg": 23.51,
            "equity": 5399651,
            "current_ratio": 138.64,
            "debt_ratio": 35.94,
            "inventory_turnover_ratio": null,
            "account_receivable_turnover_ratio": null,
            "reinvestment_rate": null,
            "research_to_sale_ratio": null,
            "price_fair": 0,
            "eps_avg_yearly": 0,
            "eps_latest_yearly": 0,
            "eps_growth_yearly": 0
        },
        "20144": {
            "year_quarter": 20144,
            "year": 2014,
            "quarter": 4,
            "eps": null,
            "eps_growth_year": null,
            "eps_4q": null,
            "eps_4q_growth_year": null,
            "roe": null,
            "roe_4q": 0,
            "gross_profit": 428439,
            "gross_margin": null,
            "gross_margin_4q_avg": 0,
            "net_income": 190815,
            "revenue": 786406,
            "common_shares": 1115000,
            "book_valuer_per_share": 49.84,
            "book_valuer_per_share_4q_avg": 35.97,
            "equity": 5587279,
            "current_ratio": 189.53,
            "debt_ratio": 39.6,
            "inventory_turnover_ratio": null,
            "account_receivable_turnover_ratio": null,
            "reinvestment_rate": null,
            "research_to_sale_ratio": null,
            "price_fair": 0,
            "eps_avg_yearly": 0,
            "eps_latest_yearly": 0,
            "eps_growth_yearly": 0
        },
        "20151": {
            "year_quarter": 20151,
            "year": 2015,
            "quarter": 1,
            "eps": 2.3,
            "eps_growth_year": null,
            "eps_4q": 2.3,
            "eps_4q_growth_year": null,
            "roe": 4.48,
            "roe_4q": 4.48,
            "gross_profit": 433988,
            "gross_margin": 57,
            "gross_margin_4q_avg": 14.25,
            "net_income": 256185,
            "revenue": 761332,
            "common_shares": 1115000,
            "book_valuer_per_share": 52.14,
            "book_valuer_per_share_4q_avg": 49,
            "equity": 5843656,
            "current_ratio": 198.62,
            "debt_ratio": 36.95,
            "inventory_turnover_ratio": 12.84,
            "account_receivable_turnover_ratio": 4.47,
            "reinvestment_rate": null,
            "research_to_sale_ratio": 0.3,
            "price_fair": 0,
            "eps_avg_yearly": 0,
            "eps_latest_yearly": 0,
            "eps_growth_yearly": 0
        },
        "20152": {
            "year_quarter": 20152,
            "year": 2015,
            "quarter": 2,
            "eps": 2.05,
            "eps_growth_year": null,
            "eps_4q": 4.34,
            "eps_4q_growth_year": null,
            "roe": 4.1,
            "roe_4q": 8.58,
            "gross_profit": 425463,
            "gross_margin": 55.74,
            "gross_margin_4q_avg": 28.19,
            "net_income": 228912,
            "revenue": 763362,
            "common_shares": 1115000,
            "book_valuer_per_share": 47.38,
            "book_valuer_per_share_4q_avg": 49.37,
            "equity": 5326349,
            "current_ratio": 125.27,
            "debt_ratio": 44.02,
            "inventory_turnover_ratio": 15.79,
            "account_receivable_turnover_ratio": 4.86,
            "reinvestment_rate": null,
            "research_to_sale_ratio": 0.26,
            "price_fair": 24.6,
            "eps_avg_yearly": 8.2,
            "eps_latest_yearly": 8.2,
            "eps_growth_yearly": -43.48
        },
        "20153": {
            "year_quarter": 20153,
            "year": 2015,
            "quarter": 3,
            "eps": 2.02,
            "eps_growth_year": null,
            "eps_4q": 6.37,
            "eps_4q_growth_year": null,
            "roe": 4.15,
            "roe_4q": 12.73,
            "gross_profit": 406414,
            "gross_margin": 53.86,
            "gross_margin_4q_avg": 41.65,
            "net_income": 225757,
            "revenue": 754612,
            "common_shares": 1115000,
            "book_valuer_per_share": 49.42,
            "book_valuer_per_share_4q_avg": 49.7,
            "equity": 5553283,
            "current_ratio": 112.23,
            "debt_ratio": 39.44,
            "inventory_turnover_ratio": 17.72,
            "account_receivable_turnover_ratio": 4.67,
            "reinvestment_rate": null,
            "research_to_sale_ratio": 0.22,
            "price_fair": 24.42,
            "eps_avg_yearly": 8.14,
            "eps_latest_yearly": 8.08,
            "eps_growth_yearly": -24.67
        },
        "20154": {
            "year_quarter": 20154,
            "year": 2015,
            "quarter": 4,
            "eps": 1.18,
            "eps_growth_year": null,
            "eps_4q": 6.89,
            "eps_4q_growth_year": null,
            "roe": 2.28,
            "roe_4q": 15.01,
            "gross_profit": 379759,
            "gross_margin": 50.47,
            "gross_margin_4q_avg": 54.27,
            "net_income": 146993,
            "revenue": 752436,
            "common_shares": 1243670,
            "book_valuer_per_share": 58.75,
            "book_valuer_per_share_4q_avg": 51.92,
            "equity": 7349357,
            "current_ratio": 264.7,
            "debt_ratio": 28.23,
            "inventory_turnover_ratio": 22.03,
            "account_receivable_turnover_ratio": 3.84,
            "reinvestment_rate": null,
            "research_to_sale_ratio": 0.44,
            "price_fair": 21,
            "eps_avg_yearly": 7,
            "eps_latest_yearly": 4.72,
            "eps_growth_yearly": -71.89
        },
        "20161": {
            "year_quarter": 20161,
            "year": 2016,
            "quarter": 1,
            "eps": 1.65,
            "eps_growth_year": -28.26,
            "eps_4q": 6.62,
            "eps_4q_growth_year": 188.09,
            "roe": 2.81,
            "roe_4q": 13.34,
            "gross_profit": 397679,
            "gross_margin": 52.83,
            "gross_margin_4q_avg": 53.23,
            "net_income": 203616,
            "revenue": 752720,
            "common_shares": 1243670,
            "book_valuer_per_share": 58.49,
            "book_valuer_per_share_4q_avg": 53.51,
            "equity": 7144675,
            "current_ratio": 234.03,
            "debt_ratio": 28.25,
            "inventory_turnover_ratio": 19.38,
            "account_receivable_turnover_ratio": 3.49,
            "reinvestment_rate": null,
            "research_to_sale_ratio": 0.22,
            "price_fair": 20.7,
            "eps_avg_yearly": 6.9,
            "eps_latest_yearly": 6.6,
            "eps_growth_yearly": -14.09
        },
        "20162": {
            "year_quarter": 20162,
            "year": 2016,
            "quarter": 2,
            "eps": 1.7,
            "eps_growth_year": -17.07,
            "eps_4q": 6.52,
            "eps_4q_growth_year": 50.06,
            "roe": 3.05,
            "roe_4q": 12.29,
            "gross_profit": 386808,
            "gross_margin": 52.36,
            "gross_margin_4q_avg": 52.38,
            "net_income": 204180,
            "revenue": 738790,
            "common_shares": 1243670,
            "book_valuer_per_share": 51.93,
            "book_valuer_per_share_4q_avg": 54.65,
            "equity": 6251699,
            "current_ratio": 134.32,
            "debt_ratio": 36.56,
            "inventory_turnover_ratio": 16.49,
            "account_receivable_turnover_ratio": 3.4,
            "reinvestment_rate": null,
            "research_to_sale_ratio": 0.14,
            "price_fair": 20.64,
            "eps_avg_yearly": 6.88,
            "eps_latest_yearly": 6.8,
            "eps_growth_yearly": -8.85
        },
        "20163": {
            "year_quarter": 20163,
            "year": 2016,
            "quarter": 3,
            "eps": 1.55,
            "eps_growth_year": -23.27,
            "eps_4q": 6.19,
            "eps_4q_growth_year": -2.7,
            "roe": 2.93,
            "roe_4q": 11.07,
            "gross_profit": 371785,
            "gross_margin": 50.49,
            "gross_margin_4q_avg": 51.54,
            "net_income": 185056,
            "revenue": 736423,
            "common_shares": 1243670,
            "book_valuer_per_share": 53.11,
            "book_valuer_per_share_4q_avg": 55.57,
            "equity": 6376259,
            "current_ratio": 139.9,
            "debt_ratio": 32.69,
            "inventory_turnover_ratio": 18.36,
            "account_receivable_turnover_ratio": 3.99,
            "reinvestment_rate": null,
            "research_to_sale_ratio": 0.13,
            "price_fair": 20.3,
            "eps_avg_yearly": 6.77,
            "eps_latest_yearly": 6.2,
            "eps_growth_yearly": -13.25
        },
        "20164": {
            "year_quarter": 20164,
            "year": 2016,
            "quarter": 4,
            "eps": 1.19,
            "eps_growth_year": 0.56,
            "eps_4q": 6.17,
            "eps_4q_growth_year": -10.51,
            "roe": 2.2,
            "roe_4q": 10.99,
            "gross_profit": 352403,
            "gross_margin": 46.85,
            "gross_margin_4q_avg": 50.63,
            "net_income": 141466,
            "revenue": 752226,
            "common_shares": 1243670,
            "book_valuer_per_share": 54.18,
            "book_valuer_per_share_4q_avg": 54.43,
            "equity": 6485982,
            "current_ratio": 108.06,
            "debt_ratio": 33.41,
            "inventory_turnover_ratio": 22.95,
            "account_receivable_turnover_ratio": 4.69,
            "reinvestment_rate": null,
            "research_to_sale_ratio": 0.23,
            "price_fair": 19.44,
            "eps_avg_yearly": 6.48,
            "eps_latest_yearly": 4.76,
            "eps_growth_yearly": -24.63
        },
        "20171": {
            "year_quarter": 20171,
            "year": 2017,
            "quarter": 1,
            "eps": 1.48,
            "eps_growth_year": -10.3,
            "eps_4q": 5.93,
            "eps_4q_growth_year": -10.39,
            "roe": 2.67,
            "roe_4q": 10.850000000000001,
            "gross_profit": 362764,
            "gross_margin": 48.98,
            "gross_margin_4q_avg": 49.67,
            "net_income": 175838,
            "revenue": 740681,
            "common_shares": 1237670,
            "book_valuer_per_share": 55.75,
            "book_valuer_per_share_4q_avg": 53.74,
            "equity": 6673388,
            "current_ratio": 107.07,
            "debt_ratio": 29.71,
            "inventory_turnover_ratio": 24.63,
            "account_receivable_turnover_ratio": 4.91,
            "reinvestment_rate": null,
            "research_to_sale_ratio": 0.16,
            "price_fair": 19.23,
            "eps_avg_yearly": 6.41,
            "eps_latest_yearly": 5.92,
            "eps_growth_yearly": -9.37
        },
        "20172": {
            "year_quarter": 20172,
            "year": 2017,
            "quarter": 2,
            "eps": 0.98,
            "eps_growth_year": -42.35,
            "eps_4q": 5.04,
            "eps_4q_growth_year": -22.72,
            "roe": 1.83,
            "roe_4q": 9.63,
            "gross_profit": 342262,
            "gross_margin": 46.05,
            "gross_margin_4q_avg": 48.09,
            "net_income": 121293,
            "revenue": 743261,
            "common_shares": 1237670,
            "book_valuer_per_share": 55.16,
            "book_valuer_per_share_4q_avg": 54.55,
            "equity": 6602846,
            "current_ratio": 96.8,
            "debt_ratio": 31.42,
            "inventory_turnover_ratio": 20.47,
            "account_receivable_turnover_ratio": 4.82,
            "reinvestment_rate": null,
            "research_to_sale_ratio": 0.05,
            "price_fair": 18.4,
            "eps_avg_yearly": 6.13,
            "eps_latest_yearly": 3.92,
            "eps_growth_yearly": -23.34
        },
        "20173": {
            "year_quarter": 20173,
            "year": 2017,
            "quarter": 3,
            "eps": 1.4,
            "eps_growth_year": -9.68,
            "eps_4q": 4.98,
            "eps_4q_growth_year": -19.68,
            "roe": 2.62,
            "roe_4q": 9.32,
            "gross_profit": 344127,
            "gross_margin": 46.74,
            "gross_margin_4q_avg": 47.16,
            "net_income": 173385,
            "revenue": 736245,
            "common_shares": 1285292,
            "book_valuer_per_share": 53.78,
            "book_valuer_per_share_4q_avg": 54.72,
            "equity": 6650612,
            "current_ratio": 97.08,
            "debt_ratio": 28.48,
            "inventory_turnover_ratio": 17.33,
            "account_receivable_turnover_ratio": 4.07,
            "reinvestment_rate": null,
            "research_to_sale_ratio": 0.16,
            "price_fair": 18.24,
            "eps_avg_yearly": 6.08,
            "eps_latest_yearly": 5.6,
            "eps_growth_yearly": -3.87
        },
        "20174": {
            "year_quarter": 20174,
            "year": 2017,
            "quarter": 4,
            "eps": 1.36,
            "eps_growth_year": 14.56,
            "eps_4q": 5.23,
            "eps_4q_growth_year": -15.19,
            "roe": 2.49,
            "roe_4q": 9.61,
            "gross_profit": 331085,
            "gross_margin": 45.79,
            "gross_margin_4q_avg": 46.89,
            "net_income": 165744,
            "revenue": 722992,
            "common_shares": 1269292,
            "book_valuer_per_share": 54.38,
            "book_valuer_per_share_4q_avg": 54.77,
            "equity": 6650495,
            "current_ratio": 103.57,
            "debt_ratio": 27.48,
            "inventory_turnover_ratio": 17.06,
            "account_receivable_turnover_ratio": 3.54,
            "reinvestment_rate": 36.74,
            "research_to_sale_ratio": 0.13,
            "price_fair": 18.07,
            "eps_avg_yearly": 6.02,
            "eps_latest_yearly": 5.44,
            "eps_growth_yearly": -4.55
        },
        "20181": {
            "year_quarter": 20181,
            "year": 2018,
            "quarter": 1,
            "eps": 1.33,
            "eps_growth_year": -10.14,
            "eps_4q": 5.14,
            "eps_4q_growth_year": -13.43,
            "roe": 2.4,
            "roe_4q": 9.34,
            "gross_profit": 323486,
            "gross_margin": 45.09,
            "gross_margin_4q_avg": 45.92,
            "net_income": 161402,
            "revenue": 717461,
            "common_shares": 1257292,
            "book_valuer_per_share": 55.75,
            "book_valuer_per_share_4q_avg": 54.77,
            "equity": 6783179,
            "current_ratio": 113.67,
            "debt_ratio": 25.92,
            "inventory_turnover_ratio": 17.82,
            "account_receivable_turnover_ratio": 3.46,
            "reinvestment_rate": 21.41,
            "research_to_sale_ratio": 0.42,
            "price_fair": 17.89,
            "eps_avg_yearly": 5.96,
            "eps_latest_yearly": 5.32,
            "eps_growth_yearly": -4.91
        },
        "20182": {
            "year_quarter": 20182,
            "year": 2018,
            "quarter": 2,
            "eps": 1.15,
            "eps_growth_year": 17.35,
            "eps_4q": 5.25,
            "eps_4q_growth_year": 4.13,
            "roe": 2.15,
            "roe_4q": 9.66,
            "gross_profit": 352084,
            "gross_margin": 46.44,
            "gross_margin_4q_avg": 46.02,
            "net_income": 140697,
            "revenue": 758227,
            "common_shares": 1257292,
            "book_valuer_per_share": 51.67,
            "book_valuer_per_share_4q_avg": 53.9,
            "equity": 6287558,
            "current_ratio": 113.37,
            "debt_ratio": 30.92,
            "inventory_turnover_ratio": 20.36,
            "account_receivable_turnover_ratio": 3.75,
            "reinvestment_rate": 1.89,
            "research_to_sale_ratio": 0.6,
            "price_fair": 17.58,
            "eps_avg_yearly": 5.86,
            "eps_latest_yearly": 4.6,
            "eps_growth_yearly": -8.7
        },
        "20183": {
            "year_quarter": 20183,
            "year": 2018,
            "quarter": 3,
            "eps": 1.37,
            "eps_growth_year": -2.14,
            "eps_4q": 5.21,
            "eps_4q_growth_year": 4.63,
            "roe": 2.64,
            "roe_4q": 9.68,
            "gross_profit": 304821,
            "gross_margin": 42.76,
            "gross_margin_4q_avg": 45.02,
            "net_income": 167832,
            "revenue": 712899,
            "common_shares": 1269394,
            "book_valuer_per_share": 52.32,
            "book_valuer_per_share_4q_avg": 53.53,
            "equity": 6420654,
            "current_ratio": 134.18,
            "debt_ratio": 27.69,
            "inventory_turnover_ratio": 13.96,
            "account_receivable_turnover_ratio": 3.76,
            "reinvestment_rate": 18.21,
            "research_to_sale_ratio": 0.18,
            "price_fair": 17.49,
            "eps_avg_yearly": 5.83,
            "eps_latest_yearly": 5.48,
            "eps_growth_yearly": -2.61
        },
        "20184": {
            "year_quarter": 20184,
            "year": 2018,
            "quarter": 4,
            "eps": 1.38,
            "eps_growth_year": 1.21,
            "eps_4q": 5.25,
            "eps_4q_growth_year": 0.39,
            "roe": 2.59,
            "roe_4q": 9.780000000000001,
            "gross_profit": 335630,
            "gross_margin": 45.17,
            "gross_margin_4q_avg": 44.87,
            "net_income": 167175,
            "revenue": 743069,
            "common_shares": 1266394,
            "book_valuer_per_share": 53.16,
            "book_valuer_per_share_4q_avg": 53.23,
            "equity": 6484482,
            "current_ratio": 140.86,
            "debt_ratio": 27.23,
            "inventory_turnover_ratio": 10.34,
            "account_receivable_turnover_ratio": 4.19,
            "reinvestment_rate": -5.09,
            "research_to_sale_ratio": 0.09,
            "price_fair": 17.43,
            "eps_avg_yearly": 5.81,
            "eps_latest_yearly": 5.52,
            "eps_growth_yearly": -2.24
        },
        "20191": {
            "year_quarter": 20191,
            "year": 2019,
            "quarter": 1,
            "eps": 1.27,
            "eps_growth_year": -4.51,
            "eps_4q": 5.18,
            "eps_4q_growth_year": 0.84,
            "roe": 2.35,
            "roe_4q": 9.73,
            "gross_profit": 325414,
            "gross_margin": 45.51,
            "gross_margin_4q_avg": 44.97,
            "net_income": 154395,
            "revenue": 714986,
            "common_shares": 1263394,
            "book_valuer_per_share": 54.53,
            "book_valuer_per_share_4q_avg": 52.92,
            "equity": 6667450,
            "current_ratio": 163.26,
            "debt_ratio": 24.63,
            "inventory_turnover_ratio": 9.93,
            "account_receivable_turnover_ratio": 4.23,
            "reinvestment_rate": -6.99,
            "research_to_sale_ratio": 0.15,
            "price_fair": 17.3,
            "eps_avg_yearly": 5.77,
            "eps_latest_yearly": 5.08,
            "eps_growth_yearly": -4.09
        },
        "20192": {
            "year_quarter": 20192,
            "year": 2019,
            "quarter": 2,
            "eps": 1.15,
            "eps_growth_year": 0,
            "eps_4q": 5.14,
            "eps_4q_growth_year": -2.08,
            "roe": 2.2,
            "roe_4q": 9.780000000000001,
            "gross_profit": 322061,
            "gross_margin": 45.32,
            "gross_margin_4q_avg": 44.69,
            "net_income": 141126,
            "revenue": 710607,
            "common_shares": 1216284,
            "book_valuer_per_share": 50.22,
            "book_valuer_per_share_4q_avg": 52.56,
            "equity": 6139666,
            "current_ratio": 104.27,
            "debt_ratio": 32.23,
            "inventory_turnover_ratio": 10.25,
            "account_receivable_turnover_ratio": 3.95,
            "reinvestment_rate": -6.45,
            "research_to_sale_ratio": 0.15,
            "price_fair": 16.62,
            "eps_avg_yearly": 5.54,
            "eps_latest_yearly": 4.6,
            "eps_growth_yearly": -3.74
        },
        "20193": {
            "year_quarter": 20193,
            "year": 2019,
            "quarter": 3,
            "eps": 1.56,
            "eps_growth_year": 13.87,
            "eps_4q": 5.33,
            "eps_4q_growth_year": 2.46,
            "roe": 3.08,
            "roe_4q": 10.22,
            "gross_profit": 332792,
            "gross_margin": 43.52,
            "gross_margin_4q_avg": 44.88,
            "net_income": 191595,
            "revenue": 764735,
            "common_shares": 1228447,
            "book_valuer_per_share": 51.24,
            "book_valuer_per_share_4q_avg": 52.29,
            "equity": 6320474,
            "current_ratio": 113.92,
            "debt_ratio": 27.83,
            "inventory_turnover_ratio": 11.06,
            "account_receivable_turnover_ratio": 3.44,
            "reinvestment_rate": -12,
            "research_to_sale_ratio": 0.15,
            "price_fair": 84.31,
            "eps_avg_yearly": 5.43,
            "eps_latest_yearly": 6.24,
            "eps_growth_yearly": 5.54
        },
        "20194": {
            "year_quarter": 20194,
            "year": 2019,
            "quarter": 4,
            "eps": 1.71,
            "eps_growth_year": 24.23,
            "eps_4q": 5.68,
            "eps_4q_growth_year": 8.26,
            "roe": 3.27,
            "roe_4q": 10.9,
            "gross_profit": 418463,
            "gross_margin": 46.7,
            "gross_margin_4q_avg": 45.26,
            "net_income": 210178,
            "revenue": 896012,
            "common_shares": 1226947,
            "book_valuer_per_share": 53.13,
            "book_valuer_per_share_4q_avg": 52.28,
            "equity": 6553831,
            "current_ratio": 124.24,
            "debt_ratio": 67.07,
            "inventory_turnover_ratio": 8.79,
            "account_receivable_turnover_ratio": 3.26,
            "reinvestment_rate": 1.6,
            "research_to_sale_ratio": 0.15,
            "price_fair": 157.51,
            "eps_avg_yearly": 5.56,
            "eps_latest_yearly": 6.84,
            "eps_growth_yearly": 18.34
        },
        "20201": {
            "year_quarter": 20201,
            "year": 2020,
            "quarter": 1,
            "eps": 2.17,
            "eps_growth_year": 70.87,
            "eps_4q": 6.59,
            "eps_4q_growth_year": 27.27,
            "roe": 3.98,
            "roe_4q": 12.530000000000001,
            "gross_profit": 559530,
            "gross_margin": 52.43,
            "gross_margin_4q_avg": 46.99,
            "net_income": 266144,
            "revenue": 1067269,
            "common_shares": 1226947,
            "book_valuer_per_share": 55.19,
            "book_valuer_per_share_4q_avg": 52.45,
            "equity": 6805004,
            "current_ratio": 137.15,
            "debt_ratio": 66.26,
            "inventory_turnover_ratio": 9.78,
            "account_receivable_turnover_ratio": 3.59,
            "reinvestment_rate": -2.01,
            "research_to_sale_ratio": 0.1,
            "price_fair": 142.81,
            "eps_avg_yearly": 5.69,
            "eps_latest_yearly": 8.68,
            "eps_growth_yearly": 15.11
        },
        "20202": {
            "year_quarter": 20202,
            "year": 2020,
            "quarter": 2,
            "eps": 2.22,
            "eps_growth_year": 93.04,
            "eps_4q": 7.53,
            "eps_4q_growth_year": 46.64,
            "roe": 4.06,
            "roe_4q": 14.389999999999999,
            "gross_profit": 560381,
            "gross_margin": 49.45,
            "gross_margin_4q_avg": 48.03,
            "net_income": 271753,
            "revenue": 1133146,
            "common_shares": 1226947,
            "book_valuer_per_share": 53.55,
            "book_valuer_per_share_4q_avg": 53.28,
            "equity": 6578703,
            "current_ratio": 123.21,
            "debt_ratio": 67.65,
            "inventory_turnover_ratio": 16.15,
            "account_receivable_turnover_ratio": 3.5,
            "reinvestment_rate": -3.48,
            "research_to_sale_ratio": 0.09,
            "price_fair": 145.02,
            "eps_avg_yearly": 5.82,
            "eps_latest_yearly": 8.88,
            "eps_growth_yearly": 14.93
        },
        "20203": {
            "year_quarter": 20203,
            "year": 2020,
            "quarter": 3,
            "eps": 2.36,
            "eps_growth_year": 51.28,
            "eps_4q": 8.36,
            "eps_4q_growth_year": 56.67,
            "roe": 4.39,
            "roe_4q": 15.7,
            "gross_profit": 556737,
            "gross_margin": 52.39,
            "gross_margin_4q_avg": 50.24,
            "net_income": 294679,
            "revenue": 1062718,
            "common_shares": 1246986,
            "book_valuer_per_share": 54.66,
            "book_valuer_per_share_4q_avg": 54.13,
            "equity": 6849496,
            "current_ratio": 118.95,
            "debt_ratio": 66.08,
            "inventory_turnover_ratio": 14.54,
            "account_receivable_turnover_ratio": 3.08,
            "reinvestment_rate": -5.25,
            "research_to_sale_ratio": 0.08,
            "price_fair": 172.83,
            "eps_avg_yearly": 6.02,
            "eps_latest_yearly": 9.44,
            "eps_growth_yearly": 18.71
        },
        "20204": {
            "year_quarter": 20204,
            "year": 2020,
            "quarter": 4,
            "eps": 1.88,
            "eps_growth_year": 9.87,
            "eps_4q": 8.55,
            "eps_4q_growth_year": 50.49,
            "roe": 3.37,
            "roe_4q": 15.8,
            "gross_profit": 553145,
            "gross_margin": 51.9,
            "gross_margin_4q_avg": 51.54,
            "net_income": 234855,
            "revenue": 1065787,
            "common_shares": 1246986,
            "book_valuer_per_share": 56.66,
            "book_valuer_per_share_4q_avg": 55.02,
            "equity": 7098694,
            "current_ratio": 105.35,
            "debt_ratio": 64.89,
            "inventory_turnover_ratio": 15.19,
            "account_receivable_turnover_ratio": 3.39,
            "reinvestment_rate": -9.93,
            "research_to_sale_ratio": 0.08,
            "price_fair": 182.26,
            "eps_avg_yearly": 6.19,
            "eps_latest_yearly": 7.52,
            "eps_growth_yearly": 19.43
        },
        "20211": {
            "year_quarter": 20211,
            "year": 2021,
            "quarter": 1,
            "eps": 2.18,
            "eps_growth_year": 0.46,
            "eps_4q": 8.6,
            "eps_4q_growth_year": 30.48,
            "roe": 3.77,
            "roe_4q": 15.59,
            "gross_profit": 566775,
            "gross_margin": 51.55,
            "gross_margin_4q_avg": 51.32,
            "net_income": 272608,
            "revenue": 1099464,
            "common_shares": 1246986,
            "book_valuer_per_share": 58.88,
            "book_valuer_per_share_4q_avg": 55.94,
            "equity": 7374409,
            "current_ratio": 118.46,
            "debt_ratio": 63.66,
            "inventory_turnover_ratio": 18,
            "account_receivable_turnover_ratio": 3.47,
            "reinvestment_rate": -10.78,
            "research_to_sale_ratio": 0.07,
            "price_fair": 174.01,
            "eps_avg_yearly": 6.37,
            "eps_latest_yearly": 8.72,
            "eps_growth_yearly": 17.33
        },
        "20212": {
            "year_quarter": 20212,
            "year": 2021,
            "quarter": 2,
            "eps": 2.18,
            "eps_growth_year": -1.8,
            "eps_4q": 8.6,
            "eps_4q_growth_year": 14.21,
            "roe": 3.62,
            "roe_4q": 15.150000000000002,
            "gross_profit": 548176,
            "gross_margin": 52.5,
            "gross_margin_4q_avg": 52.09,
            "net_income": 271772,
            "revenue": 1044156,
            "common_shares": 1246986,
            "book_valuer_per_share": 61.04,
            "book_valuer_per_share_4q_avg": 57.81,
            "equity": 7644238,
            "current_ratio": 115.19,
            "debt_ratio": 62.33,
            "inventory_turnover_ratio": 18.5,
            "account_receivable_turnover_ratio": 3.32,
            "reinvestment_rate": -13.75,
            "research_to_sale_ratio": 0.07,
            "price_fair": 233.36,
            "eps_avg_yearly": 6.67,
            "eps_latest_yearly": 8.72,
            "eps_growth_yearly": 25.77
        },
        "20213": {
            "year_quarter": 20213,
            "year": 2021,
            "quarter": 3,
            "eps": 1.88,
            "eps_growth_year": -20.34,
            "eps_4q": 7.85,
            "eps_4q_growth_year": -6.05,
            "roe": 3.19,
            "roe_4q": 13.95,
            "gross_profit": 552189,
            "gross_margin": 52.18,
            "gross_margin_4q_avg": 52.03,
            "net_income": 248367,
            "revenue": 1058163,
            "common_shares": 1303100,
            "book_valuer_per_share": 59.2,
            "book_valuer_per_share_4q_avg": 58.95,
            "equity": 7923664,
            "current_ratio": 131.5,
            "debt_ratio": 60.76,
            "inventory_turnover_ratio": 18.9,
            "account_receivable_turnover_ratio": 3.64,
            "reinvestment_rate": -10.12,
            "research_to_sale_ratio": 0.07,
            "price_fair": 146.74,
            "eps_avg_yearly": 6.79,
            "eps_latest_yearly": 7.52,
            "eps_growth_yearly": 11.62
        },
        "20214": {
            "year_quarter": 20214,
            "year": 2021,
            "quarter": 4,
            "eps": 2.22,
            "eps_growth_year": 17.92,
            "eps_4q": 8.27,
            "eps_4q_growth_year": -3.32,
            "roe": 3.66,
            "roe_4q": 14.239999999999998,
            "gross_profit": 574894,
            "gross_margin": 53.31,
            "gross_margin_4q_avg": 52.39,
            "net_income": 295649,
            "revenue": 1078352,
            "common_shares": 1303100,
            "book_valuer_per_share": 61.4,
            "book_valuer_per_share_4q_avg": 60.13,
            "equity": 8216341,
            "current_ratio": 113.48,
            "debt_ratio": 58.75,
            "inventory_turnover_ratio": 16.66,
            "account_receivable_turnover_ratio": 3.8,
            "reinvestment_rate": -9.41,
            "research_to_sale_ratio": 0.08,
            "price_fair": 188.05,
            "eps_avg_yearly": 7,
            "eps_latest_yearly": 8.88,
            "eps_growth_yearly": 16.86
        },
        "20221": {
            "year_quarter": 20221,
            "year": 2022,
            "quarter": 1,
            "eps": 2.02,
            "eps_growth_year": -7.34,
            "eps_4q": 8.19,
            "eps_4q_growth_year": -4.75,
            "roe": 3.22,
            "roe_4q": 13.690000000000001,
            "gross_profit": 562154,
            "gross_margin": 52.77,
            "gross_margin_4q_avg": 52.69,
            "net_income": 269415,
            "revenue": 1065387,
            "common_shares": 1303100,
            "book_valuer_per_share": 63.53,
            "book_valuer_per_share_4q_avg": 61.29,
            "equity": 8526866,
            "current_ratio": 120.46,
            "debt_ratio": 57.66,
            "inventory_turnover_ratio": 14.97,
            "account_receivable_turnover_ratio": 3.97,
            "reinvestment_rate": 4.18,
            "research_to_sale_ratio": 0.06,
            "price_fair": 180.48,
            "eps_avg_yearly": 7.18,
            "eps_latest_yearly": 8.08,
            "eps_growth_yearly": 15.15
        },
        "20222": {
            "year_quarter": 20222,
            "year": 2022,
            "quarter": 2,
            "eps": 1.88,
            "eps_growth_year": -13.76,
            "eps_4q": 7.93,
            "eps_4q_growth_year": -7.82,
            "roe": 3.03,
            "roe_4q": 13.1,
            "gross_profit": 566304,
            "gross_margin": 51.04,
            "gross_margin_4q_avg": 52.33,
            "net_income": 252933,
            "revenue": 1109443,
            "common_shares": 1303100,
            "book_valuer_per_share": 60.85,
            "book_valuer_per_share_4q_avg": 61.25,
            "equity": 8162491,
            "current_ratio": 95.45,
            "debt_ratio": 58.98,
            "inventory_turnover_ratio": 17.88,
            "account_receivable_turnover_ratio": 4.31,
            "reinvestment_rate": 6.12,
            "research_to_sale_ratio": 0.06,
            "price_fair": 197.22,
            "eps_avg_yearly": 7.36,
            "eps_latest_yearly": 7.52,
            "eps_growth_yearly": 16.81
        },
        "20223": {
            "year_quarter": 20223,
            "year": 2022,
            "quarter": 3,
            "eps": 1.61,
            "eps_growth_year": -14.36,
            "eps_4q": 7.68,
            "eps_4q_growth_year": -2.13,
            "roe": 2.63,
            "roe_4q": 12.540000000000001,
            "gross_profit": 556585,
            "gross_margin": 51.74,
            "gross_margin_4q_avg": 52.22,
            "net_income": 216977,
            "revenue": 1075638,
            "common_shares": 1316131,
            "book_valuer_per_share": 61.67,
            "book_valuer_per_share_4q_avg": 61.86,
            "equity": 8362446,
            "current_ratio": 119.01,
            "debt_ratio": 57.14,
            "inventory_turnover_ratio": 14.14,
            "account_receivable_turnover_ratio": 4.08,
            "reinvestment_rate": 7.83,
            "research_to_sale_ratio": 0.05,
            "price_fair": 136.72,
            "eps_avg_yearly": 7.42,
            "eps_latest_yearly": 6.44,
            "eps_growth_yearly": 8.43
        },
        "20224": {
            "year_quarter": 20224,
            "year": 2022,
            "quarter": 4,
            "eps": 1.15,
            "eps_growth_year": -47.98,
            "eps_4q": 6.64,
            "eps_4q_growth_year": -19.73,
            "roe": 1.94,
            "roe_4q": 10.82,
            "gross_profit": 575283,
            "gross_margin": 51.9,
            "gross_margin_4q_avg": 51.86,
            "net_income": 161028,
            "revenue": 1108495,
            "common_shares": 1316131,
            "book_valuer_per_share": 60.88,
            "book_valuer_per_share_4q_avg": 61.73,
            "equity": 8273014,
            "current_ratio": 104.53,
            "debt_ratio": 55.87,
            "inventory_turnover_ratio": 12.75,
            "account_receivable_turnover_ratio": 4.07,
            "reinvestment_rate": 6.75,
            "research_to_sale_ratio": 0.07,
            "price_fair": 81.75,
            "eps_avg_yearly": 7.36,
            "eps_latest_yearly": 4.6,
            "eps_growth_yearly": 1.11
        },
        "20231": {
            "year_quarter": 20231,
            "year": 2023,
            "quarter": 1,
            "eps": 1.94,
            "eps_growth_year": -3.96,
            "eps_4q": 6.73,
            "eps_4q_growth_year": -17.86,
            "roe": 3.04,
            "roe_4q": 10.64,
            "gross_profit": 551870,
            "gross_margin": 53.28,
            "gross_margin_4q_avg": 51.99,
            "net_income": 253063,
            "revenue": 1035838,
            "common_shares": 1276131,
            "book_valuer_per_share": 63.54,
            "book_valuer_per_share_4q_avg": 61.74,
            "equity": 8373049,
            "current_ratio": 109.9,
            "debt_ratio": 55.28,
            "inventory_turnover_ratio": 12.99,
            "account_receivable_turnover_ratio": 3.87,
            "reinvestment_rate": 8.53,
            "research_to_sale_ratio": 0.09,
            "price_fair": 227.89,
            "eps_avg_yearly": 7.53,
            "eps_latest_yearly": 7.76,
            "eps_growth_yearly": 20.27
        }
    },
    "months": {
        "2014-07": {
            "month": "2014-07",
            "price": "162.12",
            "revenue": 258095
        },
        "2014-08": {
            "month": "2014-08",
            "price": "145.70",
            "revenue": 252550
        },
        "2014-09": {
            "month": "2014-09",
            "price": "136.54",
            "revenue": 255582
        },
        "2014-10": {
            "month": "2014-10",
            "price": "135.74",
            "revenue": 259630
        },
        "2014-11": {
            "month": "2014-11",
            "price": "133.54",
            "revenue": 258933
        },
        "2014-12": {
            "month": "2014-12",
            "price": "131.34",
            "revenue": 268438
        },
        "2015-01": {
            "month": "2015-01",
            "price": "130.78",
            "revenue": 257031
        },
        "2015-02": {
            "month": "2015-02",
            "price": "131.22",
            "revenue": 252368
        },
        "2015-03": {
            "month": "2015-03",
            "price": "136.93",
            "revenue": 251933
        },
        "2015-04": {
            "month": "2015-04",
            "price": "143.93",
            "revenue": 259834
        },
        "2015-05": {
            "month": "2015-05",
            "price": "152.56",
            "revenue": 250046
        },
        "2015-06": {
            "month": "2015-06",
            "price": "157.54",
            "revenue": 253483
        },
        "2015-07": {
            "month": "2015-07",
            "price": "154.12",
            "revenue": 249679
        },
        "2015-08": {
            "month": "2015-08",
            "price": "146.96",
            "revenue": 250682
        },
        "2015-09": {
            "month": "2015-09",
            "price": "144.44",
            "revenue": 254250
        },
        "2015-10": {
            "month": "2015-10",
            "price": "141.71",
            "revenue": 256167
        },
        "2015-11": {
            "month": "2015-11",
            "price": "146.54",
            "revenue": 252415
        },
        "2015-12": {
            "month": "2015-12",
            "price": "127.46",
            "revenue": 258250
        },
        "2016-01": {
            "month": "2016-01",
            "price": "118.38",
            "revenue": 258721
        },
        "2016-02": {
            "month": "2016-02",
            "price": "128.85",
            "revenue": 248855
        },
        "2016-03": {
            "month": "2016-03",
            "price": "128.63",
            "revenue": 245144
        },
        "2016-04": {
            "month": "2016-04",
            "price": "127.76",
            "revenue": 247855
        },
        "2016-05": {
            "month": "2016-05",
            "price": "130.45",
            "revenue": 244040
        },
        "2016-06": {
            "month": "2016-06",
            "price": "127.68",
            "revenue": 246895
        },
        "2016-07": {
            "month": "2016-07",
            "price": "127.75",
            "revenue": 242772
        },
        "2016-08": {
            "month": "2016-08",
            "price": "126.89",
            "revenue": 245756
        },
        "2016-09": {
            "month": "2016-09",
            "price": "126.21",
            "revenue": 247895
        },
        "2016-10": {
            "month": "2016-10",
            "price": "129.63",
            "revenue": 254078
        },
        "2016-11": {
            "month": "2016-11",
            "price": "126.64",
            "revenue": 246753
        },
        "2016-12": {
            "month": "2016-12",
            "price": "126.25",
            "revenue": 251395
        },
        "2017-01": {
            "month": "2017-01",
            "price": "125.00",
            "revenue": 244403
        },
        "2017-02": {
            "month": "2017-02",
            "price": "124.21",
            "revenue": 247095
        },
        "2017-03": {
            "month": "2017-03",
            "price": "123.34",
            "revenue": 249183
        },
        "2017-04": {
            "month": "2017-04",
            "price": "120.35",
            "revenue": 244716
        },
        "2017-05": {
            "month": "2017-05",
            "price": "120.26",
            "revenue": 246434
        },
        "2017-06": {
            "month": "2017-06",
            "price": "120.86",
            "revenue": 252111
        },
        "2017-07": {
            "month": "2017-07",
            "price": "118.50",
            "revenue": 247202
        },
        "2017-08": {
            "month": "2017-08",
            "price": "119.66",
            "revenue": 246017
        },
        "2017-09": {
            "month": "2017-09",
            "price": "118.37",
            "revenue": 243026
        },
        "2017-10": {
            "month": "2017-10",
            "price": "117.44",
            "revenue": 244959
        },
        "2017-11": {
            "month": "2017-11",
            "price": "116.33",
            "revenue": 241638
        },
        "2017-12": {
            "month": "2017-12",
            "price": "119.90",
            "revenue": 236662
        },
        "2018-01": {
            "month": "2018-01",
            "price": "120.50",
            "revenue": 240279
        },
        "2018-02": {
            "month": "2018-02",
            "price": "117.22",
            "revenue": 236973
        },
        "2018-03": {
            "month": "2018-03",
            "price": "119.56",
            "revenue": 240209
        },
        "2018-04": {
            "month": "2018-04",
            "price": "119.38",
            "revenue": 263642
        },
        "2018-05": {
            "month": "2018-05",
            "price": "118.57",
            "revenue": 242322
        },
        "2018-06": {
            "month": "2018-06",
            "price": "119.16",
            "revenue": 252264
        },
        "2018-07": {
            "month": "2018-07",
            "price": "117.18",
            "revenue": 239659
        },
        "2018-08": {
            "month": "2018-08",
            "price": "117.42",
            "revenue": 235881
        },
        "2018-09": {
            "month": "2018-09",
            "price": "117.42",
            "revenue": 237358
        },
        "2018-10": {
            "month": "2018-10",
            "price": "114.11",
            "revenue": 244984
        },
        "2018-11": {
            "month": "2018-11",
            "price": "113.81",
            "revenue": 251404
        },
        "2018-12": {
            "month": "2018-12",
            "price": "115.66",
            "revenue": 246681
        },
        "2019-01": {
            "month": "2019-01",
            "price": "112.41",
            "revenue": 239548
        },
        "2019-02": {
            "month": "2019-02",
            "price": "110.56",
            "revenue": 236626
        },
        "2019-03": {
            "month": "2019-03",
            "price": "109.06",
            "revenue": 238862
        },
        "2019-04": {
            "month": "2019-04",
            "price": "109.19",
            "revenue": 234607
        },
        "2019-05": {
            "month": "2019-05",
            "price": "108.19",
            "revenue": 233991
        },
        "2019-06": {
            "month": "2019-06",
            "price": "109.39",
            "revenue": 241959
        },
        "2019-07": {
            "month": "2019-07",
            "price": "108.95",
            "revenue": 254713
        },
        "2019-08": {
            "month": "2019-08",
            "price": "106.52",
            "revenue": 242382
        },
        "2019-09": {
            "month": "2019-09",
            "price": "107.89",
            "revenue": 267640
        },
        "2019-10": {
            "month": "2019-10",
            "price": "107.93",
            "revenue": 245258
        },
        "2019-11": {
            "month": "2019-11",
            "price": "108.78",
            "revenue": 251784
        },
        "2019-12": {
            "month": "2019-12",
            "price": "113.80",
            "revenue": 398970
        },
        "2020-01": {
            "month": "2020-01",
            "price": "115.50",
            "revenue": 357931
        },
        "2020-02": {
            "month": "2020-02",
            "price": "114.86",
            "revenue": 352001
        },
        "2020-03": {
            "month": "2020-03",
            "price": "111.18",
            "revenue": 357337
        },
        "2020-04": {
            "month": "2020-04",
            "price": "113.40",
            "revenue": 363437
        },
        "2020-05": {
            "month": "2020-05",
            "price": "114.58",
            "revenue": 414577
        },
        "2020-06": {
            "month": "2020-06",
            "price": "121.92",
            "revenue": 355132
        },
        "2020-07": {
            "month": "2020-07",
            "price": "124.52",
            "revenue": 353508
        },
        "2020-08": {
            "month": "2020-08",
            "price": "120.00",
            "revenue": 356805
        },
        "2020-09": {
            "month": "2020-09",
            "price": "123.34",
            "revenue": 352404
        },
        "2020-10": {
            "month": "2020-10",
            "price": "120.63",
            "revenue": 352241
        },
        "2020-11": {
            "month": "2020-11",
            "price": "109.48",
            "revenue": 356936
        },
        "2020-12": {
            "month": "2020-12",
            "price": "112.00",
            "revenue": 356611
        },
        "2021-01": {
            "month": "2021-01",
            "price": "111.32",
            "revenue": 390478
        },
        "2021-02": {
            "month": "2021-02",
            "price": "110.69",
            "revenue": 352694
        },
        "2021-03": {
            "month": "2021-03",
            "price": "110.84",
            "revenue": 356292
        },
        "2021-04": {
            "month": "2021-04",
            "price": "110.58",
            "revenue": 350368
        },
        "2021-05": {
            "month": "2021-05",
            "price": "110.21",
            "revenue": 331897
        },
        "2021-06": {
            "month": "2021-06",
            "price": "110.19",
            "revenue": 362783
        },
        "2021-07": {
            "month": "2021-07",
            "price": "109.11",
            "revenue": 356049
        },
        "2021-08": {
            "month": "2021-08",
            "price": "108.36",
            "revenue": 354683
        },
        "2021-09": {
            "month": "2021-09",
            "price": "104.68",
            "revenue": 347431
        },
        "2021-10": {
            "month": "2021-10",
            "price": "102.63",
            "revenue": 351020
        },
        "2021-11": {
            "month": "2021-11",
            "price": "97.15",
            "revenue": 356713
        },
        "2021-12": {
            "month": "2021-12",
            "price": "94.29",
            "revenue": 371283
        },
        "2022-01": {
            "month": "2022-01",
            "price": "90.47",
            "revenue": 352079
        },
        "2022-02": {
            "month": "2022-02",
            "price": "90.01",
            "revenue": 355190
        },
        "2022-03": {
            "month": "2022-03",
            "price": "89.56",
            "revenue": 358118
        },
        "2022-04": {
            "month": "2022-04",
            "price": "88.43",
            "revenue": 368943
        },
        "2022-05": {
            "month": "2022-05",
            "price": "88.13",
            "revenue": 377132
        },
        "2022-06": {
            "month": "2022-06",
            "price": "88.01",
            "revenue": 363368
        },
        "2022-07": {
            "month": "2022-07",
            "price": "87.20",
            "revenue": 353787
        },
        "2022-08": {
            "month": "2022-08",
            "price": "83.91",
            "revenue": 355117
        },
        "2022-09": {
            "month": "2022-09",
            "price": "85.34",
            "revenue": 366734
        },
        "2022-10": {
            "month": "2022-10",
            "price": "92.28",
            "revenue": 377046
        },
        "2022-11": {
            "month": "2022-11",
            "price": "94.98",
            "revenue": 363099
        },
        "2022-12": {
            "month": "2022-12",
            "price": "98.54",
            "revenue": 466639
        },
        "2023-01": {
            "month": "2023-01",
            "price": "97.68",
            "revenue": 351447
        },
        "2023-02": {
            "month": "2023-02",
            "price": "92.05",
            "revenue": 343359
        },
        "2023-03": {
            "month": "2023-03",
            "price": "89.57",
            "revenue": 359891
        },
        "2023-04": {
            "month": "2023-04",
            "price": "90.31",
            "revenue": 333296
        },
        "2023-05": {
            "month": "2023-05",
            "price": "91.55",
            "revenue": 356108
        }
    }
}
