{
    "summary": {
        "stock_name": "威潤",
        "stock_id": "6465",
        "category": "通信網路",
        "main_business": "衛星定位監控器之研發、製造及銷售",
        "website_url": "http://www.atrack.com.tw",
        "ceo": "吳佳蓉",
        "pe_ratio": -13,
        "report_year_from": 2012,
        "report_year_to": 2023,
        "age": 12,
        "eps_negative_percentage": 44,
        "eps_growth_avg": {
            "last_all": -61.12,
            "last_2y": null,
            "last_4y": -81.25,
            "last_8y": null,
            "last_12y": null,
            "last_16y": null,
            "last_20y": null,
            "at_2006_last_3y": null,
            "at_2007_last_3y": null,
            "at_2008_last_3y": null,
            "at_2009_last_3y": null,
            "at_2010_last_3y": null,
            "at_2011_last_3y": null,
            "at_2012_last_3y": null,
            "at_2013_last_3y": null,
            "at_2014_last_3y": null,
            "at_2015_last_3y": null,
            "at_2016_last_3y": null,
            "at_2017_last_3y": null,
            "at_2018_last_3y": null,
            "at_2019_last_3y": -51.4,
            "at_2020_last_3y": -74.45,
            "at_2021_last_3y": -85.69,
            "at_2022_last_3y": -81.25,
            "at_2023_last_3y": -100,
            "at_2024_last_3y": -100,
            "at_2006_last_all": null,
            "at_2007_last_all": null,
            "at_2008_last_all": null,
            "at_2009_last_all": null,
            "at_2010_last_all": null,
            "at_2011_last_all": null,
            "at_2012_last_all": null,
            "at_2013_last_all": null,
            "at_2014_last_all": null,
            "at_2015_last_all": null,
            "at_2016_last_all": null,
            "at_2017_last_all": -24.27,
            "at_2018_last_all": -47.7,
            "at_2019_last_all": -51.4,
            "at_2020_last_all": -61.12,
            "at_2021_last_all": -61.12,
            "at_2022_last_all": -61.12,
            "at_2023_last_all": -61.12,
            "at_2024_last_all": -61.12
        },
        "latest_eps": -2.09,
        "latest_price": 28.1,
        "latest_roe": -27.6,
        "latest_gross_margin": 31.22,
        "latest_equity": 208155,
        "latest_revenue": 59969,
        "latest_gross_profit": 18721,
        "latest_net_income": -14001,
        "latest_debt_ratio": 59.52,
        "latest_current_ratio": 212.29,
        "latest_account_receivable_turnover_ratio": 1.45,
        "latest_inventory_turnover_ratio": 0.32,
        "latest_reinvestment_rate": null,
        "latest_research_to_sale_ratio": 21.02
    },
    "eps_dividends": {
        "2001": {
            "cash": 0,
            "stock": 0,
            "eps": 0
        },
        "2002": {
            "cash": 0,
            "stock": 0,
            "eps": 0
        },
        "2003": {
            "cash": 0,
            "stock": 0,
            "eps": 0
        },
        "2004": {
            "cash": 0,
            "stock": 0,
            "eps": 0
        },
        "2005": {
            "cash": 0,
            "stock": 0,
            "eps": 0
        },
        "2006": {
            "cash": 0,
            "stock": 0,
            "eps": 0
        },
        "2007": {
            "cash": 0,
            "stock": 0,
            "eps": 0
        },
        "2008": {
            "cash": 0,
            "stock": 0,
            "eps": 0
        },
        "2009": {
            "cash": 0,
            "stock": 0,
            "eps": 0
        },
        "2010": {
            "cash": 0,
            "stock": 0,
            "eps": 0
        },
        "2011": {
            "cash": 0,
            "stock": 0,
            "eps": 0
        },
        "2012": {
            "cash": 0,
            "stock": 0,
            "eps": 0
        },
        "2013": {
            "cash": 0,
            "stock": 0,
            "eps": 0
        },
        "2014": {
            "cash": 0,
            "stock": 0,
            "eps": 0
        },
        "2015": {
            "cash": 0.92,
            "stock": 1.83,
            "eps": 2.69
        },
        "2016": {
            "cash": 1.92,
            "stock": 1.05,
            "eps": 2.48
        },
        "2017": {
            "cash": 2.2,
            "stock": 2.31,
            "eps": 1.47
        },
        "2018": {
            "cash": 1,
            "stock": 1,
            "eps": 0.08
        },
        "2019": {
            "cash": 1,
            "stock": 0,
            "eps": 0.03
        },
        "2020": {
            "cash": 0,
            "stock": 0,
            "eps": -2.97
        },
        "2021": {
            "cash": 0,
            "stock": 0,
            "eps": -1.51
        },
        "2022": {
            "cash": 0,
            "stock": 0,
            "eps": -2.86
        },
        "2023": {
            "cash": 0,
            "stock": 0,
            "eps": -1.27
        }
    },
    "dividends": {
        "2015-08-07": {
            "cash": 0.92,
            "stock": 1.83
        },
        "2016-08-10": {
            "cash": 1.92,
            "stock": 1.05
        },
        "2017-08-16": {
            "cash": 2.2,
            "stock": 2.31
        },
        "2018-07-26": {
            "cash": 1,
            "stock": 1
        },
        "2019-07-30": {
            "cash": 1,
            "stock": 0
        }
    },
    "prices": {
        "200101": "無",
        "200102": "無",
        "200103": "無",
        "200104": "無",
        "200105": "無",
        "200106": "無",
        "200107": "無",
        "200108": "無",
        "200109": "無",
        "200110": "無",
        "200111": "無",
        "200112": "無",
        "200201": "無",
        "200202": "無",
        "200203": "無",
        "200204": "無",
        "200205": "無",
        "200206": "無",
        "200207": "無",
        "200208": "無",
        "200209": "無",
        "200210": "無",
        "200211": "無",
        "200212": "無",
        "200301": "無",
        "200302": "無",
        "200303": "無",
        "200304": "無",
        "200305": "無",
        "200306": "無",
        "200307": "無",
        "200308": "無",
        "200309": "無",
        "200310": "無",
        "200311": "無",
        "200312": "無",
        "200401": "無",
        "200402": "無",
        "200403": "無",
        "200404": "無",
        "200405": "無",
        "200406": "無",
        "200407": "無",
        "200408": "無",
        "200409": "無",
        "200410": "無",
        "200411": "無",
        "200412": "無",
        "200501": "無",
        "200502": "無",
        "200503": "無",
        "200504": "無",
        "200505": "無",
        "200506": "無",
        "200507": "無",
        "200508": "無",
        "200509": "無",
        "200510": "無",
        "200511": "無",
        "200512": "無",
        "200601": "無",
        "200602": "無",
        "200603": "無",
        "200604": "無",
        "200605": "無",
        "200606": "無",
        "200607": "無",
        "200608": "無",
        "200609": "無",
        "200610": "無",
        "200611": "無",
        "200612": "無",
        "200701": "無",
        "200702": "無",
        "200703": "無",
        "200704": "無",
        "200705": "無",
        "200706": "無",
        "200707": "無",
        "200708": "無",
        "200709": "無",
        "200710": "無",
        "200711": "無",
        "200712": "無",
        "200801": "無",
        "200802": "無",
        "200803": "無",
        "200804": "無",
        "200805": "無",
        "200806": "無",
        "200807": "無",
        "200808": "無",
        "200809": "無",
        "200810": "無",
        "200811": "無",
        "200812": "無",
        "200901": "無",
        "200902": "無",
        "200903": "無",
        "200904": "無",
        "200905": "無",
        "200906": "無",
        "200907": "無",
        "200908": "無",
        "200909": "無",
        "200910": "無",
        "200911": "無",
        "200912": "無",
        "201001": "無",
        "201002": "無",
        "201003": "無",
        "201004": "無",
        "201005": "無",
        "201006": "無",
        "201007": "無",
        "201008": "無",
        "201009": "無",
        "201010": "無",
        "201011": "無",
        "201012": "無",
        "201101": "無",
        "201102": "無",
        "201103": "無",
        "201104": "無",
        "201105": "無",
        "201106": "無",
        "201107": "無",
        "201108": "無",
        "201109": "無",
        "201110": "無",
        "201111": "無",
        "201112": "無",
        "201201": "無",
        "201202": "無",
        "201203": "無",
        "201204": "無",
        "201205": "無",
        "201206": "無",
        "201207": "無",
        "201208": "無",
        "201209": "無",
        "201210": "無",
        "201211": "無",
        "201212": "無",
        "201301": "無",
        "201302": "無",
        "201303": "無",
        "201304": "無",
        "201305": "無",
        "201306": "無",
        "201307": "無",
        "201308": "無",
        "201309": "無",
        "201310": "無",
        "201311": "無",
        "201312": "無",
        "201401": "無",
        "201402": "無",
        "201403": "無",
        "201404": "無",
        "201405": "無",
        "201406": "無",
        "201407": "73.45",
        "201408": "70.82",
        "201409": "66.50",
        "201410": "67.82",
        "201411": "74.51",
        "201412": "72.09",
        "201501": "71.09",
        "201502": "70.56",
        "201503": "71.45",
        "201504": "69.38",
        "201505": "69.93",
        "201506": "69.63",
        "201507": "66.04",
        "201508": "61.12",
        "201509": "64.06",
        "201510": "77.85",
        "201511": "87.16",
        "201512": "77.50",
        "201601": "70.17",
        "201602": "80.55",
        "201603": "79.78",
        "201604": "76.86",
        "201605": "74.48",
        "201606": "73.15",
        "201607": "72.16",
        "201608": "67.11",
        "201609": "60.33",
        "201610": "58.92",
        "201611": "58.97",
        "201612": "62.54",
        "201701": "66.56",
        "201702": "67.45",
        "201703": "69.95",
        "201704": "68.43",
        "201705": "68.99",
        "201706": "74.05",
        "201707": "74.19",
        "201708": "78.48",
        "201709": "74.58",
        "201710": "72.22",
        "201711": "72.09",
        "201712": "67.16",
        "201801": "65.09",
        "201802": "65.55",
        "201803": "64.66",
        "201804": "62.14",
        "201805": "61.50",
        "201806": "59.97",
        "201807": "58.45",
        "201808": "54.56",
        "201809": "48.26",
        "201810": "47.98",
        "201811": "46.72",
        "201812": "48.86",
        "201901": "48.76",
        "201902": "59.12",
        "201903": "63.84",
        "201904": "63.38",
        "201905": "60.84",
        "201906": "59.46",
        "201907": "58.16",
        "201908": "56.11",
        "201909": "51.21",
        "201910": "48.18",
        "201911": "51.21",
        "201912": "50.75",
        "202001": "49.99",
        "202002": "46.46",
        "202003": "44.08",
        "202004": "40.17",
        "202005": "38.21",
        "202006": "37.91",
        "202007": "35.07",
        "202008": "32.65",
        "202009": "32.98",
        "202010": "31.32",
        "202011": "31.89",
        "202012": "36.04",
        "202101": "32.40",
        "202102": "30.56",
        "202103": "28.26",
        "202104": "27.66",
        "202105": "19.14",
        "202106": "18.22",
        "202107": "23.94",
        "202108": "19.52",
        "202109": "18.35",
        "202110": "16.97",
        "202111": "20.23",
        "202112": "28.89",
        "202201": "29.14",
        "202202": "30.99",
        "202203": "25.93",
        "202204": "22.64",
        "202205": "20.84",
        "202206": "20.12",
        "202207": "17.98",
        "202208": "22.46",
        "202209": "20.77",
        "202210": "17.19",
        "202211": "17.30",
        "202212": "17.35",
        "202301": "17.16",
        "202302": "17.72",
        "202303": "18.17",
        "202304": "22.73",
        "202305": "21.90",
        "202306": "21.61",
        "202307": "20.07",
        "202308": "18.70",
        "202309": "19.00",
        "202310": "18.90",
        "202311": "18.35",
        "202312": "19.70"
    },
    "quarters": {
        "20011": {
            "year_quarter": 20011,
            "year": 2001,
            "quarter": 1,
            "eps": null,
            "eps_growth_year": null,
            "eps_4q": null,
            "eps_4q_growth_year": null,
            "roe": null,
            "roe_4q": 0,
            "gross_profit": null,
            "gross_margin": null,
            "gross_margin_4q_avg": 0,
            "net_income": null,
            "net_income_4q": null,
            "revenue": null,
            "revenue_4q": null,
            "common_shares": null,
            "book_valuer_per_share": null,
            "book_valuer_per_share_4q_avg": 0,
            "equity": null,
            "current_ratio": null,
            "debt_ratio": null,
            "inventory_turnover_ratio": null,
            "account_receivable_turnover_ratio": null,
            "reinvestment_rate": null,
            "research_to_sale_ratio": null,
            "price_fair": 0,
            "eps_avg_yearly": 0,
            "eps_latest_yearly": 0,
            "eps_growth_yearly": 0
        },
        "20012": {
            "year_quarter": 20012,
            "year": 2001,
            "quarter": 2,
            "eps": null,
            "eps_growth_year": null,
            "eps_4q": null,
            "eps_4q_growth_year": null,
            "roe": null,
            "roe_4q": 0,
            "gross_profit": null,
            "gross_margin": null,
            "gross_margin_4q_avg": 0,
            "net_income": null,
            "net_income_4q": null,
            "revenue": null,
            "revenue_4q": null,
            "common_shares": null,
            "book_valuer_per_share": null,
            "book_valuer_per_share_4q_avg": 0,
            "equity": null,
            "current_ratio": null,
            "debt_ratio": null,
            "inventory_turnover_ratio": null,
            "account_receivable_turnover_ratio": null,
            "reinvestment_rate": null,
            "research_to_sale_ratio": null,
            "price_fair": 0,
            "eps_avg_yearly": 0,
            "eps_latest_yearly": 0,
            "eps_growth_yearly": 0
        },
        "20013": {
            "year_quarter": 20013,
            "year": 2001,
            "quarter": 3,
            "eps": null,
            "eps_growth_year": null,
            "eps_4q": null,
            "eps_4q_growth_year": null,
            "roe": null,
            "roe_4q": 0,
            "gross_profit": null,
            "gross_margin": null,
            "gross_margin_4q_avg": 0,
            "net_income": null,
            "net_income_4q": null,
            "revenue": null,
            "revenue_4q": null,
            "common_shares": null,
            "book_valuer_per_share": null,
            "book_valuer_per_share_4q_avg": 0,
            "equity": null,
            "current_ratio": null,
            "debt_ratio": null,
            "inventory_turnover_ratio": null,
            "account_receivable_turnover_ratio": null,
            "reinvestment_rate": null,
            "research_to_sale_ratio": null,
            "price_fair": 0,
            "eps_avg_yearly": 0,
            "eps_latest_yearly": 0,
            "eps_growth_yearly": 0
        },
        "20014": {
            "year_quarter": 20014,
            "year": 2001,
            "quarter": 4,
            "eps": null,
            "eps_growth_year": null,
            "eps_4q": null,
            "eps_4q_growth_year": null,
            "roe": null,
            "roe_4q": 0,
            "gross_profit": null,
            "gross_margin": null,
            "gross_margin_4q_avg": 0,
            "net_income": null,
            "net_income_4q": null,
            "revenue": null,
            "revenue_4q": null,
            "common_shares": null,
            "book_valuer_per_share": null,
            "book_valuer_per_share_4q_avg": 0,
            "equity": null,
            "current_ratio": null,
            "debt_ratio": null,
            "inventory_turnover_ratio": null,
            "account_receivable_turnover_ratio": null,
            "reinvestment_rate": null,
            "research_to_sale_ratio": null,
            "price_fair": 0,
            "eps_avg_yearly": 0,
            "eps_latest_yearly": 0,
            "eps_growth_yearly": 0
        },
        "20021": {
            "year_quarter": 20021,
            "year": 2002,
            "quarter": 1,
            "eps": null,
            "eps_growth_year": null,
            "eps_4q": null,
            "eps_4q_growth_year": null,
            "roe": null,
            "roe_4q": 0,
            "gross_profit": null,
            "gross_margin": null,
            "gross_margin_4q_avg": 0,
            "net_income": null,
            "net_income_4q": null,
            "revenue": null,
            "revenue_4q": null,
            "common_shares": null,
            "book_valuer_per_share": null,
            "book_valuer_per_share_4q_avg": 0,
            "equity": null,
            "current_ratio": null,
            "debt_ratio": null,
            "inventory_turnover_ratio": null,
            "account_receivable_turnover_ratio": null,
            "reinvestment_rate": null,
            "research_to_sale_ratio": null,
            "price_fair": 0,
            "eps_avg_yearly": 0,
            "eps_latest_yearly": 0,
            "eps_growth_yearly": 0
        },
        "20022": {
            "year_quarter": 20022,
            "year": 2002,
            "quarter": 2,
            "eps": null,
            "eps_growth_year": null,
            "eps_4q": null,
            "eps_4q_growth_year": null,
            "roe": null,
            "roe_4q": 0,
            "gross_profit": null,
            "gross_margin": null,
            "gross_margin_4q_avg": 0,
            "net_income": null,
            "net_income_4q": null,
            "revenue": null,
            "revenue_4q": null,
            "common_shares": null,
            "book_valuer_per_share": null,
            "book_valuer_per_share_4q_avg": 0,
            "equity": null,
            "current_ratio": null,
            "debt_ratio": null,
            "inventory_turnover_ratio": null,
            "account_receivable_turnover_ratio": null,
            "reinvestment_rate": null,
            "research_to_sale_ratio": null,
            "price_fair": 0,
            "eps_avg_yearly": 0,
            "eps_latest_yearly": 0,
            "eps_growth_yearly": 0
        },
        "20023": {
            "year_quarter": 20023,
            "year": 2002,
            "quarter": 3,
            "eps": null,
            "eps_growth_year": null,
            "eps_4q": null,
            "eps_4q_growth_year": null,
            "roe": null,
            "roe_4q": 0,
            "gross_profit": null,
            "gross_margin": null,
            "gross_margin_4q_avg": 0,
            "net_income": null,
            "net_income_4q": null,
            "revenue": null,
            "revenue_4q": null,
            "common_shares": null,
            "book_valuer_per_share": null,
            "book_valuer_per_share_4q_avg": 0,
            "equity": null,
            "current_ratio": null,
            "debt_ratio": null,
            "inventory_turnover_ratio": null,
            "account_receivable_turnover_ratio": null,
            "reinvestment_rate": null,
            "research_to_sale_ratio": null,
            "price_fair": 0,
            "eps_avg_yearly": 0,
            "eps_latest_yearly": 0,
            "eps_growth_yearly": 0
        },
        "20024": {
            "year_quarter": 20024,
            "year": 2002,
            "quarter": 4,
            "eps": null,
            "eps_growth_year": null,
            "eps_4q": null,
            "eps_4q_growth_year": null,
            "roe": null,
            "roe_4q": 0,
            "gross_profit": null,
            "gross_margin": null,
            "gross_margin_4q_avg": 0,
            "net_income": null,
            "net_income_4q": null,
            "revenue": null,
            "revenue_4q": null,
            "common_shares": null,
            "book_valuer_per_share": null,
            "book_valuer_per_share_4q_avg": 0,
            "equity": null,
            "current_ratio": null,
            "debt_ratio": null,
            "inventory_turnover_ratio": null,
            "account_receivable_turnover_ratio": null,
            "reinvestment_rate": null,
            "research_to_sale_ratio": null,
            "price_fair": 0,
            "eps_avg_yearly": 0,
            "eps_latest_yearly": 0,
            "eps_growth_yearly": 0
        },
        "20031": {
            "year_quarter": 20031,
            "year": 2003,
            "quarter": 1,
            "eps": null,
            "eps_growth_year": null,
            "eps_4q": null,
            "eps_4q_growth_year": null,
            "roe": null,
            "roe_4q": 0,
            "gross_profit": null,
            "gross_margin": null,
            "gross_margin_4q_avg": 0,
            "net_income": null,
            "net_income_4q": null,
            "revenue": null,
            "revenue_4q": null,
            "common_shares": null,
            "book_valuer_per_share": null,
            "book_valuer_per_share_4q_avg": 0,
            "equity": null,
            "current_ratio": null,
            "debt_ratio": null,
            "inventory_turnover_ratio": null,
            "account_receivable_turnover_ratio": null,
            "reinvestment_rate": null,
            "research_to_sale_ratio": null,
            "price_fair": 0,
            "eps_avg_yearly": 0,
            "eps_latest_yearly": 0,
            "eps_growth_yearly": 0
        },
        "20032": {
            "year_quarter": 20032,
            "year": 2003,
            "quarter": 2,
            "eps": null,
            "eps_growth_year": null,
            "eps_4q": null,
            "eps_4q_growth_year": null,
            "roe": null,
            "roe_4q": 0,
            "gross_profit": null,
            "gross_margin": null,
            "gross_margin_4q_avg": 0,
            "net_income": null,
            "net_income_4q": null,
            "revenue": null,
            "revenue_4q": null,
            "common_shares": null,
            "book_valuer_per_share": null,
            "book_valuer_per_share_4q_avg": 0,
            "equity": null,
            "current_ratio": null,
            "debt_ratio": null,
            "inventory_turnover_ratio": null,
            "account_receivable_turnover_ratio": null,
            "reinvestment_rate": null,
            "research_to_sale_ratio": null,
            "price_fair": 0,
            "eps_avg_yearly": 0,
            "eps_latest_yearly": 0,
            "eps_growth_yearly": 0
        },
        "20033": {
            "year_quarter": 20033,
            "year": 2003,
            "quarter": 3,
            "eps": null,
            "eps_growth_year": null,
            "eps_4q": null,
            "eps_4q_growth_year": null,
            "roe": null,
            "roe_4q": 0,
            "gross_profit": null,
            "gross_margin": null,
            "gross_margin_4q_avg": 0,
            "net_income": null,
            "net_income_4q": null,
            "revenue": null,
            "revenue_4q": null,
            "common_shares": null,
            "book_valuer_per_share": null,
            "book_valuer_per_share_4q_avg": 0,
            "equity": null,
            "current_ratio": null,
            "debt_ratio": null,
            "inventory_turnover_ratio": null,
            "account_receivable_turnover_ratio": null,
            "reinvestment_rate": null,
            "research_to_sale_ratio": null,
            "price_fair": 0,
            "eps_avg_yearly": 0,
            "eps_latest_yearly": 0,
            "eps_growth_yearly": 0
        },
        "20034": {
            "year_quarter": 20034,
            "year": 2003,
            "quarter": 4,
            "eps": null,
            "eps_growth_year": null,
            "eps_4q": null,
            "eps_4q_growth_year": null,
            "roe": null,
            "roe_4q": 0,
            "gross_profit": null,
            "gross_margin": null,
            "gross_margin_4q_avg": 0,
            "net_income": null,
            "net_income_4q": null,
            "revenue": null,
            "revenue_4q": null,
            "common_shares": null,
            "book_valuer_per_share": null,
            "book_valuer_per_share_4q_avg": 0,
            "equity": null,
            "current_ratio": null,
            "debt_ratio": null,
            "inventory_turnover_ratio": null,
            "account_receivable_turnover_ratio": null,
            "reinvestment_rate": null,
            "research_to_sale_ratio": null,
            "price_fair": 0,
            "eps_avg_yearly": 0,
            "eps_latest_yearly": 0,
            "eps_growth_yearly": 0
        },
        "20041": {
            "year_quarter": 20041,
            "year": 2004,
            "quarter": 1,
            "eps": null,
            "eps_growth_year": null,
            "eps_4q": null,
            "eps_4q_growth_year": null,
            "roe": null,
            "roe_4q": 0,
            "gross_profit": null,
            "gross_margin": null,
            "gross_margin_4q_avg": 0,
            "net_income": null,
            "net_income_4q": null,
            "revenue": null,
            "revenue_4q": null,
            "common_shares": null,
            "book_valuer_per_share": null,
            "book_valuer_per_share_4q_avg": 0,
            "equity": null,
            "current_ratio": null,
            "debt_ratio": null,
            "inventory_turnover_ratio": null,
            "account_receivable_turnover_ratio": null,
            "reinvestment_rate": null,
            "research_to_sale_ratio": null,
            "price_fair": 0,
            "eps_avg_yearly": 0,
            "eps_latest_yearly": 0,
            "eps_growth_yearly": 0
        },
        "20042": {
            "year_quarter": 20042,
            "year": 2004,
            "quarter": 2,
            "eps": null,
            "eps_growth_year": null,
            "eps_4q": null,
            "eps_4q_growth_year": null,
            "roe": null,
            "roe_4q": 0,
            "gross_profit": null,
            "gross_margin": null,
            "gross_margin_4q_avg": 0,
            "net_income": null,
            "net_income_4q": null,
            "revenue": null,
            "revenue_4q": null,
            "common_shares": null,
            "book_valuer_per_share": null,
            "book_valuer_per_share_4q_avg": 0,
            "equity": null,
            "current_ratio": null,
            "debt_ratio": null,
            "inventory_turnover_ratio": null,
            "account_receivable_turnover_ratio": null,
            "reinvestment_rate": null,
            "research_to_sale_ratio": null,
            "price_fair": 0,
            "eps_avg_yearly": 0,
            "eps_latest_yearly": 0,
            "eps_growth_yearly": 0
        },
        "20043": {
            "year_quarter": 20043,
            "year": 2004,
            "quarter": 3,
            "eps": null,
            "eps_growth_year": null,
            "eps_4q": null,
            "eps_4q_growth_year": null,
            "roe": null,
            "roe_4q": 0,
            "gross_profit": null,
            "gross_margin": null,
            "gross_margin_4q_avg": 0,
            "net_income": null,
            "net_income_4q": null,
            "revenue": null,
            "revenue_4q": null,
            "common_shares": null,
            "book_valuer_per_share": null,
            "book_valuer_per_share_4q_avg": 0,
            "equity": null,
            "current_ratio": null,
            "debt_ratio": null,
            "inventory_turnover_ratio": null,
            "account_receivable_turnover_ratio": null,
            "reinvestment_rate": null,
            "research_to_sale_ratio": null,
            "price_fair": 0,
            "eps_avg_yearly": 0,
            "eps_latest_yearly": 0,
            "eps_growth_yearly": 0
        },
        "20044": {
            "year_quarter": 20044,
            "year": 2004,
            "quarter": 4,
            "eps": null,
            "eps_growth_year": null,
            "eps_4q": null,
            "eps_4q_growth_year": null,
            "roe": null,
            "roe_4q": 0,
            "gross_profit": null,
            "gross_margin": null,
            "gross_margin_4q_avg": 0,
            "net_income": null,
            "net_income_4q": null,
            "revenue": null,
            "revenue_4q": null,
            "common_shares": null,
            "book_valuer_per_share": null,
            "book_valuer_per_share_4q_avg": 0,
            "equity": null,
            "current_ratio": null,
            "debt_ratio": null,
            "inventory_turnover_ratio": null,
            "account_receivable_turnover_ratio": null,
            "reinvestment_rate": null,
            "research_to_sale_ratio": null,
            "price_fair": 0,
            "eps_avg_yearly": 0,
            "eps_latest_yearly": 0,
            "eps_growth_yearly": 0
        },
        "20051": {
            "year_quarter": 20051,
            "year": 2005,
            "quarter": 1,
            "eps": null,
            "eps_growth_year": null,
            "eps_4q": null,
            "eps_4q_growth_year": null,
            "roe": null,
            "roe_4q": 0,
            "gross_profit": null,
            "gross_margin": null,
            "gross_margin_4q_avg": 0,
            "net_income": null,
            "net_income_4q": null,
            "revenue": null,
            "revenue_4q": null,
            "common_shares": null,
            "book_valuer_per_share": null,
            "book_valuer_per_share_4q_avg": 0,
            "equity": null,
            "current_ratio": null,
            "debt_ratio": null,
            "inventory_turnover_ratio": null,
            "account_receivable_turnover_ratio": null,
            "reinvestment_rate": null,
            "research_to_sale_ratio": null,
            "price_fair": 0,
            "eps_avg_yearly": 0,
            "eps_latest_yearly": 0,
            "eps_growth_yearly": 0
        },
        "20052": {
            "year_quarter": 20052,
            "year": 2005,
            "quarter": 2,
            "eps": null,
            "eps_growth_year": null,
            "eps_4q": null,
            "eps_4q_growth_year": null,
            "roe": null,
            "roe_4q": 0,
            "gross_profit": null,
            "gross_margin": null,
            "gross_margin_4q_avg": 0,
            "net_income": null,
            "net_income_4q": null,
            "revenue": null,
            "revenue_4q": null,
            "common_shares": null,
            "book_valuer_per_share": null,
            "book_valuer_per_share_4q_avg": 0,
            "equity": null,
            "current_ratio": null,
            "debt_ratio": null,
            "inventory_turnover_ratio": null,
            "account_receivable_turnover_ratio": null,
            "reinvestment_rate": null,
            "research_to_sale_ratio": null,
            "price_fair": 0,
            "eps_avg_yearly": 0,
            "eps_latest_yearly": 0,
            "eps_growth_yearly": 0
        },
        "20053": {
            "year_quarter": 20053,
            "year": 2005,
            "quarter": 3,
            "eps": null,
            "eps_growth_year": null,
            "eps_4q": null,
            "eps_4q_growth_year": null,
            "roe": null,
            "roe_4q": 0,
            "gross_profit": null,
            "gross_margin": null,
            "gross_margin_4q_avg": 0,
            "net_income": null,
            "net_income_4q": null,
            "revenue": null,
            "revenue_4q": null,
            "common_shares": null,
            "book_valuer_per_share": null,
            "book_valuer_per_share_4q_avg": 0,
            "equity": null,
            "current_ratio": null,
            "debt_ratio": null,
            "inventory_turnover_ratio": null,
            "account_receivable_turnover_ratio": null,
            "reinvestment_rate": null,
            "research_to_sale_ratio": null,
            "price_fair": 0,
            "eps_avg_yearly": 0,
            "eps_latest_yearly": 0,
            "eps_growth_yearly": 0
        },
        "20054": {
            "year_quarter": 20054,
            "year": 2005,
            "quarter": 4,
            "eps": null,
            "eps_growth_year": null,
            "eps_4q": null,
            "eps_4q_growth_year": null,
            "roe": null,
            "roe_4q": 0,
            "gross_profit": null,
            "gross_margin": null,
            "gross_margin_4q_avg": 0,
            "net_income": null,
            "net_income_4q": null,
            "revenue": null,
            "revenue_4q": null,
            "common_shares": null,
            "book_valuer_per_share": null,
            "book_valuer_per_share_4q_avg": 0,
            "equity": null,
            "current_ratio": null,
            "debt_ratio": null,
            "inventory_turnover_ratio": null,
            "account_receivable_turnover_ratio": null,
            "reinvestment_rate": null,
            "research_to_sale_ratio": null,
            "price_fair": 0,
            "eps_avg_yearly": 0,
            "eps_latest_yearly": 0,
            "eps_growth_yearly": 0
        },
        "20061": {
            "year_quarter": 20061,
            "year": 2006,
            "quarter": 1,
            "eps": null,
            "eps_growth_year": null,
            "eps_4q": null,
            "eps_4q_growth_year": null,
            "roe": null,
            "roe_4q": 0,
            "gross_profit": null,
            "gross_margin": null,
            "gross_margin_4q_avg": 0,
            "net_income": null,
            "net_income_4q": null,
            "revenue": null,
            "revenue_4q": null,
            "common_shares": null,
            "book_valuer_per_share": null,
            "book_valuer_per_share_4q_avg": 0,
            "equity": null,
            "current_ratio": null,
            "debt_ratio": null,
            "inventory_turnover_ratio": null,
            "account_receivable_turnover_ratio": null,
            "reinvestment_rate": null,
            "research_to_sale_ratio": null,
            "price_fair": 0,
            "eps_avg_yearly": 0,
            "eps_latest_yearly": 0,
            "eps_growth_yearly": 0
        },
        "20062": {
            "year_quarter": 20062,
            "year": 2006,
            "quarter": 2,
            "eps": null,
            "eps_growth_year": null,
            "eps_4q": null,
            "eps_4q_growth_year": null,
            "roe": null,
            "roe_4q": 0,
            "gross_profit": null,
            "gross_margin": null,
            "gross_margin_4q_avg": 0,
            "net_income": null,
            "net_income_4q": null,
            "revenue": null,
            "revenue_4q": null,
            "common_shares": null,
            "book_valuer_per_share": null,
            "book_valuer_per_share_4q_avg": 0,
            "equity": null,
            "current_ratio": null,
            "debt_ratio": null,
            "inventory_turnover_ratio": null,
            "account_receivable_turnover_ratio": null,
            "reinvestment_rate": null,
            "research_to_sale_ratio": null,
            "price_fair": 0,
            "eps_avg_yearly": 0,
            "eps_latest_yearly": 0,
            "eps_growth_yearly": 0
        },
        "20063": {
            "year_quarter": 20063,
            "year": 2006,
            "quarter": 3,
            "eps": null,
            "eps_growth_year": null,
            "eps_4q": null,
            "eps_4q_growth_year": null,
            "roe": null,
            "roe_4q": 0,
            "gross_profit": null,
            "gross_margin": null,
            "gross_margin_4q_avg": 0,
            "net_income": null,
            "net_income_4q": null,
            "revenue": null,
            "revenue_4q": null,
            "common_shares": null,
            "book_valuer_per_share": null,
            "book_valuer_per_share_4q_avg": 0,
            "equity": null,
            "current_ratio": null,
            "debt_ratio": null,
            "inventory_turnover_ratio": null,
            "account_receivable_turnover_ratio": null,
            "reinvestment_rate": null,
            "research_to_sale_ratio": null,
            "price_fair": 0,
            "eps_avg_yearly": 0,
            "eps_latest_yearly": 0,
            "eps_growth_yearly": 0
        },
        "20064": {
            "year_quarter": 20064,
            "year": 2006,
            "quarter": 4,
            "eps": null,
            "eps_growth_year": null,
            "eps_4q": null,
            "eps_4q_growth_year": null,
            "roe": null,
            "roe_4q": 0,
            "gross_profit": null,
            "gross_margin": null,
            "gross_margin_4q_avg": 0,
            "net_income": null,
            "net_income_4q": null,
            "revenue": null,
            "revenue_4q": null,
            "common_shares": null,
            "book_valuer_per_share": null,
            "book_valuer_per_share_4q_avg": 0,
            "equity": null,
            "current_ratio": null,
            "debt_ratio": null,
            "inventory_turnover_ratio": null,
            "account_receivable_turnover_ratio": null,
            "reinvestment_rate": null,
            "research_to_sale_ratio": null,
            "price_fair": 0,
            "eps_avg_yearly": 0,
            "eps_latest_yearly": 0,
            "eps_growth_yearly": 0
        },
        "20071": {
            "year_quarter": 20071,
            "year": 2007,
            "quarter": 1,
            "eps": null,
            "eps_growth_year": null,
            "eps_4q": null,
            "eps_4q_growth_year": null,
            "roe": null,
            "roe_4q": 0,
            "gross_profit": null,
            "gross_margin": null,
            "gross_margin_4q_avg": 0,
            "net_income": null,
            "net_income_4q": null,
            "revenue": null,
            "revenue_4q": null,
            "common_shares": null,
            "book_valuer_per_share": null,
            "book_valuer_per_share_4q_avg": 0,
            "equity": null,
            "current_ratio": null,
            "debt_ratio": null,
            "inventory_turnover_ratio": null,
            "account_receivable_turnover_ratio": null,
            "reinvestment_rate": null,
            "research_to_sale_ratio": null,
            "price_fair": 0,
            "eps_avg_yearly": 0,
            "eps_latest_yearly": 0,
            "eps_growth_yearly": 0
        },
        "20072": {
            "year_quarter": 20072,
            "year": 2007,
            "quarter": 2,
            "eps": null,
            "eps_growth_year": null,
            "eps_4q": null,
            "eps_4q_growth_year": null,
            "roe": null,
            "roe_4q": 0,
            "gross_profit": null,
            "gross_margin": null,
            "gross_margin_4q_avg": 0,
            "net_income": null,
            "net_income_4q": null,
            "revenue": null,
            "revenue_4q": null,
            "common_shares": null,
            "book_valuer_per_share": null,
            "book_valuer_per_share_4q_avg": 0,
            "equity": null,
            "current_ratio": null,
            "debt_ratio": null,
            "inventory_turnover_ratio": null,
            "account_receivable_turnover_ratio": null,
            "reinvestment_rate": null,
            "research_to_sale_ratio": null,
            "price_fair": 0,
            "eps_avg_yearly": 0,
            "eps_latest_yearly": 0,
            "eps_growth_yearly": 0
        },
        "20073": {
            "year_quarter": 20073,
            "year": 2007,
            "quarter": 3,
            "eps": null,
            "eps_growth_year": null,
            "eps_4q": null,
            "eps_4q_growth_year": null,
            "roe": null,
            "roe_4q": 0,
            "gross_profit": null,
            "gross_margin": null,
            "gross_margin_4q_avg": 0,
            "net_income": null,
            "net_income_4q": null,
            "revenue": null,
            "revenue_4q": null,
            "common_shares": null,
            "book_valuer_per_share": null,
            "book_valuer_per_share_4q_avg": 0,
            "equity": null,
            "current_ratio": null,
            "debt_ratio": null,
            "inventory_turnover_ratio": null,
            "account_receivable_turnover_ratio": null,
            "reinvestment_rate": null,
            "research_to_sale_ratio": null,
            "price_fair": 0,
            "eps_avg_yearly": 0,
            "eps_latest_yearly": 0,
            "eps_growth_yearly": 0
        },
        "20074": {
            "year_quarter": 20074,
            "year": 2007,
            "quarter": 4,
            "eps": null,
            "eps_growth_year": null,
            "eps_4q": null,
            "eps_4q_growth_year": null,
            "roe": null,
            "roe_4q": 0,
            "gross_profit": null,
            "gross_margin": null,
            "gross_margin_4q_avg": 0,
            "net_income": null,
            "net_income_4q": null,
            "revenue": null,
            "revenue_4q": null,
            "common_shares": null,
            "book_valuer_per_share": null,
            "book_valuer_per_share_4q_avg": 0,
            "equity": null,
            "current_ratio": null,
            "debt_ratio": null,
            "inventory_turnover_ratio": null,
            "account_receivable_turnover_ratio": null,
            "reinvestment_rate": null,
            "research_to_sale_ratio": null,
            "price_fair": 0,
            "eps_avg_yearly": 0,
            "eps_latest_yearly": 0,
            "eps_growth_yearly": 0
        },
        "20081": {
            "year_quarter": 20081,
            "year": 2008,
            "quarter": 1,
            "eps": null,
            "eps_growth_year": null,
            "eps_4q": null,
            "eps_4q_growth_year": null,
            "roe": null,
            "roe_4q": 0,
            "gross_profit": null,
            "gross_margin": null,
            "gross_margin_4q_avg": 0,
            "net_income": null,
            "net_income_4q": null,
            "revenue": null,
            "revenue_4q": null,
            "common_shares": null,
            "book_valuer_per_share": null,
            "book_valuer_per_share_4q_avg": 0,
            "equity": null,
            "current_ratio": null,
            "debt_ratio": null,
            "inventory_turnover_ratio": null,
            "account_receivable_turnover_ratio": null,
            "reinvestment_rate": null,
            "research_to_sale_ratio": null,
            "price_fair": 0,
            "eps_avg_yearly": 0,
            "eps_latest_yearly": 0,
            "eps_growth_yearly": 0
        },
        "20082": {
            "year_quarter": 20082,
            "year": 2008,
            "quarter": 2,
            "eps": null,
            "eps_growth_year": null,
            "eps_4q": null,
            "eps_4q_growth_year": null,
            "roe": null,
            "roe_4q": 0,
            "gross_profit": null,
            "gross_margin": null,
            "gross_margin_4q_avg": 0,
            "net_income": null,
            "net_income_4q": null,
            "revenue": null,
            "revenue_4q": null,
            "common_shares": null,
            "book_valuer_per_share": null,
            "book_valuer_per_share_4q_avg": 0,
            "equity": null,
            "current_ratio": null,
            "debt_ratio": null,
            "inventory_turnover_ratio": null,
            "account_receivable_turnover_ratio": null,
            "reinvestment_rate": null,
            "research_to_sale_ratio": null,
            "price_fair": 0,
            "eps_avg_yearly": 0,
            "eps_latest_yearly": 0,
            "eps_growth_yearly": 0
        },
        "20083": {
            "year_quarter": 20083,
            "year": 2008,
            "quarter": 3,
            "eps": null,
            "eps_growth_year": null,
            "eps_4q": null,
            "eps_4q_growth_year": null,
            "roe": null,
            "roe_4q": 0,
            "gross_profit": null,
            "gross_margin": null,
            "gross_margin_4q_avg": 0,
            "net_income": null,
            "net_income_4q": null,
            "revenue": null,
            "revenue_4q": null,
            "common_shares": null,
            "book_valuer_per_share": null,
            "book_valuer_per_share_4q_avg": 0,
            "equity": null,
            "current_ratio": null,
            "debt_ratio": null,
            "inventory_turnover_ratio": null,
            "account_receivable_turnover_ratio": null,
            "reinvestment_rate": null,
            "research_to_sale_ratio": null,
            "price_fair": 0,
            "eps_avg_yearly": 0,
            "eps_latest_yearly": 0,
            "eps_growth_yearly": 0
        },
        "20084": {
            "year_quarter": 20084,
            "year": 2008,
            "quarter": 4,
            "eps": null,
            "eps_growth_year": null,
            "eps_4q": null,
            "eps_4q_growth_year": null,
            "roe": null,
            "roe_4q": 0,
            "gross_profit": null,
            "gross_margin": null,
            "gross_margin_4q_avg": 0,
            "net_income": null,
            "net_income_4q": null,
            "revenue": null,
            "revenue_4q": null,
            "common_shares": null,
            "book_valuer_per_share": null,
            "book_valuer_per_share_4q_avg": 0,
            "equity": null,
            "current_ratio": null,
            "debt_ratio": null,
            "inventory_turnover_ratio": null,
            "account_receivable_turnover_ratio": null,
            "reinvestment_rate": null,
            "research_to_sale_ratio": null,
            "price_fair": 0,
            "eps_avg_yearly": 0,
            "eps_latest_yearly": 0,
            "eps_growth_yearly": 0
        },
        "20091": {
            "year_quarter": 20091,
            "year": 2009,
            "quarter": 1,
            "eps": null,
            "eps_growth_year": null,
            "eps_4q": null,
            "eps_4q_growth_year": null,
            "roe": null,
            "roe_4q": 0,
            "gross_profit": null,
            "gross_margin": null,
            "gross_margin_4q_avg": 0,
            "net_income": null,
            "net_income_4q": null,
            "revenue": null,
            "revenue_4q": null,
            "common_shares": null,
            "book_valuer_per_share": null,
            "book_valuer_per_share_4q_avg": 0,
            "equity": null,
            "current_ratio": null,
            "debt_ratio": null,
            "inventory_turnover_ratio": null,
            "account_receivable_turnover_ratio": null,
            "reinvestment_rate": null,
            "research_to_sale_ratio": null,
            "price_fair": 0,
            "eps_avg_yearly": 0,
            "eps_latest_yearly": 0,
            "eps_growth_yearly": 0
        },
        "20092": {
            "year_quarter": 20092,
            "year": 2009,
            "quarter": 2,
            "eps": null,
            "eps_growth_year": null,
            "eps_4q": null,
            "eps_4q_growth_year": null,
            "roe": null,
            "roe_4q": 0,
            "gross_profit": null,
            "gross_margin": null,
            "gross_margin_4q_avg": 0,
            "net_income": null,
            "net_income_4q": null,
            "revenue": null,
            "revenue_4q": null,
            "common_shares": null,
            "book_valuer_per_share": null,
            "book_valuer_per_share_4q_avg": 0,
            "equity": null,
            "current_ratio": null,
            "debt_ratio": null,
            "inventory_turnover_ratio": null,
            "account_receivable_turnover_ratio": null,
            "reinvestment_rate": null,
            "research_to_sale_ratio": null,
            "price_fair": 0,
            "eps_avg_yearly": 0,
            "eps_latest_yearly": 0,
            "eps_growth_yearly": 0
        },
        "20093": {
            "year_quarter": 20093,
            "year": 2009,
            "quarter": 3,
            "eps": null,
            "eps_growth_year": null,
            "eps_4q": null,
            "eps_4q_growth_year": null,
            "roe": null,
            "roe_4q": 0,
            "gross_profit": null,
            "gross_margin": null,
            "gross_margin_4q_avg": 0,
            "net_income": null,
            "net_income_4q": null,
            "revenue": null,
            "revenue_4q": null,
            "common_shares": null,
            "book_valuer_per_share": null,
            "book_valuer_per_share_4q_avg": 0,
            "equity": null,
            "current_ratio": null,
            "debt_ratio": null,
            "inventory_turnover_ratio": null,
            "account_receivable_turnover_ratio": null,
            "reinvestment_rate": null,
            "research_to_sale_ratio": null,
            "price_fair": 0,
            "eps_avg_yearly": 0,
            "eps_latest_yearly": 0,
            "eps_growth_yearly": 0
        },
        "20094": {
            "year_quarter": 20094,
            "year": 2009,
            "quarter": 4,
            "eps": null,
            "eps_growth_year": null,
            "eps_4q": null,
            "eps_4q_growth_year": null,
            "roe": null,
            "roe_4q": 0,
            "gross_profit": null,
            "gross_margin": null,
            "gross_margin_4q_avg": 0,
            "net_income": null,
            "net_income_4q": null,
            "revenue": null,
            "revenue_4q": null,
            "common_shares": null,
            "book_valuer_per_share": null,
            "book_valuer_per_share_4q_avg": 0,
            "equity": null,
            "current_ratio": null,
            "debt_ratio": null,
            "inventory_turnover_ratio": null,
            "account_receivable_turnover_ratio": null,
            "reinvestment_rate": null,
            "research_to_sale_ratio": null,
            "price_fair": 0,
            "eps_avg_yearly": 0,
            "eps_latest_yearly": 0,
            "eps_growth_yearly": 0
        },
        "20101": {
            "year_quarter": 20101,
            "year": 2010,
            "quarter": 1,
            "eps": null,
            "eps_growth_year": null,
            "eps_4q": null,
            "eps_4q_growth_year": null,
            "roe": null,
            "roe_4q": 0,
            "gross_profit": null,
            "gross_margin": null,
            "gross_margin_4q_avg": 0,
            "net_income": null,
            "net_income_4q": null,
            "revenue": null,
            "revenue_4q": null,
            "common_shares": null,
            "book_valuer_per_share": null,
            "book_valuer_per_share_4q_avg": 0,
            "equity": null,
            "current_ratio": null,
            "debt_ratio": null,
            "inventory_turnover_ratio": null,
            "account_receivable_turnover_ratio": null,
            "reinvestment_rate": null,
            "research_to_sale_ratio": null,
            "price_fair": 0,
            "eps_avg_yearly": 0,
            "eps_latest_yearly": 0,
            "eps_growth_yearly": 0
        },
        "20102": {
            "year_quarter": 20102,
            "year": 2010,
            "quarter": 2,
            "eps": null,
            "eps_growth_year": null,
            "eps_4q": null,
            "eps_4q_growth_year": null,
            "roe": null,
            "roe_4q": 0,
            "gross_profit": null,
            "gross_margin": null,
            "gross_margin_4q_avg": 0,
            "net_income": null,
            "net_income_4q": null,
            "revenue": null,
            "revenue_4q": null,
            "common_shares": null,
            "book_valuer_per_share": null,
            "book_valuer_per_share_4q_avg": 0,
            "equity": null,
            "current_ratio": null,
            "debt_ratio": null,
            "inventory_turnover_ratio": null,
            "account_receivable_turnover_ratio": null,
            "reinvestment_rate": null,
            "research_to_sale_ratio": null,
            "price_fair": 0,
            "eps_avg_yearly": 0,
            "eps_latest_yearly": 0,
            "eps_growth_yearly": 0
        },
        "20103": {
            "year_quarter": 20103,
            "year": 2010,
            "quarter": 3,
            "eps": null,
            "eps_growth_year": null,
            "eps_4q": null,
            "eps_4q_growth_year": null,
            "roe": null,
            "roe_4q": 0,
            "gross_profit": null,
            "gross_margin": null,
            "gross_margin_4q_avg": 0,
            "net_income": null,
            "net_income_4q": null,
            "revenue": null,
            "revenue_4q": null,
            "common_shares": null,
            "book_valuer_per_share": null,
            "book_valuer_per_share_4q_avg": 0,
            "equity": null,
            "current_ratio": null,
            "debt_ratio": null,
            "inventory_turnover_ratio": null,
            "account_receivable_turnover_ratio": null,
            "reinvestment_rate": null,
            "research_to_sale_ratio": null,
            "price_fair": 0,
            "eps_avg_yearly": 0,
            "eps_latest_yearly": 0,
            "eps_growth_yearly": 0
        },
        "20104": {
            "year_quarter": 20104,
            "year": 2010,
            "quarter": 4,
            "eps": null,
            "eps_growth_year": null,
            "eps_4q": null,
            "eps_4q_growth_year": null,
            "roe": null,
            "roe_4q": 0,
            "gross_profit": null,
            "gross_margin": null,
            "gross_margin_4q_avg": 0,
            "net_income": null,
            "net_income_4q": null,
            "revenue": null,
            "revenue_4q": null,
            "common_shares": null,
            "book_valuer_per_share": null,
            "book_valuer_per_share_4q_avg": 0,
            "equity": null,
            "current_ratio": null,
            "debt_ratio": null,
            "inventory_turnover_ratio": null,
            "account_receivable_turnover_ratio": null,
            "reinvestment_rate": null,
            "research_to_sale_ratio": null,
            "price_fair": 0,
            "eps_avg_yearly": 0,
            "eps_latest_yearly": 0,
            "eps_growth_yearly": 0
        },
        "20111": {
            "year_quarter": 20111,
            "year": 2011,
            "quarter": 1,
            "eps": null,
            "eps_growth_year": null,
            "eps_4q": null,
            "eps_4q_growth_year": null,
            "roe": null,
            "roe_4q": 0,
            "gross_profit": null,
            "gross_margin": null,
            "gross_margin_4q_avg": 0,
            "net_income": null,
            "net_income_4q": null,
            "revenue": null,
            "revenue_4q": null,
            "common_shares": null,
            "book_valuer_per_share": null,
            "book_valuer_per_share_4q_avg": 0,
            "equity": null,
            "current_ratio": null,
            "debt_ratio": null,
            "inventory_turnover_ratio": null,
            "account_receivable_turnover_ratio": null,
            "reinvestment_rate": null,
            "research_to_sale_ratio": null,
            "price_fair": 0,
            "eps_avg_yearly": 0,
            "eps_latest_yearly": 0,
            "eps_growth_yearly": 0
        },
        "20112": {
            "year_quarter": 20112,
            "year": 2011,
            "quarter": 2,
            "eps": null,
            "eps_growth_year": null,
            "eps_4q": null,
            "eps_4q_growth_year": null,
            "roe": null,
            "roe_4q": 0,
            "gross_profit": null,
            "gross_margin": null,
            "gross_margin_4q_avg": 0,
            "net_income": null,
            "net_income_4q": null,
            "revenue": null,
            "revenue_4q": null,
            "common_shares": null,
            "book_valuer_per_share": null,
            "book_valuer_per_share_4q_avg": 0,
            "equity": null,
            "current_ratio": null,
            "debt_ratio": null,
            "inventory_turnover_ratio": null,
            "account_receivable_turnover_ratio": null,
            "reinvestment_rate": null,
            "research_to_sale_ratio": null,
            "price_fair": 0,
            "eps_avg_yearly": 0,
            "eps_latest_yearly": 0,
            "eps_growth_yearly": 0
        },
        "20113": {
            "year_quarter": 20113,
            "year": 2011,
            "quarter": 3,
            "eps": null,
            "eps_growth_year": null,
            "eps_4q": null,
            "eps_4q_growth_year": null,
            "roe": null,
            "roe_4q": 0,
            "gross_profit": null,
            "gross_margin": null,
            "gross_margin_4q_avg": 0,
            "net_income": null,
            "net_income_4q": null,
            "revenue": null,
            "revenue_4q": null,
            "common_shares": null,
            "book_valuer_per_share": null,
            "book_valuer_per_share_4q_avg": 0,
            "equity": null,
            "current_ratio": null,
            "debt_ratio": null,
            "inventory_turnover_ratio": null,
            "account_receivable_turnover_ratio": null,
            "reinvestment_rate": null,
            "research_to_sale_ratio": null,
            "price_fair": 0,
            "eps_avg_yearly": 0,
            "eps_latest_yearly": 0,
            "eps_growth_yearly": 0
        },
        "20114": {
            "year_quarter": 20114,
            "year": 2011,
            "quarter": 4,
            "eps": null,
            "eps_growth_year": null,
            "eps_4q": null,
            "eps_4q_growth_year": null,
            "roe": null,
            "roe_4q": 0,
            "gross_profit": null,
            "gross_margin": null,
            "gross_margin_4q_avg": 0,
            "net_income": null,
            "net_income_4q": null,
            "revenue": null,
            "revenue_4q": null,
            "common_shares": 30000,
            "book_valuer_per_share": 11.1,
            "book_valuer_per_share_4q_avg": 2.78,
            "equity": 33306,
            "current_ratio": 223.21,
            "debt_ratio": 43.3,
            "inventory_turnover_ratio": null,
            "account_receivable_turnover_ratio": null,
            "reinvestment_rate": null,
            "research_to_sale_ratio": null,
            "price_fair": 0,
            "eps_avg_yearly": 0,
            "eps_latest_yearly": 0,
            "eps_growth_yearly": 0
        },
        "20121": {
            "year_quarter": 20121,
            "year": 2012,
            "quarter": 1,
            "eps": null,
            "eps_growth_year": null,
            "eps_4q": null,
            "eps_4q_growth_year": null,
            "roe": null,
            "roe_4q": 0,
            "gross_profit": null,
            "gross_margin": null,
            "gross_margin_4q_avg": 0,
            "net_income": null,
            "net_income_4q": null,
            "revenue": null,
            "revenue_4q": null,
            "common_shares": null,
            "book_valuer_per_share": null,
            "book_valuer_per_share_4q_avg": 2.78,
            "equity": null,
            "current_ratio": null,
            "debt_ratio": null,
            "inventory_turnover_ratio": null,
            "account_receivable_turnover_ratio": null,
            "reinvestment_rate": null,
            "research_to_sale_ratio": null,
            "price_fair": 0,
            "eps_avg_yearly": 0,
            "eps_latest_yearly": 0,
            "eps_growth_yearly": 0
        },
        "20122": {
            "year_quarter": 20122,
            "year": 2012,
            "quarter": 2,
            "eps": null,
            "eps_growth_year": null,
            "eps_4q": null,
            "eps_4q_growth_year": null,
            "roe": null,
            "roe_4q": 0,
            "gross_profit": null,
            "gross_margin": null,
            "gross_margin_4q_avg": 0,
            "net_income": null,
            "net_income_4q": null,
            "revenue": null,
            "revenue_4q": null,
            "common_shares": null,
            "book_valuer_per_share": null,
            "book_valuer_per_share_4q_avg": 2.78,
            "equity": null,
            "current_ratio": null,
            "debt_ratio": null,
            "inventory_turnover_ratio": null,
            "account_receivable_turnover_ratio": null,
            "reinvestment_rate": null,
            "research_to_sale_ratio": null,
            "price_fair": 0,
            "eps_avg_yearly": 0,
            "eps_latest_yearly": 0,
            "eps_growth_yearly": 0
        },
        "20123": {
            "year_quarter": 20123,
            "year": 2012,
            "quarter": 3,
            "eps": null,
            "eps_growth_year": null,
            "eps_4q": null,
            "eps_4q_growth_year": null,
            "roe": null,
            "roe_4q": 0,
            "gross_profit": null,
            "gross_margin": null,
            "gross_margin_4q_avg": 0,
            "net_income": null,
            "net_income_4q": null,
            "revenue": null,
            "revenue_4q": null,
            "common_shares": null,
            "book_valuer_per_share": null,
            "book_valuer_per_share_4q_avg": 2.78,
            "equity": null,
            "current_ratio": null,
            "debt_ratio": null,
            "inventory_turnover_ratio": null,
            "account_receivable_turnover_ratio": null,
            "reinvestment_rate": null,
            "research_to_sale_ratio": null,
            "price_fair": 0,
            "eps_avg_yearly": 0,
            "eps_latest_yearly": 0,
            "eps_growth_yearly": 0
        },
        "20124": {
            "year_quarter": 20124,
            "year": 2012,
            "quarter": 4,
            "eps": null,
            "eps_growth_year": null,
            "eps_4q": null,
            "eps_4q_growth_year": null,
            "roe": null,
            "roe_4q": 0,
            "gross_profit": null,
            "gross_margin": null,
            "gross_margin_4q_avg": 0,
            "net_income": null,
            "net_income_4q": null,
            "revenue": null,
            "revenue_4q": null,
            "common_shares": 41744,
            "book_valuer_per_share": 15,
            "book_valuer_per_share_4q_avg": 3.75,
            "equity": 62606,
            "current_ratio": 295.12,
            "debt_ratio": 32.13,
            "inventory_turnover_ratio": null,
            "account_receivable_turnover_ratio": null,
            "reinvestment_rate": null,
            "research_to_sale_ratio": null,
            "price_fair": 0,
            "eps_avg_yearly": 0,
            "eps_latest_yearly": 0,
            "eps_growth_yearly": 0
        },
        "20131": {
            "year_quarter": 20131,
            "year": 2013,
            "quarter": 1,
            "eps": null,
            "eps_growth_year": null,
            "eps_4q": null,
            "eps_4q_growth_year": null,
            "roe": null,
            "roe_4q": 0,
            "gross_profit": null,
            "gross_margin": null,
            "gross_margin_4q_avg": 0,
            "net_income": null,
            "net_income_4q": null,
            "revenue": null,
            "revenue_4q": null,
            "common_shares": null,
            "book_valuer_per_share": null,
            "book_valuer_per_share_4q_avg": 3.75,
            "equity": null,
            "current_ratio": null,
            "debt_ratio": null,
            "inventory_turnover_ratio": null,
            "account_receivable_turnover_ratio": null,
            "reinvestment_rate": null,
            "research_to_sale_ratio": null,
            "price_fair": 0,
            "eps_avg_yearly": 0,
            "eps_latest_yearly": 0,
            "eps_growth_yearly": 0
        },
        "20132": {
            "year_quarter": 20132,
            "year": 2013,
            "quarter": 2,
            "eps": null,
            "eps_growth_year": null,
            "eps_4q": null,
            "eps_4q_growth_year": null,
            "roe": null,
            "roe_4q": 0,
            "gross_profit": null,
            "gross_margin": null,
            "gross_margin_4q_avg": 0,
            "net_income": null,
            "net_income_4q": null,
            "revenue": null,
            "revenue_4q": null,
            "common_shares": 62622,
            "book_valuer_per_share": null,
            "book_valuer_per_share_4q_avg": 3.75,
            "equity": 87241,
            "current_ratio": null,
            "debt_ratio": null,
            "inventory_turnover_ratio": null,
            "account_receivable_turnover_ratio": null,
            "reinvestment_rate": null,
            "research_to_sale_ratio": null,
            "price_fair": 0,
            "eps_avg_yearly": 0,
            "eps_latest_yearly": 0,
            "eps_growth_yearly": 0
        },
        "20133": {
            "year_quarter": 20133,
            "year": 2013,
            "quarter": 3,
            "eps": null,
            "eps_growth_year": null,
            "eps_4q": null,
            "eps_4q_growth_year": null,
            "roe": null,
            "roe_4q": 0,
            "gross_profit": null,
            "gross_margin": null,
            "gross_margin_4q_avg": 0,
            "net_income": null,
            "net_income_4q": null,
            "revenue": null,
            "revenue_4q": null,
            "common_shares": null,
            "book_valuer_per_share": null,
            "book_valuer_per_share_4q_avg": 3.75,
            "equity": null,
            "current_ratio": null,
            "debt_ratio": null,
            "inventory_turnover_ratio": null,
            "account_receivable_turnover_ratio": null,
            "reinvestment_rate": null,
            "research_to_sale_ratio": null,
            "price_fair": 0,
            "eps_avg_yearly": 0,
            "eps_latest_yearly": 0,
            "eps_growth_yearly": 0
        },
        "20134": {
            "year_quarter": 20134,
            "year": 2013,
            "quarter": 4,
            "eps": null,
            "eps_growth_year": null,
            "eps_4q": null,
            "eps_4q_growth_year": null,
            "roe": null,
            "roe_4q": 0,
            "gross_profit": null,
            "gross_margin": null,
            "gross_margin_4q_avg": 0,
            "net_income": null,
            "net_income_4q": null,
            "revenue": null,
            "revenue_4q": null,
            "common_shares": 101142,
            "book_valuer_per_share": null,
            "book_valuer_per_share_4q_avg": 0,
            "equity": 164014,
            "current_ratio": null,
            "debt_ratio": null,
            "inventory_turnover_ratio": null,
            "account_receivable_turnover_ratio": null,
            "reinvestment_rate": null,
            "research_to_sale_ratio": null,
            "price_fair": 0,
            "eps_avg_yearly": 0,
            "eps_latest_yearly": 0,
            "eps_growth_yearly": 0
        },
        "20141": {
            "year_quarter": 20141,
            "year": 2014,
            "quarter": 1,
            "eps": null,
            "eps_growth_year": null,
            "eps_4q": null,
            "eps_4q_growth_year": null,
            "roe": null,
            "roe_4q": 0,
            "gross_profit": null,
            "gross_margin": null,
            "gross_margin_4q_avg": 0,
            "net_income": null,
            "net_income_4q": null,
            "revenue": null,
            "revenue_4q": null,
            "common_shares": null,
            "book_valuer_per_share": null,
            "book_valuer_per_share_4q_avg": 0,
            "equity": null,
            "current_ratio": null,
            "debt_ratio": null,
            "inventory_turnover_ratio": null,
            "account_receivable_turnover_ratio": null,
            "reinvestment_rate": null,
            "research_to_sale_ratio": null,
            "price_fair": 0,
            "eps_avg_yearly": 0,
            "eps_latest_yearly": 0,
            "eps_growth_yearly": 0
        },
        "20142": {
            "year_quarter": 20142,
            "year": 2014,
            "quarter": 2,
            "eps": null,
            "eps_growth_year": null,
            "eps_4q": null,
            "eps_4q_growth_year": null,
            "roe": null,
            "roe_4q": 0,
            "gross_profit": null,
            "gross_margin": null,
            "gross_margin_4q_avg": 0,
            "net_income": null,
            "net_income_4q": null,
            "revenue": null,
            "revenue_4q": null,
            "common_shares": 168379,
            "book_valuer_per_share": 14.32,
            "book_valuer_per_share_4q_avg": 3.58,
            "equity": 241142,
            "current_ratio": 809.52,
            "debt_ratio": 12.08,
            "inventory_turnover_ratio": null,
            "account_receivable_turnover_ratio": null,
            "reinvestment_rate": null,
            "research_to_sale_ratio": null,
            "price_fair": 0,
            "eps_avg_yearly": 0,
            "eps_latest_yearly": 0,
            "eps_growth_yearly": 0
        },
        "20143": {
            "year_quarter": 20143,
            "year": 2014,
            "quarter": 3,
            "eps": null,
            "eps_growth_year": null,
            "eps_4q": null,
            "eps_4q_growth_year": null,
            "roe": null,
            "roe_4q": 0,
            "gross_profit": 34133,
            "gross_margin": null,
            "gross_margin_4q_avg": 0,
            "net_income": 12447,
            "net_income_4q": null,
            "revenue": 63446,
            "revenue_4q": null,
            "common_shares": 168379,
            "book_valuer_per_share": 15.06,
            "book_valuer_per_share_4q_avg": 7.35,
            "equity": 253589,
            "current_ratio": 630.03,
            "debt_ratio": 15.45,
            "inventory_turnover_ratio": null,
            "account_receivable_turnover_ratio": null,
            "reinvestment_rate": null,
            "research_to_sale_ratio": null,
            "price_fair": 0,
            "eps_avg_yearly": 0,
            "eps_latest_yearly": 0,
            "eps_growth_yearly": 0
        },
        "20144": {
            "year_quarter": 20144,
            "year": 2014,
            "quarter": 4,
            "eps": null,
            "eps_growth_year": null,
            "eps_4q": null,
            "eps_4q_growth_year": null,
            "roe": null,
            "roe_4q": 0,
            "gross_profit": 45894,
            "gross_margin": null,
            "gross_margin_4q_avg": 0,
            "net_income": 19353,
            "net_income_4q": null,
            "revenue": 75250,
            "revenue_4q": null,
            "common_shares": 168379,
            "book_valuer_per_share": 15.17,
            "book_valuer_per_share_4q_avg": 11.14,
            "equity": 250926,
            "current_ratio": 550.47,
            "debt_ratio": 17.86,
            "inventory_turnover_ratio": null,
            "account_receivable_turnover_ratio": null,
            "reinvestment_rate": null,
            "research_to_sale_ratio": null,
            "price_fair": 0,
            "eps_avg_yearly": 0,
            "eps_latest_yearly": 0,
            "eps_growth_yearly": 0
        },
        "20151": {
            "year_quarter": 20151,
            "year": 2015,
            "quarter": 1,
            "eps": null,
            "eps_growth_year": null,
            "eps_4q": null,
            "eps_4q_growth_year": null,
            "roe": null,
            "roe_4q": 0,
            "gross_profit": 40593,
            "gross_margin": null,
            "gross_margin_4q_avg": 0,
            "net_income": 14254,
            "net_income_4q": null,
            "revenue": 69722,
            "revenue_4q": null,
            "common_shares": 168379,
            "book_valuer_per_share": 15.75,
            "book_valuer_per_share_4q_avg": 15.08,
            "equity": 265182,
            "current_ratio": 543.46,
            "debt_ratio": 18.15,
            "inventory_turnover_ratio": null,
            "account_receivable_turnover_ratio": null,
            "reinvestment_rate": null,
            "research_to_sale_ratio": null,
            "price_fair": 0,
            "eps_avg_yearly": 0,
            "eps_latest_yearly": 0,
            "eps_growth_yearly": 0
        },
        "20152": {
            "year_quarter": 20152,
            "year": 2015,
            "quarter": 2,
            "eps": 0.64,
            "eps_growth_year": null,
            "eps_4q": 0.62,
            "eps_4q_growth_year": null,
            "roe": 4.7,
            "roe_4q": 4.7,
            "gross_profit": 39048,
            "gross_margin": 57.28,
            "gross_margin_4q_avg": 14.32,
            "net_income": 12587,
            "net_income_4q": null,
            "revenue": 68171,
            "revenue_4q": null,
            "common_shares": 168379,
            "book_valuer_per_share": 16.38,
            "book_valuer_per_share_4q_avg": 15.59,
            "equity": 270834,
            "current_ratio": 502.93,
            "debt_ratio": 19.5,
            "inventory_turnover_ratio": 0.91,
            "account_receivable_turnover_ratio": 35.79,
            "reinvestment_rate": null,
            "research_to_sale_ratio": 6.94,
            "price_fair": 0,
            "eps_avg_yearly": 0,
            "eps_latest_yearly": 0,
            "eps_growth_yearly": 0
        },
        "20153": {
            "year_quarter": 20153,
            "year": 2015,
            "quarter": 3,
            "eps": 0.97,
            "eps_growth_year": null,
            "eps_4q": 1.6,
            "eps_4q_growth_year": null,
            "roe": 6.8,
            "roe_4q": 11.5,
            "gross_profit": 43369,
            "gross_margin": 57.57,
            "gross_margin_4q_avg": 28.71,
            "net_income": 19078,
            "net_income_4q": null,
            "revenue": 75333,
            "revenue_4q": null,
            "common_shares": 200382,
            "book_valuer_per_share": 14.69,
            "book_valuer_per_share_4q_avg": 15.5,
            "equity": 289912,
            "current_ratio": 633.44,
            "debt_ratio": 15.68,
            "inventory_turnover_ratio": 1.03,
            "account_receivable_turnover_ratio": 16.47,
            "reinvestment_rate": null,
            "research_to_sale_ratio": 7.18,
            "price_fair": 135.8,
            "eps_avg_yearly": 3.88,
            "eps_latest_yearly": 3.88,
            "eps_growth_yearly": 206.25
        },
        "20154": {
            "year_quarter": 20154,
            "year": 2015,
            "quarter": 4,
            "eps": 1.08,
            "eps_growth_year": null,
            "eps_4q": 2.53,
            "eps_4q_growth_year": null,
            "roe": 6.32,
            "roe_4q": 17.82,
            "gross_profit": 49345,
            "gross_margin": 58.59,
            "gross_margin_4q_avg": 43.36,
            "net_income": 23428,
            "net_income_4q": null,
            "revenue": 84214,
            "revenue_4q": null,
            "common_shares": 220352,
            "book_valuer_per_share": 20.76,
            "book_valuer_per_share_4q_avg": 16.9,
            "equity": 451133,
            "current_ratio": 960.62,
            "debt_ratio": 10.44,
            "inventory_turnover_ratio": 1.3,
            "account_receivable_turnover_ratio": 18,
            "reinvestment_rate": null,
            "research_to_sale_ratio": 5.75,
            "price_fair": 143.5,
            "eps_avg_yearly": 4.1,
            "eps_latest_yearly": 4.32,
            "eps_growth_yearly": 125.81
        },
        "20161": {
            "year_quarter": 20161,
            "year": 2016,
            "quarter": 1,
            "eps": 0.78,
            "eps_growth_year": null,
            "eps_4q": 3.42,
            "eps_4q_growth_year": null,
            "roe": 3.88,
            "roe_4q": 21.7,
            "gross_profit": 43963,
            "gross_margin": 57.66,
            "gross_margin_4q_avg": 57.78,
            "net_income": 16652,
            "net_income_4q": null,
            "revenue": 76246,
            "revenue_4q": null,
            "common_shares": 220352,
            "book_valuer_per_share": 19.43,
            "book_valuer_per_share_4q_avg": 17.82,
            "equity": 407841,
            "current_ratio": 640.77,
            "debt_ratio": 15.37,
            "inventory_turnover_ratio": 1.25,
            "account_receivable_turnover_ratio": 12.76,
            "reinvestment_rate": null,
            "research_to_sale_ratio": 6.51,
            "price_fair": 132.07,
            "eps_avg_yearly": 3.77,
            "eps_latest_yearly": 3.12,
            "eps_growth_yearly": 46.83
        },
        "20162": {
            "year_quarter": 20162,
            "year": 2016,
            "quarter": 2,
            "eps": 0.91,
            "eps_growth_year": 42.19,
            "eps_4q": 3.33,
            "eps_4q_growth_year": 438.74,
            "roe": 5.29,
            "roe_4q": 22.29,
            "gross_profit": 49782,
            "gross_margin": 58.82,
            "gross_margin_4q_avg": 58.16,
            "net_income": 21330,
            "net_income_4q": null,
            "revenue": 84638,
            "revenue_4q": null,
            "common_shares": 220352,
            "book_valuer_per_share": 19,
            "book_valuer_per_share_4q_avg": 18.47,
            "equity": 398816,
            "current_ratio": 536.2,
            "debt_ratio": 18.23,
            "inventory_turnover_ratio": 1.25,
            "account_receivable_turnover_ratio": 12.46,
            "reinvestment_rate": null,
            "research_to_sale_ratio": 9.8,
            "price_fair": 130.9,
            "eps_avg_yearly": 3.74,
            "eps_latest_yearly": 3.64,
            "eps_growth_yearly": 51.79
        },
        "20163": {
            "year_quarter": 20163,
            "year": 2016,
            "quarter": 3,
            "eps": 0.26,
            "eps_growth_year": -73.2,
            "eps_4q": 2.89,
            "eps_4q_growth_year": 80.44,
            "roe": 1.52,
            "roe_4q": 17.01,
            "gross_profit": 31223,
            "gross_margin": 55.56,
            "gross_margin_4q_avg": 57.66,
            "net_income": 6124,
            "net_income_4q": null,
            "revenue": 56195,
            "revenue_4q": null,
            "common_shares": 243697,
            "book_valuer_per_share": 17.36,
            "book_valuer_per_share_4q_avg": 19.14,
            "equity": 404940,
            "current_ratio": 1047.2,
            "debt_ratio": 9.22,
            "inventory_turnover_ratio": 0.83,
            "account_receivable_turnover_ratio": 7.38,
            "reinvestment_rate": null,
            "research_to_sale_ratio": 21.8,
            "price_fair": 9.6,
            "eps_avg_yearly": 3.2,
            "eps_latest_yearly": 1.04,
            "eps_growth_yearly": -15.71
        },
        "20164": {
            "year_quarter": 20164,
            "year": 2016,
            "quarter": 4,
            "eps": 0.53,
            "eps_growth_year": -50.72,
            "eps_4q": 2.46,
            "eps_4q_growth_year": -2.82,
            "roe": 3.07,
            "roe_4q": 13.759999999999998,
            "gross_profit": 29758,
            "gross_margin": 54.46,
            "gross_margin_4q_avg": 56.63,
            "net_income": 12127,
            "net_income_4q": null,
            "revenue": 54638,
            "revenue_4q": null,
            "common_shares": 243697,
            "book_valuer_per_share": 16.92,
            "book_valuer_per_share_4q_avg": 18.18,
            "equity": 386256,
            "current_ratio": 899.85,
            "debt_ratio": 10.75,
            "inventory_turnover_ratio": 0.8,
            "account_receivable_turnover_ratio": 6.86,
            "reinvestment_rate": null,
            "research_to_sale_ratio": 16.43,
            "price_fair": 105.7,
            "eps_avg_yearly": 3.02,
            "eps_latest_yearly": 2.12,
            "eps_growth_yearly": 56.14
        },
        "20171": {
            "year_quarter": 20171,
            "year": 2017,
            "quarter": 1,
            "eps": 0.55,
            "eps_growth_year": -29.49,
            "eps_4q": 2.3,
            "eps_4q_growth_year": -32.57,
            "roe": 3.24,
            "roe_4q": 13.120000000000001,
            "gross_profit": 31203,
            "gross_margin": 54.85,
            "gross_margin_4q_avg": 55.92,
            "net_income": 12428,
            "net_income_4q": null,
            "revenue": 56885,
            "revenue_4q": null,
            "common_shares": 243697,
            "book_valuer_per_share": 16.88,
            "book_valuer_per_share_4q_avg": 17.54,
            "equity": 380950,
            "current_ratio": 764.86,
            "debt_ratio": 12.48,
            "inventory_turnover_ratio": 0.71,
            "account_receivable_turnover_ratio": 7.15,
            "reinvestment_rate": null,
            "research_to_sale_ratio": 17.52,
            "price_fair": 101.6,
            "eps_avg_yearly": 2.9,
            "eps_latest_yearly": 2.2,
            "eps_growth_yearly": 50.28
        },
        "20172": {
            "year_quarter": 20172,
            "year": 2017,
            "quarter": 2,
            "eps": 0.77,
            "eps_growth_year": -15.38,
            "eps_4q": 1.75,
            "eps_4q_growth_year": -47.33,
            "roe": 5.34,
            "roe_4q": 13.17,
            "gross_profit": 40388,
            "gross_margin": 53.08,
            "gross_margin_4q_avg": 54.49,
            "net_income": 19998,
            "net_income_4q": null,
            "revenue": 76086,
            "revenue_4q": null,
            "common_shares": 243697,
            "book_valuer_per_share": 16.16,
            "book_valuer_per_share_4q_avg": 16.83,
            "equity": 368511,
            "current_ratio": 412.43,
            "debt_ratio": 42.93,
            "inventory_turnover_ratio": 0.92,
            "account_receivable_turnover_ratio": 8.47,
            "reinvestment_rate": null,
            "research_to_sale_ratio": 16.36,
            "price_fair": 102.38,
            "eps_avg_yearly": 2.93,
            "eps_latest_yearly": 3.08,
            "eps_growth_yearly": 63.99
        },
        "20173": {
            "year_quarter": 20173,
            "year": 2017,
            "quarter": 3,
            "eps": 0.62,
            "eps_growth_year": 138.46,
            "eps_4q": 2.17,
            "eps_4q_growth_year": -24.97,
            "roe": 4.61,
            "roe_4q": 16.259999999999998,
            "gross_profit": 30325,
            "gross_margin": 51.82,
            "gross_margin_4q_avg": 53.55,
            "net_income": 17375,
            "net_income_4q": null,
            "revenue": 58524,
            "revenue_4q": null,
            "common_shares": 300726,
            "book_valuer_per_share": 13.53,
            "book_valuer_per_share_4q_avg": 15.87,
            "equity": 385886,
            "current_ratio": 722,
            "debt_ratio": 37.28,
            "inventory_turnover_ratio": 0.68,
            "account_receivable_turnover_ratio": 7.33,
            "reinvestment_rate": null,
            "research_to_sale_ratio": 16.69,
            "price_fair": 100.64,
            "eps_avg_yearly": 2.88,
            "eps_latest_yearly": 2.48,
            "eps_growth_yearly": 48.22
        },
        "20174": {
            "year_quarter": 20174,
            "year": 2017,
            "quarter": 4,
            "eps": -0.47,
            "eps_growth_year": -188.3,
            "eps_4q": 1.28,
            "eps_4q_growth_year": -48.13,
            "roe": -3.53,
            "roe_4q": 9.66,
            "gross_profit": 24669,
            "gross_margin": 46.41,
            "gross_margin_4q_avg": 51.54,
            "net_income": -13374,
            "net_income_4q": null,
            "revenue": 53151,
            "revenue_4q": null,
            "common_shares": 300726,
            "book_valuer_per_share": 13.06,
            "book_valuer_per_share_4q_avg": 14.91,
            "equity": 372512,
            "current_ratio": 834.52,
            "debt_ratio": 36.96,
            "inventory_turnover_ratio": 0.6,
            "account_receivable_turnover_ratio": 6.97,
            "reinvestment_rate": null,
            "research_to_sale_ratio": 21.64,
            "price_fair": 100.64,
            "eps_avg_yearly": 2.88,
            "eps_latest_yearly": 2.48,
            "eps_growth_yearly": 48.22
        },
        "20181": {
            "year_quarter": 20181,
            "year": 2018,
            "quarter": 1,
            "eps": 0.5,
            "eps_growth_year": -9.09,
            "eps_4q": 1.34,
            "eps_4q_growth_year": -41.73,
            "roe": 3.76,
            "roe_4q": 10.18,
            "gross_profit": 25133,
            "gross_margin": 44.7,
            "gross_margin_4q_avg": 49,
            "net_income": 14287,
            "net_income_4q": null,
            "revenue": 56225,
            "revenue_4q": null,
            "common_shares": 300726,
            "book_valuer_per_share": 13.56,
            "book_valuer_per_share_4q_avg": 14.08,
            "equity": 386621,
            "current_ratio": 738.98,
            "debt_ratio": 36.95,
            "inventory_turnover_ratio": 0.58,
            "account_receivable_turnover_ratio": 8.35,
            "reinvestment_rate": null,
            "research_to_sale_ratio": 20.71,
            "price_fair": 100.64,
            "eps_avg_yearly": 2.88,
            "eps_latest_yearly": 2.48,
            "eps_growth_yearly": 48.22
        },
        "20182": {
            "year_quarter": 20182,
            "year": 2018,
            "quarter": 2,
            "eps": -0.33,
            "eps_growth_year": -142.86,
            "eps_4q": 0.24,
            "eps_4q_growth_year": -86.07,
            "roe": -2.74,
            "roe_4q": 2.1,
            "gross_profit": 13923,
            "gross_margin": 35,
            "gross_margin_4q_avg": 44.48,
            "net_income": -10429,
            "net_income_4q": null,
            "revenue": 39779,
            "revenue_4q": null,
            "common_shares": 300726,
            "book_valuer_per_share": 12.98,
            "book_valuer_per_share_4q_avg": 13.28,
            "equity": 374984,
            "current_ratio": 694.36,
            "debt_ratio": 37.9,
            "inventory_turnover_ratio": 0.45,
            "account_receivable_turnover_ratio": 8.99,
            "reinvestment_rate": 109.46,
            "research_to_sale_ratio": 26.15,
            "price_fair": 100.64,
            "eps_avg_yearly": 2.88,
            "eps_latest_yearly": 2.48,
            "eps_growth_yearly": 48.22
        },
        "20183": {
            "year_quarter": 20183,
            "year": 2018,
            "quarter": 3,
            "eps": -0.49,
            "eps_growth_year": -179.03,
            "eps_4q": -0.79,
            "eps_4q_growth_year": -136.48,
            "roe": -4.27,
            "roe_4q": -6.779999999999999,
            "gross_profit": 16944,
            "gross_margin": 35.16,
            "gross_margin_4q_avg": 40.32,
            "net_income": -15677,
            "net_income_4q": null,
            "revenue": 48193,
            "revenue_4q": null,
            "common_shares": 329942,
            "book_valuer_per_share": 11.3,
            "book_valuer_per_share_4q_avg": 12.73,
            "equity": 359342,
            "current_ratio": 281.38,
            "debt_ratio": 48.57,
            "inventory_turnover_ratio": 0.57,
            "account_receivable_turnover_ratio": 6.9,
            "reinvestment_rate": 127.35,
            "research_to_sale_ratio": 20,
            "price_fair": 100.64,
            "eps_avg_yearly": 2.88,
            "eps_latest_yearly": 2.48,
            "eps_growth_yearly": 48.22
        },
        "20184": {
            "year_quarter": 20184,
            "year": 2018,
            "quarter": 4,
            "eps": 0.4,
            "eps_growth_year": null,
            "eps_4q": 0.03,
            "eps_4q_growth_year": -97.72,
            "roe": 3.49,
            "roe_4q": 0.2400000000000002,
            "gross_profit": 22273,
            "gross_margin": 41.52,
            "gross_margin_4q_avg": 39.1,
            "net_income": 12744,
            "net_income_4q": null,
            "revenue": 53639,
            "revenue_4q": null,
            "common_shares": 329942,
            "book_valuer_per_share": 11.7,
            "book_valuer_per_share_4q_avg": 12.39,
            "equity": 371943,
            "current_ratio": 295.17,
            "debt_ratio": 47.09,
            "inventory_turnover_ratio": 0.59,
            "account_receivable_turnover_ratio": 6.63,
            "reinvestment_rate": 132.37,
            "research_to_sale_ratio": 24.95,
            "price_fair": 100.64,
            "eps_avg_yearly": 2.88,
            "eps_latest_yearly": 2.48,
            "eps_growth_yearly": 48.22
        },
        "20191": {
            "year_quarter": 20191,
            "year": 2019,
            "quarter": 1,
            "eps": 0.33,
            "eps_growth_year": -34,
            "eps_4q": -0.09,
            "eps_4q_growth_year": -106.47,
            "roe": 2.71,
            "roe_4q": -0.8099999999999996,
            "gross_profit": 23808,
            "gross_margin": 37.99,
            "gross_margin_4q_avg": 37.42,
            "net_income": 10562,
            "net_income_4q": null,
            "revenue": 62671,
            "revenue_4q": null,
            "common_shares": 329744,
            "book_valuer_per_share": 12.68,
            "book_valuer_per_share_4q_avg": 12.17,
            "equity": 408582,
            "current_ratio": 335.34,
            "debt_ratio": 43.91,
            "inventory_turnover_ratio": 0.78,
            "account_receivable_turnover_ratio": 8.94,
            "reinvestment_rate": 136.82,
            "research_to_sale_ratio": 17.93,
            "price_fair": 95.2,
            "eps_avg_yearly": 2.72,
            "eps_latest_yearly": 1.32,
            "eps_growth_yearly": 36.4
        },
        "20192": {
            "year_quarter": 20192,
            "year": 2019,
            "quarter": 2,
            "eps": -0.36,
            "eps_growth_year": null,
            "eps_4q": -0.13,
            "eps_4q_growth_year": -151.89,
            "roe": -3.03,
            "roe_4q": -1.0999999999999992,
            "gross_profit": 21060,
            "gross_margin": 36.89,
            "gross_margin_4q_avg": 37.89,
            "net_income": -11709,
            "net_income_4q": null,
            "revenue": 57094,
            "revenue_4q": null,
            "common_shares": 329744,
            "book_valuer_per_share": 11.33,
            "book_valuer_per_share_4q_avg": 11.75,
            "equity": 365062,
            "current_ratio": 302.65,
            "debt_ratio": 46.95,
            "inventory_turnover_ratio": 0.77,
            "account_receivable_turnover_ratio": 5.14,
            "reinvestment_rate": 160.54,
            "research_to_sale_ratio": 19.79,
            "price_fair": 95.2,
            "eps_avg_yearly": 2.72,
            "eps_latest_yearly": 1.32,
            "eps_growth_yearly": 36.4
        },
        "20193": {
            "year_quarter": 20193,
            "year": 2019,
            "quarter": 3,
            "eps": 0.17,
            "eps_growth_year": null,
            "eps_4q": 0.54,
            "eps_4q_growth_year": null,
            "roe": 1.56,
            "roe_4q": 4.73,
            "gross_profit": 22435,
            "gross_margin": 40.74,
            "gross_margin_4q_avg": 39.29,
            "net_income": 5730,
            "net_income_4q": null,
            "revenue": 55070,
            "revenue_4q": null,
            "common_shares": 329744,
            "book_valuer_per_share": 11.5,
            "book_valuer_per_share_4q_avg": 11.8,
            "equity": 370622,
            "current_ratio": 292.44,
            "debt_ratio": 47.06,
            "inventory_turnover_ratio": 0.62,
            "account_receivable_turnover_ratio": 4.95,
            "reinvestment_rate": 178.12,
            "research_to_sale_ratio": 22.29,
            "price_fair": 71.33,
            "eps_avg_yearly": 2.59,
            "eps_latest_yearly": 1.32,
            "eps_growth_yearly": 17.53
        },
        "20194": {
            "year_quarter": 20194,
            "year": 2019,
            "quarter": 4,
            "eps": -0.11,
            "eps_growth_year": -126.52,
            "eps_4q": 0.04,
            "eps_4q_growth_year": 31.49,
            "roe": -0.95,
            "roe_4q": 0.29000000000000004,
            "gross_profit": 37832,
            "gross_margin": 43.09,
            "gross_margin_4q_avg": 39.68,
            "net_income": -3370,
            "net_income_4q": null,
            "revenue": 87798,
            "revenue_4q": null,
            "common_shares": 329744,
            "book_valuer_per_share": 10.73,
            "book_valuer_per_share_4q_avg": 11.56,
            "equity": 340239,
            "current_ratio": 277.2,
            "debt_ratio": 48.56,
            "inventory_turnover_ratio": 0.87,
            "account_receivable_turnover_ratio": 9.9,
            "reinvestment_rate": 227.14,
            "research_to_sale_ratio": 13.75,
            "price_fair": 57.12,
            "eps_avg_yearly": 2.38,
            "eps_latest_yearly": 1.32,
            "eps_growth_yearly": 14.05
        },
        "20201": {
            "year_quarter": 20201,
            "year": 2020,
            "quarter": 1,
            "eps": -1.79,
            "eps_growth_year": -642.42,
            "eps_4q": -2.09,
            "eps_4q_growth_year": null,
            "roe": -18.18,
            "roe_4q": -20.6,
            "gross_profit": 18563,
            "gross_margin": 33.84,
            "gross_margin_4q_avg": 38.64,
            "net_income": -56904,
            "net_income_4q": null,
            "revenue": 54859,
            "revenue_4q": null,
            "common_shares": 329744,
            "book_valuer_per_share": 8.99,
            "book_valuer_per_share_4q_avg": 10.64,
            "equity": 285615,
            "current_ratio": 250.76,
            "debt_ratio": 52.77,
            "inventory_turnover_ratio": 0.48,
            "account_receivable_turnover_ratio": 5.33,
            "reinvestment_rate": 995.92,
            "research_to_sale_ratio": 19.6,
            "price_fair": 79.4,
            "eps_avg_yearly": 2.27,
            "eps_latest_yearly": 1.32,
            "eps_growth_yearly": 31.93
        },
        "20202": {
            "year_quarter": 20202,
            "year": 2020,
            "quarter": 2,
            "eps": 0.11,
            "eps_growth_year": null,
            "eps_4q": -1.6,
            "eps_4q_growth_year": null,
            "roe": 1.27,
            "roe_4q": -16.3,
            "gross_profit": 14759,
            "gross_margin": 17.31,
            "gross_margin_4q_avg": 33.75,
            "net_income": 3650,
            "net_income_4q": null,
            "revenue": 85283,
            "revenue_4q": null,
            "common_shares": 329744,
            "book_valuer_per_share": 9.1,
            "book_valuer_per_share_4q_avg": 10.08,
            "equity": 288945,
            "current_ratio": 224.98,
            "debt_ratio": 54.84,
            "inventory_turnover_ratio": 0.99,
            "account_receivable_turnover_ratio": 7.58,
            "reinvestment_rate": 5914.26,
            "research_to_sale_ratio": 14.29,
            "price_fair": 71.4,
            "eps_avg_yearly": 2.04,
            "eps_latest_yearly": 1.32,
            "eps_growth_yearly": 26.14
        },
        "20203": {
            "year_quarter": 20203,
            "year": 2020,
            "quarter": 3,
            "eps": -0.35,
            "eps_growth_year": -305.88,
            "eps_4q": -2.13,
            "eps_4q_growth_year": -495.84,
            "roe": -3.88,
            "roe_4q": -21.74,
            "gross_profit": 18054,
            "gross_margin": 39.35,
            "gross_margin_4q_avg": 33.4,
            "net_income": -10998,
            "net_income_4q": null,
            "revenue": 45880,
            "revenue_4q": null,
            "common_shares": 329744,
            "book_valuer_per_share": 8.74,
            "book_valuer_per_share_4q_avg": 9.39,
            "equity": 277619,
            "current_ratio": 265.18,
            "debt_ratio": 51.58,
            "inventory_turnover_ratio": 0.62,
            "account_receivable_turnover_ratio": 2.7,
            "reinvestment_rate": null,
            "research_to_sale_ratio": 26.29,
            "price_fair": 78.4,
            "eps_avg_yearly": 2.24,
            "eps_latest_yearly": 1.32,
            "eps_growth_yearly": 88.51
        },
        "20204": {
            "year_quarter": 20204,
            "year": 2020,
            "quarter": 4,
            "eps": -0.94,
            "eps_growth_year": null,
            "eps_4q": -2.96,
            "eps_4q_growth_year": -7847.8,
            "roe": -11.26,
            "roe_4q": -32.05,
            "gross_profit": 18038,
            "gross_margin": 32.87,
            "gross_margin_4q_avg": 30.84,
            "net_income": -29869,
            "net_income_4q": null,
            "revenue": 54880,
            "revenue_4q": null,
            "common_shares": 329744,
            "book_valuer_per_share": 7.96,
            "book_valuer_per_share_4q_avg": 8.7,
            "equity": 252910,
            "current_ratio": 601.22,
            "debt_ratio": 53.34,
            "inventory_turnover_ratio": 1.02,
            "account_receivable_turnover_ratio": 2.75,
            "reinvestment_rate": null,
            "research_to_sale_ratio": 27.63,
            "price_fair": 38.12,
            "eps_avg_yearly": 2.27,
            "eps_latest_yearly": 1.32,
            "eps_growth_yearly": 6.79
        },
        "20211": {
            "year_quarter": 20211,
            "year": 2021,
            "quarter": 1,
            "eps": -0.49,
            "eps_growth_year": null,
            "eps_4q": -1.66,
            "eps_4q_growth_year": null,
            "roe": -6.3,
            "roe_4q": -20.169999999999998,
            "gross_profit": 16620,
            "gross_margin": 41.59,
            "gross_margin_4q_avg": 32.78,
            "net_income": -15455,
            "net_income_4q": null,
            "revenue": 39962,
            "revenue_4q": null,
            "common_shares": 329744,
            "book_valuer_per_share": 7.48,
            "book_valuer_per_share_4q_avg": 8.32,
            "equity": 237542,
            "current_ratio": 432.8,
            "debt_ratio": 56.65,
            "inventory_turnover_ratio": 0.71,
            "account_receivable_turnover_ratio": 3.25,
            "reinvestment_rate": null,
            "research_to_sale_ratio": 32.97,
            "price_fair": 32.17,
            "eps_avg_yearly": 2.29,
            "eps_latest_yearly": 1.32,
            "eps_growth_yearly": 4.03
        },
        "20212": {
            "year_quarter": 20212,
            "year": 2021,
            "quarter": 2,
            "eps": -0.37,
            "eps_growth_year": -436.36,
            "eps_4q": -1.94,
            "eps_4q_growth_year": null,
            "roe": -4.71,
            "roe_4q": -26.15,
            "gross_profit": 21311,
            "gross_margin": 38.15,
            "gross_margin_4q_avg": 37.99,
            "net_income": -11705,
            "net_income_4q": null,
            "revenue": 55860,
            "revenue_4q": null,
            "common_shares": 329744,
            "book_valuer_per_share": 7.56,
            "book_valuer_per_share_4q_avg": 7.94,
            "equity": 258992,
            "current_ratio": 762.92,
            "debt_ratio": 51.94,
            "inventory_turnover_ratio": 0.92,
            "account_receivable_turnover_ratio": 7.97,
            "reinvestment_rate": null,
            "research_to_sale_ratio": 19.72,
            "price_fair": 5.7,
            "eps_avg_yearly": 1.9,
            "eps_latest_yearly": 1.32,
            "eps_growth_yearly": -73.96
        },
        "20213": {
            "year_quarter": 20213,
            "year": 2021,
            "quarter": 3,
            "eps": 0.25,
            "eps_growth_year": null,
            "eps_4q": -1.18,
            "eps_4q_growth_year": null,
            "roe": 2.52,
            "roe_4q": -19.75,
            "gross_profit": 15914,
            "gross_margin": 36.79,
            "gross_margin_4q_avg": 37.35,
            "net_income": 7905,
            "net_income_4q": null,
            "revenue": 43260,
            "revenue_4q": null,
            "common_shares": 429744,
            "book_valuer_per_share": 8.82,
            "book_valuer_per_share_4q_avg": 7.96,
            "equity": 368541,
            "current_ratio": 706.99,
            "debt_ratio": 45.27,
            "inventory_turnover_ratio": 0.39,
            "account_receivable_turnover_ratio": 4.31,
            "reinvestment_rate": null,
            "research_to_sale_ratio": 23.57,
            "price_fair": 3.96,
            "eps_avg_yearly": 1.32,
            "eps_latest_yearly": 1.32,
            "eps_growth_yearly": -70
        },
        "20214": {
            "year_quarter": 20214,
            "year": 2021,
            "quarter": 4,
            "eps": -0.9,
            "eps_growth_year": null,
            "eps_4q": -1.5,
            "eps_4q_growth_year": null,
            "roe": -8.1,
            "roe_4q": -16.59,
            "gross_profit": 18921,
            "gross_margin": 27.1,
            "gross_margin_4q_avg": 35.91,
            "net_income": -28683,
            "net_income_4q": null,
            "revenue": 69825,
            "revenue_4q": null,
            "common_shares": 328264,
            "book_valuer_per_share": 10.65,
            "book_valuer_per_share_4q_avg": 8.63,
            "equity": 339790,
            "current_ratio": 132.22,
            "debt_ratio": 48.48,
            "inventory_turnover_ratio": 0.48,
            "account_receivable_turnover_ratio": 4.11,
            "reinvestment_rate": null,
            "research_to_sale_ratio": 21.59,
            "price_fair": 3.96,
            "eps_avg_yearly": 1.32,
            "eps_latest_yearly": 1.32,
            "eps_growth_yearly": -70
        },
        "20221": {
            "year_quarter": 20221,
            "year": 2022,
            "quarter": 1,
            "eps": -0.64,
            "eps_growth_year": null,
            "eps_4q": -1.66,
            "eps_4q_growth_year": null,
            "roe": -6.16,
            "roe_4q": -16.45,
            "gross_profit": 11388,
            "gross_margin": 19.6,
            "gross_margin_4q_avg": 30.41,
            "net_income": -20315,
            "net_income_4q": null,
            "revenue": 58096,
            "revenue_4q": null,
            "common_shares": 322817,
            "book_valuer_per_share": 10.01,
            "book_valuer_per_share_4q_avg": 9.26,
            "equity": 319447,
            "current_ratio": 128.6,
            "debt_ratio": 47.33,
            "inventory_turnover_ratio": 0.37,
            "account_receivable_turnover_ratio": 3.57,
            "reinvestment_rate": null,
            "research_to_sale_ratio": 18.03,
            "price_fair": 3.96,
            "eps_avg_yearly": 1.32,
            "eps_latest_yearly": 1.32,
            "eps_growth_yearly": -70
        },
        "20222": {
            "year_quarter": 20222,
            "year": 2022,
            "quarter": 2,
            "eps": -0.79,
            "eps_growth_year": null,
            "eps_4q": -2.07,
            "eps_4q_growth_year": null,
            "roe": -8.16,
            "roe_4q": -19.900000000000002,
            "gross_profit": 12466,
            "gross_margin": 24.88,
            "gross_margin_4q_avg": 27.09,
            "net_income": -25063,
            "net_income_4q": null,
            "revenue": 50102,
            "revenue_4q": null,
            "common_shares": 322817,
            "book_valuer_per_share": 9.23,
            "book_valuer_per_share_4q_avg": 9.68,
            "equity": 294561,
            "current_ratio": 119.03,
            "debt_ratio": 50.05,
            "inventory_turnover_ratio": 0.24,
            "account_receivable_turnover_ratio": 3.24,
            "reinvestment_rate": null,
            "research_to_sale_ratio": 22.81,
            "price_fair": 3.96,
            "eps_avg_yearly": 1.32,
            "eps_latest_yearly": 1.32,
            "eps_growth_yearly": -70
        },
        "20223": {
            "year_quarter": 20223,
            "year": 2022,
            "quarter": 3,
            "eps": -0.6,
            "eps_growth_year": -340,
            "eps_4q": -2.92,
            "eps_4q_growth_year": null,
            "roe": -6.72,
            "roe_4q": -29.14,
            "gross_profit": 13843,
            "gross_margin": 27.56,
            "gross_margin_4q_avg": 24.79,
            "net_income": -19157,
            "net_income_4q": null,
            "revenue": 50226,
            "revenue_4q": null,
            "common_shares": 322817,
            "book_valuer_per_share": 8.64,
            "book_valuer_per_share_4q_avg": 9.63,
            "equity": 275750,
            "current_ratio": 112.73,
            "debt_ratio": 50.2,
            "inventory_turnover_ratio": 0.22,
            "account_receivable_turnover_ratio": 3.55,
            "reinvestment_rate": null,
            "research_to_sale_ratio": 23.15,
            "price_fair": 3.96,
            "eps_avg_yearly": 1.32,
            "eps_latest_yearly": 1.32,
            "eps_growth_yearly": -70
        },
        "20224": {
            "year_quarter": 20224,
            "year": 2022,
            "quarter": 4,
            "eps": -0.83,
            "eps_growth_year": null,
            "eps_4q": -2.85,
            "eps_4q_growth_year": null,
            "roe": -10.03,
            "roe_4q": -31.07,
            "gross_profit": 10023,
            "gross_margin": 31,
            "gross_margin_4q_avg": 25.76,
            "net_income": -26322,
            "net_income_4q": null,
            "revenue": 32335,
            "revenue_4q": null,
            "common_shares": 322817,
            "book_valuer_per_share": 7.81,
            "book_valuer_per_share_4q_avg": 8.92,
            "equity": 249203,
            "current_ratio": 275.49,
            "debt_ratio": 54.4,
            "inventory_turnover_ratio": 0.14,
            "account_receivable_turnover_ratio": 2.66,
            "reinvestment_rate": null,
            "research_to_sale_ratio": 27.95,
            "price_fair": 3.96,
            "eps_avg_yearly": 1.32,
            "eps_latest_yearly": 1.32,
            "eps_growth_yearly": -70
        },
        "20231": {
            "year_quarter": 20231,
            "year": 2023,
            "quarter": 1,
            "eps": -0.23,
            "eps_growth_year": null,
            "eps_4q": -2.44,
            "eps_4q_growth_year": null,
            "roe": -3,
            "roe_4q": -27.91,
            "gross_profit": 25560,
            "gross_margin": 32.31,
            "gross_margin_4q_avg": 28.94,
            "net_income": -7360,
            "net_income_4q": null,
            "revenue": 79105,
            "revenue_4q": null,
            "common_shares": 322817,
            "book_valuer_per_share": 7.57,
            "book_valuer_per_share_4q_avg": 8.31,
            "equity": 241533,
            "current_ratio": 244.91,
            "debt_ratio": 56.21,
            "inventory_turnover_ratio": 0.35,
            "account_receivable_turnover_ratio": 2.38,
            "reinvestment_rate": null,
            "research_to_sale_ratio": 14.95,
            "price_fair": 0,
            "eps_avg_yearly": 0,
            "eps_latest_yearly": 0,
            "eps_growth_yearly": 0
        },
        "20232": {
            "year_quarter": 20232,
            "year": 2023,
            "quarter": 2,
            "eps": -0.6,
            "eps_growth_year": null,
            "eps_4q": -2.25,
            "eps_4q_growth_year": null,
            "roe": -8.23,
            "roe_4q": -27.979999999999997,
            "gross_profit": 11001,
            "gross_margin": 25.59,
            "gross_margin_4q_avg": 29.12,
            "net_income": -19091,
            "net_income_4q": null,
            "revenue": 42982,
            "revenue_4q": null,
            "common_shares": 322817,
            "book_valuer_per_share": 6.97,
            "book_valuer_per_share_4q_avg": 7.75,
            "equity": 222491,
            "current_ratio": 243.66,
            "debt_ratio": 56.88,
            "inventory_turnover_ratio": 0.22,
            "account_receivable_turnover_ratio": 0.99,
            "reinvestment_rate": null,
            "research_to_sale_ratio": 30.56,
            "price_fair": 0,
            "eps_avg_yearly": 0,
            "eps_latest_yearly": 0,
            "eps_growth_yearly": 0
        },
        "20233": {
            "year_quarter": 20233,
            "year": 2023,
            "quarter": 3,
            "eps": -0.44,
            "eps_growth_year": null,
            "eps_4q": -2.09,
            "eps_4q_growth_year": null,
            "roe": -6.5,
            "roe_4q": -27.759999999999998,
            "gross_profit": 18721,
            "gross_margin": 31.22,
            "gross_margin_4q_avg": 30.03,
            "net_income": -14001,
            "net_income_4q": null,
            "revenue": 59969,
            "revenue_4q": null,
            "common_shares": 322817,
            "book_valuer_per_share": 6.53,
            "book_valuer_per_share_4q_avg": 7.22,
            "equity": 208155,
            "current_ratio": 212.29,
            "debt_ratio": 59.52,
            "inventory_turnover_ratio": 0.32,
            "account_receivable_turnover_ratio": 1.45,
            "reinvestment_rate": null,
            "research_to_sale_ratio": 21.02,
            "price_fair": 0,
            "eps_avg_yearly": 0,
            "eps_latest_yearly": 0,
            "eps_growth_yearly": 0
        }
    },
    "months": {
        "2014-07": {
            "month": "2014-07",
            "price": "73.45",
            "revenue": 23016
        },
        "2014-08": {
            "month": "2014-08",
            "price": "70.82",
            "revenue": 16379
        },
        "2014-09": {
            "month": "2014-09",
            "price": "66.50",
            "revenue": 24052
        },
        "2014-10": {
            "month": "2014-10",
            "price": "67.82",
            "revenue": 31313
        },
        "2014-11": {
            "month": "2014-11",
            "price": "74.51",
            "revenue": 18141
        },
        "2014-12": {
            "month": "2014-12",
            "price": "72.09",
            "revenue": 25355
        },
        "2015-01": {
            "month": "2015-01",
            "price": "71.09",
            "revenue": 29469
        },
        "2015-02": {
            "month": "2015-02",
            "price": "70.56",
            "revenue": 19738
        },
        "2015-03": {
            "month": "2015-03",
            "price": "71.45",
            "revenue": 20901
        },
        "2015-04": {
            "month": "2015-04",
            "price": "69.38",
            "revenue": 28714
        },
        "2015-05": {
            "month": "2015-05",
            "price": "69.93",
            "revenue": 18729
        },
        "2015-06": {
            "month": "2015-06",
            "price": "69.63",
            "revenue": 20744
        },
        "2015-07": {
            "month": "2015-07",
            "price": "66.04",
            "revenue": 23319
        },
        "2015-08": {
            "month": "2015-08",
            "price": "61.12",
            "revenue": 22129
        },
        "2015-09": {
            "month": "2015-09",
            "price": "64.06",
            "revenue": 29885
        },
        "2015-10": {
            "month": "2015-10",
            "price": "77.85",
            "revenue": 36619
        },
        "2015-11": {
            "month": "2015-11",
            "price": "87.16",
            "revenue": 21183
        },
        "2015-12": {
            "month": "2015-12",
            "price": "77.50",
            "revenue": 26412
        },
        "2016-01": {
            "month": "2016-01",
            "price": "70.17",
            "revenue": 26713
        },
        "2016-02": {
            "month": "2016-02",
            "price": "80.55",
            "revenue": 22472
        },
        "2016-03": {
            "month": "2016-03",
            "price": "79.78",
            "revenue": 27061
        },
        "2016-04": {
            "month": "2016-04",
            "price": "76.86",
            "revenue": 25902
        },
        "2016-05": {
            "month": "2016-05",
            "price": "74.48",
            "revenue": 25033
        },
        "2016-06": {
            "month": "2016-06",
            "price": "73.15",
            "revenue": 34157
        },
        "2016-07": {
            "month": "2016-07",
            "price": "72.16",
            "revenue": 23306
        },
        "2016-08": {
            "month": "2016-08",
            "price": "67.11",
            "revenue": 17384
        },
        "2016-09": {
            "month": "2016-09",
            "price": "60.33",
            "revenue": 15504
        },
        "2016-10": {
            "month": "2016-10",
            "price": "58.92",
            "revenue": 17081
        },
        "2016-11": {
            "month": "2016-11",
            "price": "58.97",
            "revenue": 19722
        },
        "2016-12": {
            "month": "2016-12",
            "price": "62.54",
            "revenue": 17836
        },
        "2017-01": {
            "month": "2017-01",
            "price": "66.56",
            "revenue": 19393
        },
        "2017-02": {
            "month": "2017-02",
            "price": "67.45",
            "revenue": 18403
        },
        "2017-03": {
            "month": "2017-03",
            "price": "69.95",
            "revenue": 19089
        },
        "2017-04": {
            "month": "2017-04",
            "price": "68.43",
            "revenue": 24507
        },
        "2017-05": {
            "month": "2017-05",
            "price": "68.99",
            "revenue": 18825
        },
        "2017-06": {
            "month": "2017-06",
            "price": "74.05",
            "revenue": 32754
        },
        "2017-07": {
            "month": "2017-07",
            "price": "74.19",
            "revenue": 22989
        },
        "2017-08": {
            "month": "2017-08",
            "price": "78.48",
            "revenue": 16967
        },
        "2017-09": {
            "month": "2017-09",
            "price": "74.58",
            "revenue": 18568
        },
        "2017-10": {
            "month": "2017-10",
            "price": "72.22",
            "revenue": 24449
        },
        "2017-11": {
            "month": "2017-11",
            "price": "72.09",
            "revenue": 20474
        },
        "2017-12": {
            "month": "2017-12",
            "price": "67.16",
            "revenue": 8228
        },
        "2018-01": {
            "month": "2018-01",
            "price": "65.09",
            "revenue": 20824
        },
        "2018-02": {
            "month": "2018-02",
            "price": "65.55",
            "revenue": 16274
        },
        "2018-03": {
            "month": "2018-03",
            "price": "64.66",
            "revenue": 19127
        },
        "2018-04": {
            "month": "2018-04",
            "price": "62.14",
            "revenue": 12961
        },
        "2018-05": {
            "month": "2018-05",
            "price": "61.50",
            "revenue": 14090
        },
        "2018-06": {
            "month": "2018-06",
            "price": "59.97",
            "revenue": 12728
        },
        "2018-07": {
            "month": "2018-07",
            "price": "58.45",
            "revenue": 19033
        },
        "2018-08": {
            "month": "2018-08",
            "price": "54.56",
            "revenue": 12026
        },
        "2018-09": {
            "month": "2018-09",
            "price": "48.26",
            "revenue": 17134
        },
        "2018-10": {
            "month": "2018-10",
            "price": "47.98",
            "revenue": 22586
        },
        "2018-11": {
            "month": "2018-11",
            "price": "46.72",
            "revenue": 18213
        },
        "2018-12": {
            "month": "2018-12",
            "price": "48.86",
            "revenue": 12841
        },
        "2019-01": {
            "month": "2019-01",
            "price": "48.76",
            "revenue": 21397
        },
        "2019-02": {
            "month": "2019-02",
            "price": "59.12",
            "revenue": 13390
        },
        "2019-03": {
            "month": "2019-03",
            "price": "63.84",
            "revenue": 27883
        },
        "2019-04": {
            "month": "2019-04",
            "price": "63.38",
            "revenue": 22209
        },
        "2019-05": {
            "month": "2019-05",
            "price": "60.84",
            "revenue": 20688
        },
        "2019-06": {
            "month": "2019-06",
            "price": "59.46",
            "revenue": 14198
        },
        "2019-07": {
            "month": "2019-07",
            "price": "58.16",
            "revenue": 20860
        },
        "2019-08": {
            "month": "2019-08",
            "price": "56.11",
            "revenue": 22214
        },
        "2019-09": {
            "month": "2019-09",
            "price": "51.21",
            "revenue": 11995
        },
        "2019-10": {
            "month": "2019-10",
            "price": "48.18",
            "revenue": 28614
        },
        "2019-11": {
            "month": "2019-11",
            "price": "51.21",
            "revenue": 17746
        },
        "2019-12": {
            "month": "2019-12",
            "price": "50.75",
            "revenue": 41439
        },
        "2020-01": {
            "month": "2020-01",
            "price": "49.99",
            "revenue": 16115
        },
        "2020-02": {
            "month": "2020-02",
            "price": "46.46",
            "revenue": 19645
        },
        "2020-03": {
            "month": "2020-03",
            "price": "44.08",
            "revenue": 19099
        },
        "2020-04": {
            "month": "2020-04",
            "price": "40.17",
            "revenue": 33375
        },
        "2020-05": {
            "month": "2020-05",
            "price": "38.21",
            "revenue": 36416
        },
        "2020-06": {
            "month": "2020-06",
            "price": "37.91",
            "revenue": 15492
        },
        "2020-07": {
            "month": "2020-07",
            "price": "35.07",
            "revenue": 15970
        },
        "2020-08": {
            "month": "2020-08",
            "price": "32.65",
            "revenue": 15086
        },
        "2020-09": {
            "month": "2020-09",
            "price": "32.98",
            "revenue": 14824
        },
        "2020-10": {
            "month": "2020-10",
            "price": "31.32",
            "revenue": 21026
        },
        "2020-11": {
            "month": "2020-11",
            "price": "31.89",
            "revenue": 20942
        },
        "2020-12": {
            "month": "2020-12",
            "price": "36.04",
            "revenue": 12911
        },
        "2021-01": {
            "month": "2021-01",
            "price": "32.40",
            "revenue": 13471
        },
        "2021-02": {
            "month": "2021-02",
            "price": "30.56",
            "revenue": 12405
        },
        "2021-03": {
            "month": "2021-03",
            "price": "28.26",
            "revenue": 14087
        },
        "2021-04": {
            "month": "2021-04",
            "price": "27.66",
            "revenue": 15153
        },
        "2021-05": {
            "month": "2021-05",
            "price": "19.14",
            "revenue": 17013
        },
        "2021-06": {
            "month": "2021-06",
            "price": "18.22",
            "revenue": 23694
        },
        "2021-07": {
            "month": "2021-07",
            "price": "23.94",
            "revenue": 11231
        },
        "2021-08": {
            "month": "2021-08",
            "price": "19.52",
            "revenue": 13010
        },
        "2021-09": {
            "month": "2021-09",
            "price": "18.35",
            "revenue": 19019
        },
        "2021-10": {
            "month": "2021-10",
            "price": "16.97",
            "revenue": 16401
        },
        "2021-11": {
            "month": "2021-11",
            "price": "20.23",
            "revenue": 18219
        },
        "2021-12": {
            "month": "2021-12",
            "price": "28.89",
            "revenue": 35206
        },
        "2022-01": {
            "month": "2022-01",
            "price": "29.14",
            "revenue": 25713
        },
        "2022-02": {
            "month": "2022-02",
            "price": "30.99",
            "revenue": 17964
        },
        "2022-03": {
            "month": "2022-03",
            "price": "25.93",
            "revenue": 14418
        },
        "2022-04": {
            "month": "2022-04",
            "price": "22.64",
            "revenue": 20194
        },
        "2022-05": {
            "month": "2022-05",
            "price": "20.84",
            "revenue": 16006
        },
        "2022-06": {
            "month": "2022-06",
            "price": "20.12",
            "revenue": 13903
        },
        "2022-07": {
            "month": "2022-07",
            "price": "17.98",
            "revenue": 21153
        },
        "2022-08": {
            "month": "2022-08",
            "price": "22.46",
            "revenue": 16840
        },
        "2022-09": {
            "month": "2022-09",
            "price": "20.77",
            "revenue": 12233
        },
        "2022-10": {
            "month": "2022-10",
            "price": "17.19",
            "revenue": 8844
        },
        "2022-11": {
            "month": "2022-11",
            "price": "17.30",
            "revenue": 14457
        },
        "2022-12": {
            "month": "2022-12",
            "price": "17.35",
            "revenue": 9033
        },
        "2023-01": {
            "month": "2023-01",
            "price": "17.16",
            "revenue": 21680
        },
        "2023-02": {
            "month": "2023-02",
            "price": "17.72",
            "revenue": 19563
        },
        "2023-03": {
            "month": "2023-03",
            "price": "18.17",
            "revenue": 40089
        },
        "2023-04": {
            "month": "2023-04",
            "price": "22.73",
            "revenue": 20157
        },
        "2023-05": {
            "month": "2023-05",
            "price": "21.90",
            "revenue": 13771
        },
        "2023-06": {
            "month": "2023-06",
            "price": "21.61",
            "revenue": 9055
        },
        "2023-07": {
            "month": "2023-07",
            "price": "20.07",
            "revenue": 14235
        },
        "2023-08": {
            "month": "2023-08",
            "price": "18.70",
            "revenue": 26106
        },
        "2023-09": {
            "month": "2023-09",
            "price": "19.00",
            "revenue": 19629
        },
        "2023-10": {
            "month": "2023-10",
            "price": "18.90",
            "revenue": 16874
        },
        "2023-11": {
            "month": "2023-11",
            "price": "18.35",
            "revenue": 18305
        },
        "2023-12": {
            "month": "2023-12",
            "price": "19.70",
            "revenue": 24365
        }
    }
}
