{
    "summary": {
        "stock_name": "大樹",
        "stock_id": "6469",
        "category": "生技醫療",
        "main_business": "銷售各式藥品、保健食品、婦嬰用品、化妝品之連鎖通路",
        "website_url": "http://www.greattree.com.tw",
        "ceo": "鄭明龍",
        "pe_ratio": 51,
        "report_year_from": 2012,
        "report_year_to": 2023,
        "age": 12,
        "eps_negative_percentage": 0,
        "eps_growth_avg": {
            "last_all": 12.55,
            "last_2y": 22.72,
            "last_4y": 19.15,
            "last_8y": null,
            "last_12y": null,
            "last_16y": null,
            "last_20y": null,
            "at_2006_last_3y": null,
            "at_2007_last_3y": null,
            "at_2008_last_3y": null,
            "at_2009_last_3y": null,
            "at_2010_last_3y": null,
            "at_2011_last_3y": null,
            "at_2012_last_3y": null,
            "at_2013_last_3y": null,
            "at_2014_last_3y": null,
            "at_2015_last_3y": null,
            "at_2016_last_3y": null,
            "at_2017_last_3y": null,
            "at_2018_last_3y": null,
            "at_2019_last_3y": 3.46,
            "at_2020_last_3y": 3.33,
            "at_2021_last_3y": 19.9,
            "at_2022_last_3y": 28.59,
            "at_2023_last_3y": 21.63,
            "at_2024_last_3y": 21.63,
            "at_2006_last_all": null,
            "at_2007_last_all": null,
            "at_2008_last_all": null,
            "at_2009_last_all": null,
            "at_2010_last_all": null,
            "at_2011_last_all": null,
            "at_2012_last_all": null,
            "at_2013_last_all": null,
            "at_2014_last_all": null,
            "at_2015_last_all": null,
            "at_2016_last_all": null,
            "at_2017_last_all": 8.08,
            "at_2018_last_all": 1.53,
            "at_2019_last_all": 3.46,
            "at_2020_last_all": 6.44,
            "at_2021_last_all": 15.96,
            "at_2022_last_all": 16.99,
            "at_2023_last_all": 12.55,
            "at_2024_last_all": 12.55
        },
        "latest_eps": 5.92,
        "latest_price": 299.5,
        "latest_roe": 22.31,
        "latest_gross_margin": 28.54,
        "latest_equity": 3351303,
        "latest_revenue": 4201095,
        "latest_gross_profit": 1198893,
        "latest_net_income": 178905,
        "latest_debt_ratio": 68.89,
        "latest_current_ratio": 179.67,
        "latest_account_receivable_turnover_ratio": 6.61,
        "latest_inventory_turnover_ratio": 1.08,
        "latest_reinvestment_rate": 16.25,
        "latest_research_to_sale_ratio": null
    },
    "eps_dividends": {
        "2001": {
            "cash": 0,
            "stock": 0,
            "eps": 0
        },
        "2002": {
            "cash": 0,
            "stock": 0,
            "eps": 0
        },
        "2003": {
            "cash": 0,
            "stock": 0,
            "eps": 0
        },
        "2004": {
            "cash": 0,
            "stock": 0,
            "eps": 0
        },
        "2005": {
            "cash": 0,
            "stock": 0,
            "eps": 0
        },
        "2006": {
            "cash": 0,
            "stock": 0,
            "eps": 0
        },
        "2007": {
            "cash": 0,
            "stock": 0,
            "eps": 0
        },
        "2008": {
            "cash": 0,
            "stock": 0,
            "eps": 0
        },
        "2009": {
            "cash": 0,
            "stock": 0,
            "eps": 0
        },
        "2010": {
            "cash": 0,
            "stock": 0,
            "eps": 0
        },
        "2011": {
            "cash": 0,
            "stock": 0,
            "eps": 0
        },
        "2012": {
            "cash": 0,
            "stock": 0,
            "eps": 0
        },
        "2013": {
            "cash": 0,
            "stock": 0,
            "eps": 0
        },
        "2014": {
            "cash": 0,
            "stock": 0,
            "eps": 0
        },
        "2015": {
            "cash": 1,
            "stock": 1,
            "eps": 3.07
        },
        "2016": {
            "cash": 2.19,
            "stock": 0.55,
            "eps": 3.65
        },
        "2017": {
            "cash": 1.3,
            "stock": 1.5,
            "eps": 3.55
        },
        "2018": {
            "cash": 1.8,
            "stock": 1,
            "eps": 3.14
        },
        "2019": {
            "cash": 1.3,
            "stock": 1.3,
            "eps": 3.43
        },
        "2020": {
            "cash": 1,
            "stock": 1.8,
            "eps": 4.06
        },
        "2021": {
            "cash": 1,
            "stock": 3,
            "eps": 6.64
        },
        "2022": {
            "cash": 2.57,
            "stock": 2.57,
            "eps": 8.18
        },
        "2023": {
            "cash": 4.7,
            "stock": 2.3,
            "eps": 6.66
        },
        "2024": {
            "cash": 3.6,
            "stock": 1.7,
            "eps": 0
        }
    },
    "dividends": {
        "2015-07-31": {
            "cash": 1,
            "stock": 1
        },
        "2016-08-12": {
            "cash": 2.19,
            "stock": 0.55
        },
        "2017-09-30": {
            "cash": 1.3,
            "stock": 1.5
        },
        "2018-10-09": {
            "cash": 1.8,
            "stock": 1
        },
        "2019-08-16": {
            "cash": 1.3,
            "stock": 1.3
        },
        "2020-08-12": {
            "cash": 1,
            "stock": 1.8
        },
        "2021-08-13": {
            "cash": 1,
            "stock": 3
        },
        "2022-07-21": {
            "cash": 2.57,
            "stock": 2.57
        },
        "2023-07-28": {
            "cash": 4.7,
            "stock": 2.3
        },
        "2024-02-27": {
            "cash": 3.6,
            "stock": 1.7
        }
    },
    "prices": {
        "200101": "無",
        "200102": "無",
        "200103": "無",
        "200104": "無",
        "200105": "無",
        "200106": "無",
        "200107": "無",
        "200108": "無",
        "200109": "無",
        "200110": "無",
        "200111": "無",
        "200112": "無",
        "200201": "無",
        "200202": "無",
        "200203": "無",
        "200204": "無",
        "200205": "無",
        "200206": "無",
        "200207": "無",
        "200208": "無",
        "200209": "無",
        "200210": "無",
        "200211": "無",
        "200212": "無",
        "200301": "無",
        "200302": "無",
        "200303": "無",
        "200304": "無",
        "200305": "無",
        "200306": "無",
        "200307": "無",
        "200308": "無",
        "200309": "無",
        "200310": "無",
        "200311": "無",
        "200312": "無",
        "200401": "無",
        "200402": "無",
        "200403": "無",
        "200404": "無",
        "200405": "無",
        "200406": "無",
        "200407": "無",
        "200408": "無",
        "200409": "無",
        "200410": "無",
        "200411": "無",
        "200412": "無",
        "200501": "無",
        "200502": "無",
        "200503": "無",
        "200504": "無",
        "200505": "無",
        "200506": "無",
        "200507": "無",
        "200508": "無",
        "200509": "無",
        "200510": "無",
        "200511": "無",
        "200512": "無",
        "200601": "無",
        "200602": "無",
        "200603": "無",
        "200604": "無",
        "200605": "無",
        "200606": "無",
        "200607": "無",
        "200608": "無",
        "200609": "無",
        "200610": "無",
        "200611": "無",
        "200612": "無",
        "200701": "無",
        "200702": "無",
        "200703": "無",
        "200704": "無",
        "200705": "無",
        "200706": "無",
        "200707": "無",
        "200708": "無",
        "200709": "無",
        "200710": "無",
        "200711": "無",
        "200712": "無",
        "200801": "無",
        "200802": "無",
        "200803": "無",
        "200804": "無",
        "200805": "無",
        "200806": "無",
        "200807": "無",
        "200808": "無",
        "200809": "無",
        "200810": "無",
        "200811": "無",
        "200812": "無",
        "200901": "無",
        "200902": "無",
        "200903": "無",
        "200904": "無",
        "200905": "無",
        "200906": "無",
        "200907": "無",
        "200908": "無",
        "200909": "無",
        "200910": "無",
        "200911": "無",
        "200912": "無",
        "201001": "無",
        "201002": "無",
        "201003": "無",
        "201004": "無",
        "201005": "無",
        "201006": "無",
        "201007": "無",
        "201008": "無",
        "201009": "無",
        "201010": "無",
        "201011": "無",
        "201012": "無",
        "201101": "無",
        "201102": "無",
        "201103": "無",
        "201104": "無",
        "201105": "無",
        "201106": "無",
        "201107": "無",
        "201108": "無",
        "201109": "無",
        "201110": "無",
        "201111": "無",
        "201112": "無",
        "201201": "無",
        "201202": "無",
        "201203": "無",
        "201204": "無",
        "201205": "無",
        "201206": "無",
        "201207": "無",
        "201208": "無",
        "201209": "無",
        "201210": "無",
        "201211": "無",
        "201212": "無",
        "201301": "無",
        "201302": "無",
        "201303": "無",
        "201304": "無",
        "201305": "無",
        "201306": "無",
        "201307": "無",
        "201308": "無",
        "201309": "無",
        "201310": "無",
        "201311": "無",
        "201312": "無",
        "201401": "無",
        "201402": "無",
        "201403": "無",
        "201404": "無",
        "201405": "無",
        "201406": "無",
        "201407": "無",
        "201408": "無",
        "201409": "無",
        "201410": "無",
        "201411": "無",
        "201412": "75.11",
        "201501": "82.92",
        "201502": "84.38",
        "201503": "83.93",
        "201504": "100.37",
        "201505": "105.57",
        "201506": "110.77",
        "201507": "105.77",
        "201508": "78.72",
        "201509": "69.92",
        "201510": "69.51",
        "201511": "77.79",
        "201512": "95.11",
        "201601": "91.63",
        "201602": "90.09",
        "201603": "85.80",
        "201604": "76.44",
        "201605": "75.67",
        "201606": "77.20",
        "201607": "79.08",
        "201608": "79.72",
        "201609": "78.68",
        "201610": "74.76",
        "201611": "74.96",
        "201612": "77.55",
        "201701": "79.66",
        "201702": "81.71",
        "201703": "87.79",
        "201704": "85.29",
        "201705": "88.31",
        "201706": "92.89",
        "201707": "94.80",
        "201708": "94.75",
        "201709": "87.27",
        "201710": "90.49",
        "201711": "86.20",
        "201712": "85.16",
        "201801": "84.17",
        "201802": "79.64",
        "201803": "82.26",
        "201804": "88.67",
        "201805": "88.45",
        "201806": "87.84",
        "201807": "80.82",
        "201808": "80.26",
        "201809": "75.26",
        "201810": "68.61",
        "201811": "64.70",
        "201812": "61.04",
        "201901": "64.52",
        "201902": "70.92",
        "201903": "76.96",
        "201904": "78.37",
        "201905": "78.05",
        "201906": "78.69",
        "201907": "87.83",
        "201908": "86.38",
        "201909": "83.89",
        "201910": "81.99",
        "201911": "83.15",
        "201912": "82.50",
        "202001": "81.31",
        "202002": "83.23",
        "202003": "76.04",
        "202004": "79.98",
        "202005": "81.86",
        "202006": "87.80",
        "202007": "88.90",
        "202008": "92.71",
        "202009": "97.73",
        "202010": "87.73",
        "202011": "91.87",
        "202012": "96.67",
        "202101": "95.54",
        "202102": "97.17",
        "202103": "110.30",
        "202104": "143.92",
        "202105": "139.17",
        "202106": "162.05",
        "202107": "208.00",
        "202108": "259.00",
        "202109": "234.65",
        "202110": "201.48",
        "202111": "212.05",
        "202112": "216.82",
        "202201": "205.28",
        "202202": "228.80",
        "202203": "280.57",
        "202204": "279.32",
        "202205": "268.79",
        "202206": "306.21",
        "202207": "304.43",
        "202208": "286.93",
        "202209": "288.17",
        "202210": "277.62",
        "202211": "289.57",
        "202212": "291.34",
        "202301": "303.96",
        "202302": "323.00",
        "202303": "358.63",
        "202304": "389.50",
        "202305": "383.59",
        "202306": "360.45",
        "202307": "405.12",
        "202308": "367.66",
        "202309": "346.88",
        "202310": "352.35",
        "202311": "342.64",
        "202312": "345.50",
        "202401": "340.98",
        "202402": "310.46",
        "202403": "302.40",
        "202404": "無"
    },
    "quarters": {
        "20011": {
            "year_quarter": 20011,
            "year": 2001,
            "quarter": 1,
            "eps": null,
            "eps_growth_year": null,
            "eps_4q": null,
            "eps_4q_growth_year": null,
            "roe": null,
            "roe_4q": 0,
            "gross_profit": null,
            "gross_margin": null,
            "gross_margin_4q_avg": 0,
            "net_income": null,
            "net_income_4q": null,
            "revenue": null,
            "revenue_4q": null,
            "common_shares": null,
            "book_valuer_per_share": null,
            "book_valuer_per_share_4q_avg": 0,
            "equity": null,
            "current_ratio": null,
            "debt_ratio": null,
            "inventory_turnover_ratio": null,
            "account_receivable_turnover_ratio": null,
            "reinvestment_rate": null,
            "research_to_sale_ratio": null,
            "price_fair": 0,
            "eps_avg_yearly": 0,
            "eps_latest_yearly": 0,
            "eps_growth_yearly": 0
        },
        "20012": {
            "year_quarter": 20012,
            "year": 2001,
            "quarter": 2,
            "eps": null,
            "eps_growth_year": null,
            "eps_4q": null,
            "eps_4q_growth_year": null,
            "roe": null,
            "roe_4q": 0,
            "gross_profit": null,
            "gross_margin": null,
            "gross_margin_4q_avg": 0,
            "net_income": null,
            "net_income_4q": null,
            "revenue": null,
            "revenue_4q": null,
            "common_shares": null,
            "book_valuer_per_share": null,
            "book_valuer_per_share_4q_avg": 0,
            "equity": null,
            "current_ratio": null,
            "debt_ratio": null,
            "inventory_turnover_ratio": null,
            "account_receivable_turnover_ratio": null,
            "reinvestment_rate": null,
            "research_to_sale_ratio": null,
            "price_fair": 0,
            "eps_avg_yearly": 0,
            "eps_latest_yearly": 0,
            "eps_growth_yearly": 0
        },
        "20013": {
            "year_quarter": 20013,
            "year": 2001,
            "quarter": 3,
            "eps": null,
            "eps_growth_year": null,
            "eps_4q": null,
            "eps_4q_growth_year": null,
            "roe": null,
            "roe_4q": 0,
            "gross_profit": null,
            "gross_margin": null,
            "gross_margin_4q_avg": 0,
            "net_income": null,
            "net_income_4q": null,
            "revenue": null,
            "revenue_4q": null,
            "common_shares": null,
            "book_valuer_per_share": null,
            "book_valuer_per_share_4q_avg": 0,
            "equity": null,
            "current_ratio": null,
            "debt_ratio": null,
            "inventory_turnover_ratio": null,
            "account_receivable_turnover_ratio": null,
            "reinvestment_rate": null,
            "research_to_sale_ratio": null,
            "price_fair": 0,
            "eps_avg_yearly": 0,
            "eps_latest_yearly": 0,
            "eps_growth_yearly": 0
        },
        "20014": {
            "year_quarter": 20014,
            "year": 2001,
            "quarter": 4,
            "eps": null,
            "eps_growth_year": null,
            "eps_4q": null,
            "eps_4q_growth_year": null,
            "roe": null,
            "roe_4q": 0,
            "gross_profit": null,
            "gross_margin": null,
            "gross_margin_4q_avg": 0,
            "net_income": null,
            "net_income_4q": null,
            "revenue": null,
            "revenue_4q": null,
            "common_shares": null,
            "book_valuer_per_share": null,
            "book_valuer_per_share_4q_avg": 0,
            "equity": null,
            "current_ratio": null,
            "debt_ratio": null,
            "inventory_turnover_ratio": null,
            "account_receivable_turnover_ratio": null,
            "reinvestment_rate": null,
            "research_to_sale_ratio": null,
            "price_fair": 0,
            "eps_avg_yearly": 0,
            "eps_latest_yearly": 0,
            "eps_growth_yearly": 0
        },
        "20021": {
            "year_quarter": 20021,
            "year": 2002,
            "quarter": 1,
            "eps": null,
            "eps_growth_year": null,
            "eps_4q": null,
            "eps_4q_growth_year": null,
            "roe": null,
            "roe_4q": 0,
            "gross_profit": null,
            "gross_margin": null,
            "gross_margin_4q_avg": 0,
            "net_income": null,
            "net_income_4q": null,
            "revenue": null,
            "revenue_4q": null,
            "common_shares": null,
            "book_valuer_per_share": null,
            "book_valuer_per_share_4q_avg": 0,
            "equity": null,
            "current_ratio": null,
            "debt_ratio": null,
            "inventory_turnover_ratio": null,
            "account_receivable_turnover_ratio": null,
            "reinvestment_rate": null,
            "research_to_sale_ratio": null,
            "price_fair": 0,
            "eps_avg_yearly": 0,
            "eps_latest_yearly": 0,
            "eps_growth_yearly": 0
        },
        "20022": {
            "year_quarter": 20022,
            "year": 2002,
            "quarter": 2,
            "eps": null,
            "eps_growth_year": null,
            "eps_4q": null,
            "eps_4q_growth_year": null,
            "roe": null,
            "roe_4q": 0,
            "gross_profit": null,
            "gross_margin": null,
            "gross_margin_4q_avg": 0,
            "net_income": null,
            "net_income_4q": null,
            "revenue": null,
            "revenue_4q": null,
            "common_shares": null,
            "book_valuer_per_share": null,
            "book_valuer_per_share_4q_avg": 0,
            "equity": null,
            "current_ratio": null,
            "debt_ratio": null,
            "inventory_turnover_ratio": null,
            "account_receivable_turnover_ratio": null,
            "reinvestment_rate": null,
            "research_to_sale_ratio": null,
            "price_fair": 0,
            "eps_avg_yearly": 0,
            "eps_latest_yearly": 0,
            "eps_growth_yearly": 0
        },
        "20023": {
            "year_quarter": 20023,
            "year": 2002,
            "quarter": 3,
            "eps": null,
            "eps_growth_year": null,
            "eps_4q": null,
            "eps_4q_growth_year": null,
            "roe": null,
            "roe_4q": 0,
            "gross_profit": null,
            "gross_margin": null,
            "gross_margin_4q_avg": 0,
            "net_income": null,
            "net_income_4q": null,
            "revenue": null,
            "revenue_4q": null,
            "common_shares": null,
            "book_valuer_per_share": null,
            "book_valuer_per_share_4q_avg": 0,
            "equity": null,
            "current_ratio": null,
            "debt_ratio": null,
            "inventory_turnover_ratio": null,
            "account_receivable_turnover_ratio": null,
            "reinvestment_rate": null,
            "research_to_sale_ratio": null,
            "price_fair": 0,
            "eps_avg_yearly": 0,
            "eps_latest_yearly": 0,
            "eps_growth_yearly": 0
        },
        "20024": {
            "year_quarter": 20024,
            "year": 2002,
            "quarter": 4,
            "eps": null,
            "eps_growth_year": null,
            "eps_4q": null,
            "eps_4q_growth_year": null,
            "roe": null,
            "roe_4q": 0,
            "gross_profit": null,
            "gross_margin": null,
            "gross_margin_4q_avg": 0,
            "net_income": null,
            "net_income_4q": null,
            "revenue": null,
            "revenue_4q": null,
            "common_shares": null,
            "book_valuer_per_share": null,
            "book_valuer_per_share_4q_avg": 0,
            "equity": null,
            "current_ratio": null,
            "debt_ratio": null,
            "inventory_turnover_ratio": null,
            "account_receivable_turnover_ratio": null,
            "reinvestment_rate": null,
            "research_to_sale_ratio": null,
            "price_fair": 0,
            "eps_avg_yearly": 0,
            "eps_latest_yearly": 0,
            "eps_growth_yearly": 0
        },
        "20031": {
            "year_quarter": 20031,
            "year": 2003,
            "quarter": 1,
            "eps": null,
            "eps_growth_year": null,
            "eps_4q": null,
            "eps_4q_growth_year": null,
            "roe": null,
            "roe_4q": 0,
            "gross_profit": null,
            "gross_margin": null,
            "gross_margin_4q_avg": 0,
            "net_income": null,
            "net_income_4q": null,
            "revenue": null,
            "revenue_4q": null,
            "common_shares": null,
            "book_valuer_per_share": null,
            "book_valuer_per_share_4q_avg": 0,
            "equity": null,
            "current_ratio": null,
            "debt_ratio": null,
            "inventory_turnover_ratio": null,
            "account_receivable_turnover_ratio": null,
            "reinvestment_rate": null,
            "research_to_sale_ratio": null,
            "price_fair": 0,
            "eps_avg_yearly": 0,
            "eps_latest_yearly": 0,
            "eps_growth_yearly": 0
        },
        "20032": {
            "year_quarter": 20032,
            "year": 2003,
            "quarter": 2,
            "eps": null,
            "eps_growth_year": null,
            "eps_4q": null,
            "eps_4q_growth_year": null,
            "roe": null,
            "roe_4q": 0,
            "gross_profit": null,
            "gross_margin": null,
            "gross_margin_4q_avg": 0,
            "net_income": null,
            "net_income_4q": null,
            "revenue": null,
            "revenue_4q": null,
            "common_shares": null,
            "book_valuer_per_share": null,
            "book_valuer_per_share_4q_avg": 0,
            "equity": null,
            "current_ratio": null,
            "debt_ratio": null,
            "inventory_turnover_ratio": null,
            "account_receivable_turnover_ratio": null,
            "reinvestment_rate": null,
            "research_to_sale_ratio": null,
            "price_fair": 0,
            "eps_avg_yearly": 0,
            "eps_latest_yearly": 0,
            "eps_growth_yearly": 0
        },
        "20033": {
            "year_quarter": 20033,
            "year": 2003,
            "quarter": 3,
            "eps": null,
            "eps_growth_year": null,
            "eps_4q": null,
            "eps_4q_growth_year": null,
            "roe": null,
            "roe_4q": 0,
            "gross_profit": null,
            "gross_margin": null,
            "gross_margin_4q_avg": 0,
            "net_income": null,
            "net_income_4q": null,
            "revenue": null,
            "revenue_4q": null,
            "common_shares": null,
            "book_valuer_per_share": null,
            "book_valuer_per_share_4q_avg": 0,
            "equity": null,
            "current_ratio": null,
            "debt_ratio": null,
            "inventory_turnover_ratio": null,
            "account_receivable_turnover_ratio": null,
            "reinvestment_rate": null,
            "research_to_sale_ratio": null,
            "price_fair": 0,
            "eps_avg_yearly": 0,
            "eps_latest_yearly": 0,
            "eps_growth_yearly": 0
        },
        "20034": {
            "year_quarter": 20034,
            "year": 2003,
            "quarter": 4,
            "eps": null,
            "eps_growth_year": null,
            "eps_4q": null,
            "eps_4q_growth_year": null,
            "roe": null,
            "roe_4q": 0,
            "gross_profit": null,
            "gross_margin": null,
            "gross_margin_4q_avg": 0,
            "net_income": null,
            "net_income_4q": null,
            "revenue": null,
            "revenue_4q": null,
            "common_shares": null,
            "book_valuer_per_share": null,
            "book_valuer_per_share_4q_avg": 0,
            "equity": null,
            "current_ratio": null,
            "debt_ratio": null,
            "inventory_turnover_ratio": null,
            "account_receivable_turnover_ratio": null,
            "reinvestment_rate": null,
            "research_to_sale_ratio": null,
            "price_fair": 0,
            "eps_avg_yearly": 0,
            "eps_latest_yearly": 0,
            "eps_growth_yearly": 0
        },
        "20041": {
            "year_quarter": 20041,
            "year": 2004,
            "quarter": 1,
            "eps": null,
            "eps_growth_year": null,
            "eps_4q": null,
            "eps_4q_growth_year": null,
            "roe": null,
            "roe_4q": 0,
            "gross_profit": null,
            "gross_margin": null,
            "gross_margin_4q_avg": 0,
            "net_income": null,
            "net_income_4q": null,
            "revenue": null,
            "revenue_4q": null,
            "common_shares": null,
            "book_valuer_per_share": null,
            "book_valuer_per_share_4q_avg": 0,
            "equity": null,
            "current_ratio": null,
            "debt_ratio": null,
            "inventory_turnover_ratio": null,
            "account_receivable_turnover_ratio": null,
            "reinvestment_rate": null,
            "research_to_sale_ratio": null,
            "price_fair": 0,
            "eps_avg_yearly": 0,
            "eps_latest_yearly": 0,
            "eps_growth_yearly": 0
        },
        "20042": {
            "year_quarter": 20042,
            "year": 2004,
            "quarter": 2,
            "eps": null,
            "eps_growth_year": null,
            "eps_4q": null,
            "eps_4q_growth_year": null,
            "roe": null,
            "roe_4q": 0,
            "gross_profit": null,
            "gross_margin": null,
            "gross_margin_4q_avg": 0,
            "net_income": null,
            "net_income_4q": null,
            "revenue": null,
            "revenue_4q": null,
            "common_shares": null,
            "book_valuer_per_share": null,
            "book_valuer_per_share_4q_avg": 0,
            "equity": null,
            "current_ratio": null,
            "debt_ratio": null,
            "inventory_turnover_ratio": null,
            "account_receivable_turnover_ratio": null,
            "reinvestment_rate": null,
            "research_to_sale_ratio": null,
            "price_fair": 0,
            "eps_avg_yearly": 0,
            "eps_latest_yearly": 0,
            "eps_growth_yearly": 0
        },
        "20043": {
            "year_quarter": 20043,
            "year": 2004,
            "quarter": 3,
            "eps": null,
            "eps_growth_year": null,
            "eps_4q": null,
            "eps_4q_growth_year": null,
            "roe": null,
            "roe_4q": 0,
            "gross_profit": null,
            "gross_margin": null,
            "gross_margin_4q_avg": 0,
            "net_income": null,
            "net_income_4q": null,
            "revenue": null,
            "revenue_4q": null,
            "common_shares": null,
            "book_valuer_per_share": null,
            "book_valuer_per_share_4q_avg": 0,
            "equity": null,
            "current_ratio": null,
            "debt_ratio": null,
            "inventory_turnover_ratio": null,
            "account_receivable_turnover_ratio": null,
            "reinvestment_rate": null,
            "research_to_sale_ratio": null,
            "price_fair": 0,
            "eps_avg_yearly": 0,
            "eps_latest_yearly": 0,
            "eps_growth_yearly": 0
        },
        "20044": {
            "year_quarter": 20044,
            "year": 2004,
            "quarter": 4,
            "eps": null,
            "eps_growth_year": null,
            "eps_4q": null,
            "eps_4q_growth_year": null,
            "roe": null,
            "roe_4q": 0,
            "gross_profit": null,
            "gross_margin": null,
            "gross_margin_4q_avg": 0,
            "net_income": null,
            "net_income_4q": null,
            "revenue": null,
            "revenue_4q": null,
            "common_shares": null,
            "book_valuer_per_share": null,
            "book_valuer_per_share_4q_avg": 0,
            "equity": null,
            "current_ratio": null,
            "debt_ratio": null,
            "inventory_turnover_ratio": null,
            "account_receivable_turnover_ratio": null,
            "reinvestment_rate": null,
            "research_to_sale_ratio": null,
            "price_fair": 0,
            "eps_avg_yearly": 0,
            "eps_latest_yearly": 0,
            "eps_growth_yearly": 0
        },
        "20051": {
            "year_quarter": 20051,
            "year": 2005,
            "quarter": 1,
            "eps": null,
            "eps_growth_year": null,
            "eps_4q": null,
            "eps_4q_growth_year": null,
            "roe": null,
            "roe_4q": 0,
            "gross_profit": null,
            "gross_margin": null,
            "gross_margin_4q_avg": 0,
            "net_income": null,
            "net_income_4q": null,
            "revenue": null,
            "revenue_4q": null,
            "common_shares": null,
            "book_valuer_per_share": null,
            "book_valuer_per_share_4q_avg": 0,
            "equity": null,
            "current_ratio": null,
            "debt_ratio": null,
            "inventory_turnover_ratio": null,
            "account_receivable_turnover_ratio": null,
            "reinvestment_rate": null,
            "research_to_sale_ratio": null,
            "price_fair": 0,
            "eps_avg_yearly": 0,
            "eps_latest_yearly": 0,
            "eps_growth_yearly": 0
        },
        "20052": {
            "year_quarter": 20052,
            "year": 2005,
            "quarter": 2,
            "eps": null,
            "eps_growth_year": null,
            "eps_4q": null,
            "eps_4q_growth_year": null,
            "roe": null,
            "roe_4q": 0,
            "gross_profit": null,
            "gross_margin": null,
            "gross_margin_4q_avg": 0,
            "net_income": null,
            "net_income_4q": null,
            "revenue": null,
            "revenue_4q": null,
            "common_shares": null,
            "book_valuer_per_share": null,
            "book_valuer_per_share_4q_avg": 0,
            "equity": null,
            "current_ratio": null,
            "debt_ratio": null,
            "inventory_turnover_ratio": null,
            "account_receivable_turnover_ratio": null,
            "reinvestment_rate": null,
            "research_to_sale_ratio": null,
            "price_fair": 0,
            "eps_avg_yearly": 0,
            "eps_latest_yearly": 0,
            "eps_growth_yearly": 0
        },
        "20053": {
            "year_quarter": 20053,
            "year": 2005,
            "quarter": 3,
            "eps": null,
            "eps_growth_year": null,
            "eps_4q": null,
            "eps_4q_growth_year": null,
            "roe": null,
            "roe_4q": 0,
            "gross_profit": null,
            "gross_margin": null,
            "gross_margin_4q_avg": 0,
            "net_income": null,
            "net_income_4q": null,
            "revenue": null,
            "revenue_4q": null,
            "common_shares": null,
            "book_valuer_per_share": null,
            "book_valuer_per_share_4q_avg": 0,
            "equity": null,
            "current_ratio": null,
            "debt_ratio": null,
            "inventory_turnover_ratio": null,
            "account_receivable_turnover_ratio": null,
            "reinvestment_rate": null,
            "research_to_sale_ratio": null,
            "price_fair": 0,
            "eps_avg_yearly": 0,
            "eps_latest_yearly": 0,
            "eps_growth_yearly": 0
        },
        "20054": {
            "year_quarter": 20054,
            "year": 2005,
            "quarter": 4,
            "eps": null,
            "eps_growth_year": null,
            "eps_4q": null,
            "eps_4q_growth_year": null,
            "roe": null,
            "roe_4q": 0,
            "gross_profit": null,
            "gross_margin": null,
            "gross_margin_4q_avg": 0,
            "net_income": null,
            "net_income_4q": null,
            "revenue": null,
            "revenue_4q": null,
            "common_shares": null,
            "book_valuer_per_share": null,
            "book_valuer_per_share_4q_avg": 0,
            "equity": null,
            "current_ratio": null,
            "debt_ratio": null,
            "inventory_turnover_ratio": null,
            "account_receivable_turnover_ratio": null,
            "reinvestment_rate": null,
            "research_to_sale_ratio": null,
            "price_fair": 0,
            "eps_avg_yearly": 0,
            "eps_latest_yearly": 0,
            "eps_growth_yearly": 0
        },
        "20061": {
            "year_quarter": 20061,
            "year": 2006,
            "quarter": 1,
            "eps": null,
            "eps_growth_year": null,
            "eps_4q": null,
            "eps_4q_growth_year": null,
            "roe": null,
            "roe_4q": 0,
            "gross_profit": null,
            "gross_margin": null,
            "gross_margin_4q_avg": 0,
            "net_income": null,
            "net_income_4q": null,
            "revenue": null,
            "revenue_4q": null,
            "common_shares": null,
            "book_valuer_per_share": null,
            "book_valuer_per_share_4q_avg": 0,
            "equity": null,
            "current_ratio": null,
            "debt_ratio": null,
            "inventory_turnover_ratio": null,
            "account_receivable_turnover_ratio": null,
            "reinvestment_rate": null,
            "research_to_sale_ratio": null,
            "price_fair": 0,
            "eps_avg_yearly": 0,
            "eps_latest_yearly": 0,
            "eps_growth_yearly": 0
        },
        "20062": {
            "year_quarter": 20062,
            "year": 2006,
            "quarter": 2,
            "eps": null,
            "eps_growth_year": null,
            "eps_4q": null,
            "eps_4q_growth_year": null,
            "roe": null,
            "roe_4q": 0,
            "gross_profit": null,
            "gross_margin": null,
            "gross_margin_4q_avg": 0,
            "net_income": null,
            "net_income_4q": null,
            "revenue": null,
            "revenue_4q": null,
            "common_shares": null,
            "book_valuer_per_share": null,
            "book_valuer_per_share_4q_avg": 0,
            "equity": null,
            "current_ratio": null,
            "debt_ratio": null,
            "inventory_turnover_ratio": null,
            "account_receivable_turnover_ratio": null,
            "reinvestment_rate": null,
            "research_to_sale_ratio": null,
            "price_fair": 0,
            "eps_avg_yearly": 0,
            "eps_latest_yearly": 0,
            "eps_growth_yearly": 0
        },
        "20063": {
            "year_quarter": 20063,
            "year": 2006,
            "quarter": 3,
            "eps": null,
            "eps_growth_year": null,
            "eps_4q": null,
            "eps_4q_growth_year": null,
            "roe": null,
            "roe_4q": 0,
            "gross_profit": null,
            "gross_margin": null,
            "gross_margin_4q_avg": 0,
            "net_income": null,
            "net_income_4q": null,
            "revenue": null,
            "revenue_4q": null,
            "common_shares": null,
            "book_valuer_per_share": null,
            "book_valuer_per_share_4q_avg": 0,
            "equity": null,
            "current_ratio": null,
            "debt_ratio": null,
            "inventory_turnover_ratio": null,
            "account_receivable_turnover_ratio": null,
            "reinvestment_rate": null,
            "research_to_sale_ratio": null,
            "price_fair": 0,
            "eps_avg_yearly": 0,
            "eps_latest_yearly": 0,
            "eps_growth_yearly": 0
        },
        "20064": {
            "year_quarter": 20064,
            "year": 2006,
            "quarter": 4,
            "eps": null,
            "eps_growth_year": null,
            "eps_4q": null,
            "eps_4q_growth_year": null,
            "roe": null,
            "roe_4q": 0,
            "gross_profit": null,
            "gross_margin": null,
            "gross_margin_4q_avg": 0,
            "net_income": null,
            "net_income_4q": null,
            "revenue": null,
            "revenue_4q": null,
            "common_shares": null,
            "book_valuer_per_share": null,
            "book_valuer_per_share_4q_avg": 0,
            "equity": null,
            "current_ratio": null,
            "debt_ratio": null,
            "inventory_turnover_ratio": null,
            "account_receivable_turnover_ratio": null,
            "reinvestment_rate": null,
            "research_to_sale_ratio": null,
            "price_fair": 0,
            "eps_avg_yearly": 0,
            "eps_latest_yearly": 0,
            "eps_growth_yearly": 0
        },
        "20071": {
            "year_quarter": 20071,
            "year": 2007,
            "quarter": 1,
            "eps": null,
            "eps_growth_year": null,
            "eps_4q": null,
            "eps_4q_growth_year": null,
            "roe": null,
            "roe_4q": 0,
            "gross_profit": null,
            "gross_margin": null,
            "gross_margin_4q_avg": 0,
            "net_income": null,
            "net_income_4q": null,
            "revenue": null,
            "revenue_4q": null,
            "common_shares": null,
            "book_valuer_per_share": null,
            "book_valuer_per_share_4q_avg": 0,
            "equity": null,
            "current_ratio": null,
            "debt_ratio": null,
            "inventory_turnover_ratio": null,
            "account_receivable_turnover_ratio": null,
            "reinvestment_rate": null,
            "research_to_sale_ratio": null,
            "price_fair": 0,
            "eps_avg_yearly": 0,
            "eps_latest_yearly": 0,
            "eps_growth_yearly": 0
        },
        "20072": {
            "year_quarter": 20072,
            "year": 2007,
            "quarter": 2,
            "eps": null,
            "eps_growth_year": null,
            "eps_4q": null,
            "eps_4q_growth_year": null,
            "roe": null,
            "roe_4q": 0,
            "gross_profit": null,
            "gross_margin": null,
            "gross_margin_4q_avg": 0,
            "net_income": null,
            "net_income_4q": null,
            "revenue": null,
            "revenue_4q": null,
            "common_shares": null,
            "book_valuer_per_share": null,
            "book_valuer_per_share_4q_avg": 0,
            "equity": null,
            "current_ratio": null,
            "debt_ratio": null,
            "inventory_turnover_ratio": null,
            "account_receivable_turnover_ratio": null,
            "reinvestment_rate": null,
            "research_to_sale_ratio": null,
            "price_fair": 0,
            "eps_avg_yearly": 0,
            "eps_latest_yearly": 0,
            "eps_growth_yearly": 0
        },
        "20073": {
            "year_quarter": 20073,
            "year": 2007,
            "quarter": 3,
            "eps": null,
            "eps_growth_year": null,
            "eps_4q": null,
            "eps_4q_growth_year": null,
            "roe": null,
            "roe_4q": 0,
            "gross_profit": null,
            "gross_margin": null,
            "gross_margin_4q_avg": 0,
            "net_income": null,
            "net_income_4q": null,
            "revenue": null,
            "revenue_4q": null,
            "common_shares": null,
            "book_valuer_per_share": null,
            "book_valuer_per_share_4q_avg": 0,
            "equity": null,
            "current_ratio": null,
            "debt_ratio": null,
            "inventory_turnover_ratio": null,
            "account_receivable_turnover_ratio": null,
            "reinvestment_rate": null,
            "research_to_sale_ratio": null,
            "price_fair": 0,
            "eps_avg_yearly": 0,
            "eps_latest_yearly": 0,
            "eps_growth_yearly": 0
        },
        "20074": {
            "year_quarter": 20074,
            "year": 2007,
            "quarter": 4,
            "eps": null,
            "eps_growth_year": null,
            "eps_4q": null,
            "eps_4q_growth_year": null,
            "roe": null,
            "roe_4q": 0,
            "gross_profit": null,
            "gross_margin": null,
            "gross_margin_4q_avg": 0,
            "net_income": null,
            "net_income_4q": null,
            "revenue": null,
            "revenue_4q": null,
            "common_shares": null,
            "book_valuer_per_share": null,
            "book_valuer_per_share_4q_avg": 0,
            "equity": null,
            "current_ratio": null,
            "debt_ratio": null,
            "inventory_turnover_ratio": null,
            "account_receivable_turnover_ratio": null,
            "reinvestment_rate": null,
            "research_to_sale_ratio": null,
            "price_fair": 0,
            "eps_avg_yearly": 0,
            "eps_latest_yearly": 0,
            "eps_growth_yearly": 0
        },
        "20081": {
            "year_quarter": 20081,
            "year": 2008,
            "quarter": 1,
            "eps": null,
            "eps_growth_year": null,
            "eps_4q": null,
            "eps_4q_growth_year": null,
            "roe": null,
            "roe_4q": 0,
            "gross_profit": null,
            "gross_margin": null,
            "gross_margin_4q_avg": 0,
            "net_income": null,
            "net_income_4q": null,
            "revenue": null,
            "revenue_4q": null,
            "common_shares": null,
            "book_valuer_per_share": null,
            "book_valuer_per_share_4q_avg": 0,
            "equity": null,
            "current_ratio": null,
            "debt_ratio": null,
            "inventory_turnover_ratio": null,
            "account_receivable_turnover_ratio": null,
            "reinvestment_rate": null,
            "research_to_sale_ratio": null,
            "price_fair": 0,
            "eps_avg_yearly": 0,
            "eps_latest_yearly": 0,
            "eps_growth_yearly": 0
        },
        "20082": {
            "year_quarter": 20082,
            "year": 2008,
            "quarter": 2,
            "eps": null,
            "eps_growth_year": null,
            "eps_4q": null,
            "eps_4q_growth_year": null,
            "roe": null,
            "roe_4q": 0,
            "gross_profit": null,
            "gross_margin": null,
            "gross_margin_4q_avg": 0,
            "net_income": null,
            "net_income_4q": null,
            "revenue": null,
            "revenue_4q": null,
            "common_shares": null,
            "book_valuer_per_share": null,
            "book_valuer_per_share_4q_avg": 0,
            "equity": null,
            "current_ratio": null,
            "debt_ratio": null,
            "inventory_turnover_ratio": null,
            "account_receivable_turnover_ratio": null,
            "reinvestment_rate": null,
            "research_to_sale_ratio": null,
            "price_fair": 0,
            "eps_avg_yearly": 0,
            "eps_latest_yearly": 0,
            "eps_growth_yearly": 0
        },
        "20083": {
            "year_quarter": 20083,
            "year": 2008,
            "quarter": 3,
            "eps": null,
            "eps_growth_year": null,
            "eps_4q": null,
            "eps_4q_growth_year": null,
            "roe": null,
            "roe_4q": 0,
            "gross_profit": null,
            "gross_margin": null,
            "gross_margin_4q_avg": 0,
            "net_income": null,
            "net_income_4q": null,
            "revenue": null,
            "revenue_4q": null,
            "common_shares": null,
            "book_valuer_per_share": null,
            "book_valuer_per_share_4q_avg": 0,
            "equity": null,
            "current_ratio": null,
            "debt_ratio": null,
            "inventory_turnover_ratio": null,
            "account_receivable_turnover_ratio": null,
            "reinvestment_rate": null,
            "research_to_sale_ratio": null,
            "price_fair": 0,
            "eps_avg_yearly": 0,
            "eps_latest_yearly": 0,
            "eps_growth_yearly": 0
        },
        "20084": {
            "year_quarter": 20084,
            "year": 2008,
            "quarter": 4,
            "eps": null,
            "eps_growth_year": null,
            "eps_4q": null,
            "eps_4q_growth_year": null,
            "roe": null,
            "roe_4q": 0,
            "gross_profit": null,
            "gross_margin": null,
            "gross_margin_4q_avg": 0,
            "net_income": null,
            "net_income_4q": null,
            "revenue": null,
            "revenue_4q": null,
            "common_shares": null,
            "book_valuer_per_share": null,
            "book_valuer_per_share_4q_avg": 0,
            "equity": null,
            "current_ratio": null,
            "debt_ratio": null,
            "inventory_turnover_ratio": null,
            "account_receivable_turnover_ratio": null,
            "reinvestment_rate": null,
            "research_to_sale_ratio": null,
            "price_fair": 0,
            "eps_avg_yearly": 0,
            "eps_latest_yearly": 0,
            "eps_growth_yearly": 0
        },
        "20091": {
            "year_quarter": 20091,
            "year": 2009,
            "quarter": 1,
            "eps": null,
            "eps_growth_year": null,
            "eps_4q": null,
            "eps_4q_growth_year": null,
            "roe": null,
            "roe_4q": 0,
            "gross_profit": null,
            "gross_margin": null,
            "gross_margin_4q_avg": 0,
            "net_income": null,
            "net_income_4q": null,
            "revenue": null,
            "revenue_4q": null,
            "common_shares": null,
            "book_valuer_per_share": null,
            "book_valuer_per_share_4q_avg": 0,
            "equity": null,
            "current_ratio": null,
            "debt_ratio": null,
            "inventory_turnover_ratio": null,
            "account_receivable_turnover_ratio": null,
            "reinvestment_rate": null,
            "research_to_sale_ratio": null,
            "price_fair": 0,
            "eps_avg_yearly": 0,
            "eps_latest_yearly": 0,
            "eps_growth_yearly": 0
        },
        "20092": {
            "year_quarter": 20092,
            "year": 2009,
            "quarter": 2,
            "eps": null,
            "eps_growth_year": null,
            "eps_4q": null,
            "eps_4q_growth_year": null,
            "roe": null,
            "roe_4q": 0,
            "gross_profit": null,
            "gross_margin": null,
            "gross_margin_4q_avg": 0,
            "net_income": null,
            "net_income_4q": null,
            "revenue": null,
            "revenue_4q": null,
            "common_shares": null,
            "book_valuer_per_share": null,
            "book_valuer_per_share_4q_avg": 0,
            "equity": null,
            "current_ratio": null,
            "debt_ratio": null,
            "inventory_turnover_ratio": null,
            "account_receivable_turnover_ratio": null,
            "reinvestment_rate": null,
            "research_to_sale_ratio": null,
            "price_fair": 0,
            "eps_avg_yearly": 0,
            "eps_latest_yearly": 0,
            "eps_growth_yearly": 0
        },
        "20093": {
            "year_quarter": 20093,
            "year": 2009,
            "quarter": 3,
            "eps": null,
            "eps_growth_year": null,
            "eps_4q": null,
            "eps_4q_growth_year": null,
            "roe": null,
            "roe_4q": 0,
            "gross_profit": null,
            "gross_margin": null,
            "gross_margin_4q_avg": 0,
            "net_income": null,
            "net_income_4q": null,
            "revenue": null,
            "revenue_4q": null,
            "common_shares": null,
            "book_valuer_per_share": null,
            "book_valuer_per_share_4q_avg": 0,
            "equity": null,
            "current_ratio": null,
            "debt_ratio": null,
            "inventory_turnover_ratio": null,
            "account_receivable_turnover_ratio": null,
            "reinvestment_rate": null,
            "research_to_sale_ratio": null,
            "price_fair": 0,
            "eps_avg_yearly": 0,
            "eps_latest_yearly": 0,
            "eps_growth_yearly": 0
        },
        "20094": {
            "year_quarter": 20094,
            "year": 2009,
            "quarter": 4,
            "eps": null,
            "eps_growth_year": null,
            "eps_4q": null,
            "eps_4q_growth_year": null,
            "roe": null,
            "roe_4q": 0,
            "gross_profit": null,
            "gross_margin": null,
            "gross_margin_4q_avg": 0,
            "net_income": null,
            "net_income_4q": null,
            "revenue": null,
            "revenue_4q": null,
            "common_shares": null,
            "book_valuer_per_share": null,
            "book_valuer_per_share_4q_avg": 0,
            "equity": null,
            "current_ratio": null,
            "debt_ratio": null,
            "inventory_turnover_ratio": null,
            "account_receivable_turnover_ratio": null,
            "reinvestment_rate": null,
            "research_to_sale_ratio": null,
            "price_fair": 0,
            "eps_avg_yearly": 0,
            "eps_latest_yearly": 0,
            "eps_growth_yearly": 0
        },
        "20101": {
            "year_quarter": 20101,
            "year": 2010,
            "quarter": 1,
            "eps": null,
            "eps_growth_year": null,
            "eps_4q": null,
            "eps_4q_growth_year": null,
            "roe": null,
            "roe_4q": 0,
            "gross_profit": null,
            "gross_margin": null,
            "gross_margin_4q_avg": 0,
            "net_income": null,
            "net_income_4q": null,
            "revenue": null,
            "revenue_4q": null,
            "common_shares": null,
            "book_valuer_per_share": null,
            "book_valuer_per_share_4q_avg": 0,
            "equity": null,
            "current_ratio": null,
            "debt_ratio": null,
            "inventory_turnover_ratio": null,
            "account_receivable_turnover_ratio": null,
            "reinvestment_rate": null,
            "research_to_sale_ratio": null,
            "price_fair": 0,
            "eps_avg_yearly": 0,
            "eps_latest_yearly": 0,
            "eps_growth_yearly": 0
        },
        "20102": {
            "year_quarter": 20102,
            "year": 2010,
            "quarter": 2,
            "eps": null,
            "eps_growth_year": null,
            "eps_4q": null,
            "eps_4q_growth_year": null,
            "roe": null,
            "roe_4q": 0,
            "gross_profit": null,
            "gross_margin": null,
            "gross_margin_4q_avg": 0,
            "net_income": null,
            "net_income_4q": null,
            "revenue": null,
            "revenue_4q": null,
            "common_shares": null,
            "book_valuer_per_share": null,
            "book_valuer_per_share_4q_avg": 0,
            "equity": null,
            "current_ratio": null,
            "debt_ratio": null,
            "inventory_turnover_ratio": null,
            "account_receivable_turnover_ratio": null,
            "reinvestment_rate": null,
            "research_to_sale_ratio": null,
            "price_fair": 0,
            "eps_avg_yearly": 0,
            "eps_latest_yearly": 0,
            "eps_growth_yearly": 0
        },
        "20103": {
            "year_quarter": 20103,
            "year": 2010,
            "quarter": 3,
            "eps": null,
            "eps_growth_year": null,
            "eps_4q": null,
            "eps_4q_growth_year": null,
            "roe": null,
            "roe_4q": 0,
            "gross_profit": null,
            "gross_margin": null,
            "gross_margin_4q_avg": 0,
            "net_income": null,
            "net_income_4q": null,
            "revenue": null,
            "revenue_4q": null,
            "common_shares": null,
            "book_valuer_per_share": null,
            "book_valuer_per_share_4q_avg": 0,
            "equity": null,
            "current_ratio": null,
            "debt_ratio": null,
            "inventory_turnover_ratio": null,
            "account_receivable_turnover_ratio": null,
            "reinvestment_rate": null,
            "research_to_sale_ratio": null,
            "price_fair": 0,
            "eps_avg_yearly": 0,
            "eps_latest_yearly": 0,
            "eps_growth_yearly": 0
        },
        "20104": {
            "year_quarter": 20104,
            "year": 2010,
            "quarter": 4,
            "eps": null,
            "eps_growth_year": null,
            "eps_4q": null,
            "eps_4q_growth_year": null,
            "roe": null,
            "roe_4q": 0,
            "gross_profit": null,
            "gross_margin": null,
            "gross_margin_4q_avg": 0,
            "net_income": null,
            "net_income_4q": null,
            "revenue": null,
            "revenue_4q": null,
            "common_shares": null,
            "book_valuer_per_share": null,
            "book_valuer_per_share_4q_avg": 0,
            "equity": null,
            "current_ratio": null,
            "debt_ratio": null,
            "inventory_turnover_ratio": null,
            "account_receivable_turnover_ratio": null,
            "reinvestment_rate": null,
            "research_to_sale_ratio": null,
            "price_fair": 0,
            "eps_avg_yearly": 0,
            "eps_latest_yearly": 0,
            "eps_growth_yearly": 0
        },
        "20111": {
            "year_quarter": 20111,
            "year": 2011,
            "quarter": 1,
            "eps": null,
            "eps_growth_year": null,
            "eps_4q": null,
            "eps_4q_growth_year": null,
            "roe": null,
            "roe_4q": 0,
            "gross_profit": null,
            "gross_margin": null,
            "gross_margin_4q_avg": 0,
            "net_income": null,
            "net_income_4q": null,
            "revenue": null,
            "revenue_4q": null,
            "common_shares": null,
            "book_valuer_per_share": null,
            "book_valuer_per_share_4q_avg": 0,
            "equity": null,
            "current_ratio": null,
            "debt_ratio": null,
            "inventory_turnover_ratio": null,
            "account_receivable_turnover_ratio": null,
            "reinvestment_rate": null,
            "research_to_sale_ratio": null,
            "price_fair": 0,
            "eps_avg_yearly": 0,
            "eps_latest_yearly": 0,
            "eps_growth_yearly": 0
        },
        "20112": {
            "year_quarter": 20112,
            "year": 2011,
            "quarter": 2,
            "eps": null,
            "eps_growth_year": null,
            "eps_4q": null,
            "eps_4q_growth_year": null,
            "roe": null,
            "roe_4q": 0,
            "gross_profit": null,
            "gross_margin": null,
            "gross_margin_4q_avg": 0,
            "net_income": null,
            "net_income_4q": null,
            "revenue": null,
            "revenue_4q": null,
            "common_shares": null,
            "book_valuer_per_share": null,
            "book_valuer_per_share_4q_avg": 0,
            "equity": null,
            "current_ratio": null,
            "debt_ratio": null,
            "inventory_turnover_ratio": null,
            "account_receivable_turnover_ratio": null,
            "reinvestment_rate": null,
            "research_to_sale_ratio": null,
            "price_fair": 0,
            "eps_avg_yearly": 0,
            "eps_latest_yearly": 0,
            "eps_growth_yearly": 0
        },
        "20113": {
            "year_quarter": 20113,
            "year": 2011,
            "quarter": 3,
            "eps": null,
            "eps_growth_year": null,
            "eps_4q": null,
            "eps_4q_growth_year": null,
            "roe": null,
            "roe_4q": 0,
            "gross_profit": null,
            "gross_margin": null,
            "gross_margin_4q_avg": 0,
            "net_income": null,
            "net_income_4q": null,
            "revenue": null,
            "revenue_4q": null,
            "common_shares": null,
            "book_valuer_per_share": null,
            "book_valuer_per_share_4q_avg": 0,
            "equity": null,
            "current_ratio": null,
            "debt_ratio": null,
            "inventory_turnover_ratio": null,
            "account_receivable_turnover_ratio": null,
            "reinvestment_rate": null,
            "research_to_sale_ratio": null,
            "price_fair": 0,
            "eps_avg_yearly": 0,
            "eps_latest_yearly": 0,
            "eps_growth_yearly": 0
        },
        "20114": {
            "year_quarter": 20114,
            "year": 2011,
            "quarter": 4,
            "eps": null,
            "eps_growth_year": null,
            "eps_4q": null,
            "eps_4q_growth_year": null,
            "roe": null,
            "roe_4q": 0,
            "gross_profit": null,
            "gross_margin": null,
            "gross_margin_4q_avg": 0,
            "net_income": null,
            "net_income_4q": null,
            "revenue": null,
            "revenue_4q": null,
            "common_shares": 70000,
            "book_valuer_per_share": 13.11,
            "book_valuer_per_share_4q_avg": 3.28,
            "equity": 91737,
            "current_ratio": 186.53,
            "debt_ratio": 64.46,
            "inventory_turnover_ratio": null,
            "account_receivable_turnover_ratio": null,
            "reinvestment_rate": null,
            "research_to_sale_ratio": null,
            "price_fair": 0,
            "eps_avg_yearly": 0,
            "eps_latest_yearly": 0,
            "eps_growth_yearly": 0
        },
        "20121": {
            "year_quarter": 20121,
            "year": 2012,
            "quarter": 1,
            "eps": null,
            "eps_growth_year": null,
            "eps_4q": null,
            "eps_4q_growth_year": null,
            "roe": null,
            "roe_4q": 0,
            "gross_profit": null,
            "gross_margin": null,
            "gross_margin_4q_avg": 0,
            "net_income": null,
            "net_income_4q": null,
            "revenue": null,
            "revenue_4q": null,
            "common_shares": null,
            "book_valuer_per_share": null,
            "book_valuer_per_share_4q_avg": 3.28,
            "equity": null,
            "current_ratio": null,
            "debt_ratio": null,
            "inventory_turnover_ratio": null,
            "account_receivable_turnover_ratio": null,
            "reinvestment_rate": null,
            "research_to_sale_ratio": null,
            "price_fair": 0,
            "eps_avg_yearly": 0,
            "eps_latest_yearly": 0,
            "eps_growth_yearly": 0
        },
        "20122": {
            "year_quarter": 20122,
            "year": 2012,
            "quarter": 2,
            "eps": null,
            "eps_growth_year": null,
            "eps_4q": null,
            "eps_4q_growth_year": null,
            "roe": null,
            "roe_4q": 0,
            "gross_profit": null,
            "gross_margin": null,
            "gross_margin_4q_avg": 0,
            "net_income": null,
            "net_income_4q": null,
            "revenue": null,
            "revenue_4q": null,
            "common_shares": null,
            "book_valuer_per_share": null,
            "book_valuer_per_share_4q_avg": 3.28,
            "equity": null,
            "current_ratio": null,
            "debt_ratio": null,
            "inventory_turnover_ratio": null,
            "account_receivable_turnover_ratio": null,
            "reinvestment_rate": null,
            "research_to_sale_ratio": null,
            "price_fair": 0,
            "eps_avg_yearly": 0,
            "eps_latest_yearly": 0,
            "eps_growth_yearly": 0
        },
        "20123": {
            "year_quarter": 20123,
            "year": 2012,
            "quarter": 3,
            "eps": null,
            "eps_growth_year": null,
            "eps_4q": null,
            "eps_4q_growth_year": null,
            "roe": null,
            "roe_4q": 0,
            "gross_profit": null,
            "gross_margin": null,
            "gross_margin_4q_avg": 0,
            "net_income": null,
            "net_income_4q": null,
            "revenue": null,
            "revenue_4q": null,
            "common_shares": null,
            "book_valuer_per_share": null,
            "book_valuer_per_share_4q_avg": 3.28,
            "equity": null,
            "current_ratio": null,
            "debt_ratio": null,
            "inventory_turnover_ratio": null,
            "account_receivable_turnover_ratio": null,
            "reinvestment_rate": null,
            "research_to_sale_ratio": null,
            "price_fair": 0,
            "eps_avg_yearly": 0,
            "eps_latest_yearly": 0,
            "eps_growth_yearly": 0
        },
        "20124": {
            "year_quarter": 20124,
            "year": 2012,
            "quarter": 4,
            "eps": null,
            "eps_growth_year": null,
            "eps_4q": null,
            "eps_4q_growth_year": null,
            "roe": null,
            "roe_4q": 0,
            "gross_profit": null,
            "gross_margin": null,
            "gross_margin_4q_avg": 0,
            "net_income": null,
            "net_income_4q": null,
            "revenue": null,
            "revenue_4q": null,
            "common_shares": 150000,
            "book_valuer_per_share": 12.58,
            "book_valuer_per_share_4q_avg": 3.15,
            "equity": 188735,
            "current_ratio": 226.48,
            "debt_ratio": 37.72,
            "inventory_turnover_ratio": null,
            "account_receivable_turnover_ratio": null,
            "reinvestment_rate": null,
            "research_to_sale_ratio": null,
            "price_fair": 0,
            "eps_avg_yearly": 0,
            "eps_latest_yearly": 0,
            "eps_growth_yearly": 0
        },
        "20131": {
            "year_quarter": 20131,
            "year": 2013,
            "quarter": 1,
            "eps": null,
            "eps_growth_year": null,
            "eps_4q": null,
            "eps_4q_growth_year": null,
            "roe": null,
            "roe_4q": 0,
            "gross_profit": null,
            "gross_margin": null,
            "gross_margin_4q_avg": 0,
            "net_income": null,
            "net_income_4q": null,
            "revenue": null,
            "revenue_4q": null,
            "common_shares": null,
            "book_valuer_per_share": null,
            "book_valuer_per_share_4q_avg": 3.15,
            "equity": null,
            "current_ratio": null,
            "debt_ratio": null,
            "inventory_turnover_ratio": null,
            "account_receivable_turnover_ratio": null,
            "reinvestment_rate": null,
            "research_to_sale_ratio": null,
            "price_fair": 0,
            "eps_avg_yearly": 0,
            "eps_latest_yearly": 0,
            "eps_growth_yearly": 0
        },
        "20132": {
            "year_quarter": 20132,
            "year": 2013,
            "quarter": 2,
            "eps": null,
            "eps_growth_year": null,
            "eps_4q": null,
            "eps_4q_growth_year": null,
            "roe": null,
            "roe_4q": 0,
            "gross_profit": null,
            "gross_margin": null,
            "gross_margin_4q_avg": 0,
            "net_income": null,
            "net_income_4q": null,
            "revenue": null,
            "revenue_4q": null,
            "common_shares": null,
            "book_valuer_per_share": null,
            "book_valuer_per_share_4q_avg": 3.15,
            "equity": null,
            "current_ratio": null,
            "debt_ratio": null,
            "inventory_turnover_ratio": null,
            "account_receivable_turnover_ratio": null,
            "reinvestment_rate": null,
            "research_to_sale_ratio": null,
            "price_fair": 0,
            "eps_avg_yearly": 0,
            "eps_latest_yearly": 0,
            "eps_growth_yearly": 0
        },
        "20133": {
            "year_quarter": 20133,
            "year": 2013,
            "quarter": 3,
            "eps": null,
            "eps_growth_year": null,
            "eps_4q": null,
            "eps_4q_growth_year": null,
            "roe": null,
            "roe_4q": 0,
            "gross_profit": null,
            "gross_margin": null,
            "gross_margin_4q_avg": 0,
            "net_income": null,
            "net_income_4q": null,
            "revenue": null,
            "revenue_4q": null,
            "common_shares": null,
            "book_valuer_per_share": null,
            "book_valuer_per_share_4q_avg": 3.15,
            "equity": null,
            "current_ratio": null,
            "debt_ratio": null,
            "inventory_turnover_ratio": null,
            "account_receivable_turnover_ratio": null,
            "reinvestment_rate": null,
            "research_to_sale_ratio": null,
            "price_fair": 0,
            "eps_avg_yearly": 0,
            "eps_latest_yearly": 0,
            "eps_growth_yearly": 0
        },
        "20134": {
            "year_quarter": 20134,
            "year": 2013,
            "quarter": 4,
            "eps": null,
            "eps_growth_year": null,
            "eps_4q": null,
            "eps_4q_growth_year": null,
            "roe": null,
            "roe_4q": 0,
            "gross_profit": null,
            "gross_margin": null,
            "gross_margin_4q_avg": 0,
            "net_income": null,
            "net_income_4q": null,
            "revenue": null,
            "revenue_4q": null,
            "common_shares": 182000,
            "book_valuer_per_share": null,
            "book_valuer_per_share_4q_avg": 0,
            "equity": 279886,
            "current_ratio": null,
            "debt_ratio": null,
            "inventory_turnover_ratio": null,
            "account_receivable_turnover_ratio": null,
            "reinvestment_rate": null,
            "research_to_sale_ratio": null,
            "price_fair": 0,
            "eps_avg_yearly": 0,
            "eps_latest_yearly": 0,
            "eps_growth_yearly": 0
        },
        "20141": {
            "year_quarter": 20141,
            "year": 2014,
            "quarter": 1,
            "eps": null,
            "eps_growth_year": null,
            "eps_4q": null,
            "eps_4q_growth_year": null,
            "roe": null,
            "roe_4q": 0,
            "gross_profit": null,
            "gross_margin": null,
            "gross_margin_4q_avg": 0,
            "net_income": null,
            "net_income_4q": null,
            "revenue": null,
            "revenue_4q": null,
            "common_shares": null,
            "book_valuer_per_share": null,
            "book_valuer_per_share_4q_avg": 0,
            "equity": null,
            "current_ratio": null,
            "debt_ratio": null,
            "inventory_turnover_ratio": null,
            "account_receivable_turnover_ratio": null,
            "reinvestment_rate": null,
            "research_to_sale_ratio": null,
            "price_fair": 0,
            "eps_avg_yearly": 0,
            "eps_latest_yearly": 0,
            "eps_growth_yearly": 0
        },
        "20142": {
            "year_quarter": 20142,
            "year": 2014,
            "quarter": 2,
            "eps": null,
            "eps_growth_year": null,
            "eps_4q": null,
            "eps_4q_growth_year": null,
            "roe": null,
            "roe_4q": 0,
            "gross_profit": null,
            "gross_margin": null,
            "gross_margin_4q_avg": 0,
            "net_income": null,
            "net_income_4q": null,
            "revenue": null,
            "revenue_4q": null,
            "common_shares": 210000,
            "book_valuer_per_share": null,
            "book_valuer_per_share_4q_avg": 0,
            "equity": 423506,
            "current_ratio": null,
            "debt_ratio": null,
            "inventory_turnover_ratio": null,
            "account_receivable_turnover_ratio": null,
            "reinvestment_rate": null,
            "research_to_sale_ratio": null,
            "price_fair": 0,
            "eps_avg_yearly": 0,
            "eps_latest_yearly": 0,
            "eps_growth_yearly": 0
        },
        "20143": {
            "year_quarter": 20143,
            "year": 2014,
            "quarter": 3,
            "eps": null,
            "eps_growth_year": null,
            "eps_4q": null,
            "eps_4q_growth_year": null,
            "roe": null,
            "roe_4q": 0,
            "gross_profit": 112890,
            "gross_margin": null,
            "gross_margin_4q_avg": 0,
            "net_income": 15213,
            "net_income_4q": null,
            "revenue": 430270,
            "revenue_4q": null,
            "common_shares": 210000,
            "book_valuer_per_share": null,
            "book_valuer_per_share_4q_avg": 0,
            "equity": 438719,
            "current_ratio": null,
            "debt_ratio": null,
            "inventory_turnover_ratio": null,
            "account_receivable_turnover_ratio": null,
            "reinvestment_rate": null,
            "research_to_sale_ratio": null,
            "price_fair": 0,
            "eps_avg_yearly": 0,
            "eps_latest_yearly": 0,
            "eps_growth_yearly": 0
        },
        "20144": {
            "year_quarter": 20144,
            "year": 2014,
            "quarter": 4,
            "eps": null,
            "eps_growth_year": null,
            "eps_4q": null,
            "eps_4q_growth_year": null,
            "roe": null,
            "roe_4q": 0,
            "gross_profit": 151287,
            "gross_margin": null,
            "gross_margin_4q_avg": 0,
            "net_income": 40621,
            "net_income_4q": null,
            "revenue": 494596,
            "revenue_4q": null,
            "common_shares": 210000,
            "book_valuer_per_share": 23.03,
            "book_valuer_per_share_4q_avg": 5.76,
            "equity": 483653,
            "current_ratio": 227.48,
            "debt_ratio": 37.94,
            "inventory_turnover_ratio": null,
            "account_receivable_turnover_ratio": null,
            "reinvestment_rate": null,
            "research_to_sale_ratio": null,
            "price_fair": 0,
            "eps_avg_yearly": 0,
            "eps_latest_yearly": 0,
            "eps_growth_yearly": 0
        },
        "20151": {
            "year_quarter": 20151,
            "year": 2015,
            "quarter": 1,
            "eps": null,
            "eps_growth_year": null,
            "eps_4q": null,
            "eps_4q_growth_year": null,
            "roe": null,
            "roe_4q": 0,
            "gross_profit": 109950,
            "gross_margin": null,
            "gross_margin_4q_avg": 0,
            "net_income": 6585,
            "net_income_4q": null,
            "revenue": 480452,
            "revenue_4q": null,
            "common_shares": 210000,
            "book_valuer_per_share": 23.36,
            "book_valuer_per_share_4q_avg": 11.6,
            "equity": 490659,
            "current_ratio": 226.22,
            "debt_ratio": 37.6,
            "inventory_turnover_ratio": null,
            "account_receivable_turnover_ratio": null,
            "reinvestment_rate": null,
            "research_to_sale_ratio": null,
            "price_fair": 0,
            "eps_avg_yearly": 0,
            "eps_latest_yearly": 0,
            "eps_growth_yearly": 0
        },
        "20152": {
            "year_quarter": 20152,
            "year": 2015,
            "quarter": 2,
            "eps": 0.7,
            "eps_growth_year": null,
            "eps_4q": 0.7,
            "eps_4q_growth_year": null,
            "roe": 3.31,
            "roe_4q": 3.31,
            "gross_profit": 124693,
            "gross_margin": 24.28,
            "gross_margin_4q_avg": 6.07,
            "net_income": 16176,
            "net_income_4q": null,
            "revenue": 513627,
            "revenue_4q": null,
            "common_shares": 210000,
            "book_valuer_per_share": 23.16,
            "book_valuer_per_share_4q_avg": 17.39,
            "equity": 486256,
            "current_ratio": 195.98,
            "debt_ratio": 42.5,
            "inventory_turnover_ratio": 1.31,
            "account_receivable_turnover_ratio": 6.73,
            "reinvestment_rate": null,
            "research_to_sale_ratio": null,
            "price_fair": 0,
            "eps_avg_yearly": 0,
            "eps_latest_yearly": 0,
            "eps_growth_yearly": 0
        },
        "20153": {
            "year_quarter": 20153,
            "year": 2015,
            "quarter": 3,
            "eps": 0.84,
            "eps_growth_year": null,
            "eps_4q": 1.54,
            "eps_4q_growth_year": null,
            "roe": 3.9,
            "roe_4q": 7.21,
            "gross_profit": 140925,
            "gross_margin": 25.26,
            "gross_margin_4q_avg": 12.39,
            "net_income": 19335,
            "net_income_4q": null,
            "revenue": 557988,
            "revenue_4q": null,
            "common_shares": 231000,
            "book_valuer_per_share": 21.91,
            "book_valuer_per_share_4q_avg": 22.87,
            "equity": 506012,
            "current_ratio": 198.02,
            "debt_ratio": 41.2,
            "inventory_turnover_ratio": 1.33,
            "account_receivable_turnover_ratio": 3.32,
            "reinvestment_rate": null,
            "research_to_sale_ratio": null,
            "price_fair": 117.6,
            "eps_avg_yearly": 3.36,
            "eps_latest_yearly": 3.36,
            "eps_growth_yearly": 80
        },
        "20154": {
            "year_quarter": 20154,
            "year": 2015,
            "quarter": 4,
            "eps": 1.53,
            "eps_growth_year": null,
            "eps_4q": 3.07,
            "eps_4q_growth_year": null,
            "roe": 6.75,
            "roe_4q": 13.96,
            "gross_profit": 162306,
            "gross_margin": 26.7,
            "gross_margin_4q_avg": 19.06,
            "net_income": 35370,
            "net_income_4q": null,
            "revenue": 607790,
            "revenue_4q": null,
            "common_shares": 231000,
            "book_valuer_per_share": 23.43,
            "book_valuer_per_share_4q_avg": 22.97,
            "equity": 541345,
            "current_ratio": 213.08,
            "debt_ratio": 37.7,
            "inventory_turnover_ratio": 1.41,
            "account_receivable_turnover_ratio": 3.68,
            "reinvestment_rate": null,
            "research_to_sale_ratio": null,
            "price_fair": 165.9,
            "eps_avg_yearly": 4.74,
            "eps_latest_yearly": 6.12,
            "eps_growth_yearly": 204.29
        },
        "20161": {
            "year_quarter": 20161,
            "year": 2016,
            "quarter": 1,
            "eps": 0.87,
            "eps_growth_year": null,
            "eps_4q": 3.61,
            "eps_4q_growth_year": null,
            "roe": 3.23,
            "roe_4q": 17.19,
            "gross_profit": 152951,
            "gross_margin": 23.98,
            "gross_margin_4q_avg": 25.06,
            "net_income": 20267,
            "net_income_4q": null,
            "revenue": 637784,
            "revenue_4q": null,
            "common_shares": 252600,
            "book_valuer_per_share": 28.23,
            "book_valuer_per_share_4q_avg": 24.18,
            "equity": 713193,
            "current_ratio": 241.62,
            "debt_ratio": 34.88,
            "inventory_turnover_ratio": 1.51,
            "account_receivable_turnover_ratio": 3.52,
            "reinvestment_rate": null,
            "research_to_sale_ratio": null,
            "price_fair": 151.2,
            "eps_avg_yearly": 4.32,
            "eps_latest_yearly": 3.48,
            "eps_growth_yearly": 78.67
        },
        "20162": {
            "year_quarter": 20162,
            "year": 2016,
            "quarter": 2,
            "eps": 0.77,
            "eps_growth_year": 9.96,
            "eps_4q": 3.56,
            "eps_4q_growth_year": 408.12,
            "roe": 2.78,
            "roe_4q": 16.66,
            "gross_profit": 151969,
            "gross_margin": 22.98,
            "gross_margin_4q_avg": 24.73,
            "net_income": 19402,
            "net_income_4q": null,
            "revenue": 661252,
            "revenue_4q": null,
            "common_shares": 252600,
            "book_valuer_per_share": 27.02,
            "book_valuer_per_share_4q_avg": 25.15,
            "equity": 682457,
            "current_ratio": 212.22,
            "debt_ratio": 39.42,
            "inventory_turnover_ratio": 1.47,
            "account_receivable_turnover_ratio": 2.81,
            "reinvestment_rate": null,
            "research_to_sale_ratio": null,
            "price_fair": 140.35,
            "eps_avg_yearly": 4.01,
            "eps_latest_yearly": 3.08,
            "eps_growth_yearly": 47.51
        },
        "20163": {
            "year_quarter": 20163,
            "year": 2016,
            "quarter": 3,
            "eps": 0.99,
            "eps_growth_year": 17.86,
            "eps_4q": 3.82,
            "eps_4q_growth_year": 148.35,
            "roe": 3.77,
            "roe_4q": 16.53,
            "gross_profit": 179122,
            "gross_margin": 25.29,
            "gross_margin_4q_avg": 24.74,
            "net_income": 26222,
            "net_income_4q": null,
            "revenue": 708382,
            "revenue_4q": null,
            "common_shares": 265230,
            "book_valuer_per_share": 26.73,
            "book_valuer_per_share_4q_avg": 26.35,
            "equity": 709060,
            "current_ratio": 212.37,
            "debt_ratio": 38.3,
            "inventory_turnover_ratio": 1.39,
            "account_receivable_turnover_ratio": 3.05,
            "reinvestment_rate": null,
            "research_to_sale_ratio": null,
            "price_fair": 140,
            "eps_avg_yearly": 4,
            "eps_latest_yearly": 3.96,
            "eps_growth_yearly": 60.87
        },
        "20164": {
            "year_quarter": 20164,
            "year": 2016,
            "quarter": 4,
            "eps": 1.02,
            "eps_growth_year": -33.58,
            "eps_4q": 3.5,
            "eps_4q_growth_year": 14.11,
            "roe": 3.73,
            "roe_4q": 13.51,
            "gross_profit": 194193,
            "gross_margin": 24.44,
            "gross_margin_4q_avg": 24.17,
            "net_income": 26974,
            "net_income_4q": null,
            "revenue": 794598,
            "revenue_4q": null,
            "common_shares": 265230,
            "book_valuer_per_share": 27.77,
            "book_valuer_per_share_4q_avg": 27.44,
            "equity": 736425,
            "current_ratio": 189.88,
            "debt_ratio": 42.46,
            "inventory_turnover_ratio": 1.47,
            "account_receivable_turnover_ratio": 3.29,
            "reinvestment_rate": null,
            "research_to_sale_ratio": null,
            "price_fair": 140.47,
            "eps_avg_yearly": 4.01,
            "eps_latest_yearly": 4.08,
            "eps_growth_yearly": 52.74
        },
        "20171": {
            "year_quarter": 20171,
            "year": 2017,
            "quarter": 1,
            "eps": 0.65,
            "eps_growth_year": -25.29,
            "eps_4q": 3.39,
            "eps_4q_growth_year": -6.12,
            "roe": 2.31,
            "roe_4q": 12.59,
            "gross_profit": 200925,
            "gross_margin": 24.53,
            "gross_margin_4q_avg": 24.31,
            "net_income": 17247,
            "net_income_4q": null,
            "revenue": 819229,
            "revenue_4q": null,
            "common_shares": 265230,
            "book_valuer_per_share": 28.42,
            "book_valuer_per_share_4q_avg": 27.49,
            "equity": 753850,
            "current_ratio": 201.7,
            "debt_ratio": 38.46,
            "inventory_turnover_ratio": 1.38,
            "account_receivable_turnover_ratio": 3.22,
            "reinvestment_rate": null,
            "research_to_sale_ratio": null,
            "price_fair": 131.41,
            "eps_avg_yearly": 3.81,
            "eps_latest_yearly": 2.6,
            "eps_growth_yearly": 24.48
        },
        "20172": {
            "year_quarter": 20172,
            "year": 2017,
            "quarter": 2,
            "eps": 0.83,
            "eps_growth_year": 7.79,
            "eps_4q": 3.03,
            "eps_4q_growth_year": -14.8,
            "roe": 2.93,
            "roe_4q": 12.74,
            "gross_profit": 218407,
            "gross_margin": 25.1,
            "gross_margin_4q_avg": 24.84,
            "net_income": 21967,
            "net_income_4q": null,
            "revenue": 870030,
            "revenue_4q": null,
            "common_shares": 265230,
            "book_valuer_per_share": 27.96,
            "book_valuer_per_share_4q_avg": 27.72,
            "equity": 743515,
            "current_ratio": 186.33,
            "debt_ratio": 41.56,
            "inventory_turnover_ratio": 1.35,
            "account_receivable_turnover_ratio": 3.87,
            "reinvestment_rate": null,
            "research_to_sale_ratio": null,
            "price_fair": 131.25,
            "eps_avg_yearly": 3.75,
            "eps_latest_yearly": 3.32,
            "eps_growth_yearly": 35.27
        },
        "20173": {
            "year_quarter": 20173,
            "year": 2017,
            "quarter": 3,
            "eps": 0.99,
            "eps_growth_year": 0,
            "eps_4q": 3.16,
            "eps_4q_growth_year": -17.25,
            "roe": 3.97,
            "roe_4q": 12.940000000000001,
            "gross_profit": 236333,
            "gross_margin": 25.24,
            "gross_margin_4q_avg": 24.83,
            "net_income": 30117,
            "net_income_4q": null,
            "revenue": 936250,
            "revenue_4q": null,
            "common_shares": 305015,
            "book_valuer_per_share": 25.31,
            "book_valuer_per_share_4q_avg": 27.37,
            "equity": 773810,
            "current_ratio": 180.09,
            "debt_ratio": 43.05,
            "inventory_turnover_ratio": 1.42,
            "account_receivable_turnover_ratio": 4.11,
            "reinvestment_rate": null,
            "research_to_sale_ratio": null,
            "price_fair": 132.07,
            "eps_avg_yearly": 3.77,
            "eps_latest_yearly": 3.96,
            "eps_growth_yearly": 39.91
        },
        "20174": {
            "year_quarter": 20174,
            "year": 2017,
            "quarter": 4,
            "eps": 1.08,
            "eps_growth_year": 6.47,
            "eps_4q": 3.36,
            "eps_4q_growth_year": -4.1,
            "roe": 4.18,
            "roe_4q": 13.39,
            "gross_profit": 264337,
            "gross_margin": 26.48,
            "gross_margin_4q_avg": 25.34,
            "net_income": 33027,
            "net_income_4q": null,
            "revenue": 998225,
            "revenue_4q": null,
            "common_shares": 305015,
            "book_valuer_per_share": 26.38,
            "book_valuer_per_share_4q_avg": 27.02,
            "equity": 806653,
            "current_ratio": 165.18,
            "debt_ratio": 47.52,
            "inventory_turnover_ratio": 1.46,
            "account_receivable_turnover_ratio": 3.87,
            "reinvestment_rate": null,
            "research_to_sale_ratio": null,
            "price_fair": 133.98,
            "eps_avg_yearly": 3.83,
            "eps_latest_yearly": 4.32,
            "eps_growth_yearly": 39.56
        },
        "20181": {
            "year_quarter": 20181,
            "year": 2018,
            "quarter": 1,
            "eps": 0.73,
            "eps_growth_year": 12.31,
            "eps_4q": 3.52,
            "eps_4q_growth_year": 3.96,
            "roe": 2.72,
            "roe_4q": 13.8,
            "gross_profit": 266428,
            "gross_margin": 24.57,
            "gross_margin_4q_avg": 25.35,
            "net_income": 22243,
            "net_income_4q": null,
            "revenue": 1084165,
            "revenue_4q": null,
            "common_shares": 305015,
            "book_valuer_per_share": 27.11,
            "book_valuer_per_share_4q_avg": 26.69,
            "equity": 828988,
            "current_ratio": 170.06,
            "debt_ratio": 45.65,
            "inventory_turnover_ratio": 1.5,
            "account_receivable_turnover_ratio": 3.81,
            "reinvestment_rate": null,
            "research_to_sale_ratio": null,
            "price_fair": 128.01,
            "eps_avg_yearly": 3.75,
            "eps_latest_yearly": 2.92,
            "eps_growth_yearly": 24.18
        },
        "20182": {
            "year_quarter": 20182,
            "year": 2018,
            "quarter": 2,
            "eps": 0.71,
            "eps_growth_year": -14.46,
            "eps_4q": 3.19,
            "eps_4q_growth_year": 5.28,
            "roe": 2.65,
            "roe_4q": 13.520000000000001,
            "gross_profit": 278233,
            "gross_margin": 24.09,
            "gross_margin_4q_avg": 25.1,
            "net_income": 21675,
            "net_income_4q": null,
            "revenue": 1154776,
            "revenue_4q": null,
            "common_shares": 305015,
            "book_valuer_per_share": 26.36,
            "book_valuer_per_share_4q_avg": 26.29,
            "equity": 805845,
            "current_ratio": 181.76,
            "debt_ratio": 59.24,
            "inventory_turnover_ratio": 1.43,
            "account_receivable_turnover_ratio": 3.83,
            "reinvestment_rate": 66.93,
            "research_to_sale_ratio": null,
            "price_fair": 114.69,
            "eps_avg_yearly": 3.67,
            "eps_latest_yearly": 2.84,
            "eps_growth_yearly": 21.25
        },
        "20183": {
            "year_quarter": 20183,
            "year": 2018,
            "quarter": 3,
            "eps": 0.75,
            "eps_growth_year": -24.24,
            "eps_4q": 2.85,
            "eps_4q_growth_year": -9.8,
            "roe": 2.98,
            "roe_4q": 12.53,
            "gross_profit": 320727,
            "gross_margin": 25.34,
            "gross_margin_4q_avg": 25.12,
            "net_income": 27210,
            "net_income_4q": null,
            "revenue": 1265695,
            "revenue_4q": null,
            "common_shares": 365516,
            "book_valuer_per_share": 27.83,
            "book_valuer_per_share_4q_avg": 26.92,
            "equity": 1019138,
            "current_ratio": 200.85,
            "debt_ratio": 53.44,
            "inventory_turnover_ratio": 1.43,
            "account_receivable_turnover_ratio": 3.84,
            "reinvestment_rate": 75.35,
            "research_to_sale_ratio": null,
            "price_fair": 113.44,
            "eps_avg_yearly": 3.62,
            "eps_latest_yearly": 3,
            "eps_growth_yearly": 21.35
        },
        "20184": {
            "year_quarter": 20184,
            "year": 2018,
            "quarter": 4,
            "eps": 0.95,
            "eps_growth_year": -11.92,
            "eps_4q": 2.9,
            "eps_4q_growth_year": -13.63,
            "roe": 3.33,
            "roe_4q": 11.680000000000001,
            "gross_profit": 340358,
            "gross_margin": 24.38,
            "gross_margin_4q_avg": 24.6,
            "net_income": 34851,
            "net_income_4q": null,
            "revenue": 1396093,
            "revenue_4q": null,
            "common_shares": 365516,
            "book_valuer_per_share": 28.77,
            "book_valuer_per_share_4q_avg": 27.52,
            "equity": 1075653,
            "current_ratio": 198.23,
            "debt_ratio": 53.35,
            "inventory_turnover_ratio": 1.52,
            "account_receivable_turnover_ratio": 3.99,
            "reinvestment_rate": 75.59,
            "research_to_sale_ratio": null,
            "price_fair": 127.1,
            "eps_avg_yearly": 3.63,
            "eps_latest_yearly": 3.8,
            "eps_growth_yearly": 27.44
        },
        "20191": {
            "year_quarter": 20191,
            "year": 2019,
            "quarter": 1,
            "eps": 0.7,
            "eps_growth_year": -4.11,
            "eps_4q": 2.99,
            "eps_4q_growth_year": -14.98,
            "roe": 2.42,
            "roe_4q": 11.38,
            "gross_profit": 340047,
            "gross_margin": 22.99,
            "gross_margin_4q_avg": 24.2,
            "net_income": 25668,
            "net_income_4q": null,
            "revenue": 1479327,
            "revenue_4q": null,
            "common_shares": 365516,
            "book_valuer_per_share": 27.93,
            "book_valuer_per_share_4q_avg": 27.72,
            "equity": 1044837,
            "current_ratio": 173.65,
            "debt_ratio": 73.27,
            "inventory_turnover_ratio": 1.48,
            "account_receivable_turnover_ratio": 4.33,
            "reinvestment_rate": 83.47,
            "research_to_sale_ratio": null,
            "price_fair": 102.26,
            "eps_avg_yearly": 3.58,
            "eps_latest_yearly": 2.8,
            "eps_growth_yearly": 18.6
        },
        "20192": {
            "year_quarter": 20192,
            "year": 2019,
            "quarter": 2,
            "eps": 1,
            "eps_growth_year": 40.85,
            "eps_4q": 3.01,
            "eps_4q_growth_year": -5.57,
            "roe": 3.53,
            "roe_4q": 12.26,
            "gross_profit": 374551,
            "gross_margin": 23.62,
            "gross_margin_4q_avg": 24.08,
            "net_income": 36725,
            "net_income_4q": null,
            "revenue": 1585486,
            "revenue_4q": null,
            "common_shares": 365516,
            "book_valuer_per_share": 27.64,
            "book_valuer_per_share_4q_avg": 28.04,
            "equity": 1034045,
            "current_ratio": 126.56,
            "debt_ratio": 75.2,
            "inventory_turnover_ratio": 1.38,
            "account_receivable_turnover_ratio": 4.59,
            "reinvestment_rate": 80.31,
            "research_to_sale_ratio": null,
            "price_fair": 126.09,
            "eps_avg_yearly": 3.6,
            "eps_latest_yearly": 4,
            "eps_growth_yearly": 28.15
        },
        "20193": {
            "year_quarter": 20193,
            "year": 2019,
            "quarter": 3,
            "eps": 0.89,
            "eps_growth_year": 18.67,
            "eps_4q": 3.11,
            "eps_4q_growth_year": 9.12,
            "roe": 3.42,
            "roe_4q": 12.7,
            "gross_profit": 417088,
            "gross_margin": 24.4,
            "gross_margin_4q_avg": 23.85,
            "net_income": 37228,
            "net_income_4q": null,
            "revenue": 1709055,
            "revenue_4q": null,
            "common_shares": 413033,
            "book_valuer_per_share": 26.35,
            "book_valuer_per_share_4q_avg": 27.67,
            "equity": 1145759,
            "current_ratio": 129.43,
            "debt_ratio": 74.56,
            "inventory_turnover_ratio": 1.32,
            "account_receivable_turnover_ratio": 4.62,
            "reinvestment_rate": 86.76,
            "research_to_sale_ratio": null,
            "price_fair": 109.89,
            "eps_avg_yearly": 3.62,
            "eps_latest_yearly": 3.56,
            "eps_growth_yearly": 20.4
        },
        "20194": {
            "year_quarter": 20194,
            "year": 2019,
            "quarter": 4,
            "eps": 0.84,
            "eps_growth_year": -11.83,
            "eps_4q": 3.15,
            "eps_4q_growth_year": 8.47,
            "roe": 2.9,
            "roe_4q": 12.27,
            "gross_profit": 463934,
            "gross_margin": 25.38,
            "gross_margin_4q_avg": 24.1,
            "net_income": 34374,
            "net_income_4q": null,
            "revenue": 1827744,
            "revenue_4q": null,
            "common_shares": 425820,
            "book_valuer_per_share": 27.77,
            "book_valuer_per_share_4q_avg": 27.42,
            "equity": 1222477,
            "current_ratio": 128.1,
            "debt_ratio": 73.87,
            "inventory_turnover_ratio": 1.25,
            "account_receivable_turnover_ratio": 5.04,
            "reinvestment_rate": 94.18,
            "research_to_sale_ratio": null,
            "price_fair": 10.33,
            "eps_avg_yearly": 3.44,
            "eps_latest_yearly": 3.36,
            "eps_growth_yearly": -1.54
        },
        "20201": {
            "year_quarter": 20201,
            "year": 2020,
            "quarter": 1,
            "eps": 1.08,
            "eps_growth_year": 54.29,
            "eps_4q": 3.59,
            "eps_4q_growth_year": 19.95,
            "roe": 3.64,
            "roe_4q": 13.49,
            "gross_profit": 496309,
            "gross_margin": 24.63,
            "gross_margin_4q_avg": 24.51,
            "net_income": 45734,
            "net_income_4q": null,
            "revenue": 2015073,
            "revenue_4q": null,
            "common_shares": 432271,
            "book_valuer_per_share": 29.13,
            "book_valuer_per_share_4q_avg": 27.72,
            "equity": 1289965,
            "current_ratio": 120.13,
            "debt_ratio": 75.83,
            "inventory_turnover_ratio": 1.17,
            "account_receivable_turnover_ratio": 5.34,
            "reinvestment_rate": 97.22,
            "research_to_sale_ratio": null,
            "price_fair": 92.22,
            "eps_avg_yearly": 3.5,
            "eps_latest_yearly": 4.32,
            "eps_growth_yearly": 16.39
        },
        "20202": {
            "year_quarter": 20202,
            "year": 2020,
            "quarter": 2,
            "eps": 1.01,
            "eps_growth_year": 1,
            "eps_4q": 3.14,
            "eps_4q_growth_year": 4.14,
            "roe": 3.31,
            "roe_4q": 13.27,
            "gross_profit": 518022,
            "gross_margin": 26.06,
            "gross_margin_4q_avg": 25.12,
            "net_income": 43482,
            "net_income_4q": null,
            "revenue": 1987676,
            "revenue_4q": null,
            "common_shares": 435446,
            "book_valuer_per_share": 29.77,
            "book_valuer_per_share_4q_avg": 28.26,
            "equity": 1338573,
            "current_ratio": 119.68,
            "debt_ratio": 75.72,
            "inventory_turnover_ratio": 0.99,
            "account_receivable_turnover_ratio": 5.17,
            "reinvestment_rate": 100.63,
            "research_to_sale_ratio": null,
            "price_fair": 98.26,
            "eps_avg_yearly": 3.56,
            "eps_latest_yearly": 4.04,
            "eps_growth_yearly": 17.64
        },
        "20203": {
            "year_quarter": 20203,
            "year": 2020,
            "quarter": 3,
            "eps": 0.86,
            "eps_growth_year": -3.37,
            "eps_4q": 3.23,
            "eps_4q_growth_year": 3.75,
            "roe": 3.2,
            "roe_4q": 13.05,
            "gross_profit": 560130,
            "gross_margin": 24.91,
            "gross_margin_4q_avg": 25.25,
            "net_income": 44448,
            "net_income_4q": null,
            "revenue": 2248437,
            "revenue_4q": null,
            "common_shares": 520801,
            "book_valuer_per_share": 26.79,
            "book_valuer_per_share_4q_avg": 28.37,
            "equity": 1442309,
            "current_ratio": 125.44,
            "debt_ratio": 74.77,
            "inventory_turnover_ratio": 1.14,
            "account_receivable_turnover_ratio": 6.45,
            "reinvestment_rate": 93.21,
            "research_to_sale_ratio": null,
            "price_fair": 59.12,
            "eps_avg_yearly": 3.52,
            "eps_latest_yearly": 3.44,
            "eps_growth_yearly": 6.78
        },
        "20204": {
            "year_quarter": 20204,
            "year": 2020,
            "quarter": 4,
            "eps": 1.11,
            "eps_growth_year": 32.5,
            "eps_4q": 3.64,
            "eps_4q_growth_year": 15.79,
            "roe": 3.98,
            "roe_4q": 14.13,
            "gross_profit": 610269,
            "gross_margin": 25.53,
            "gross_margin_4q_avg": 25.28,
            "net_income": 59003,
            "net_income_4q": null,
            "revenue": 2390208,
            "revenue_4q": null,
            "common_shares": 530659,
            "book_valuer_per_share": 28.11,
            "book_valuer_per_share_4q_avg": 28.45,
            "equity": 1519545,
            "current_ratio": 126.92,
            "debt_ratio": 74.71,
            "inventory_turnover_ratio": 1.23,
            "account_receivable_turnover_ratio": 7.3,
            "reinvestment_rate": 84.09,
            "research_to_sale_ratio": null,
            "price_fair": 82.57,
            "eps_avg_yearly": 3.55,
            "eps_latest_yearly": 4.44,
            "eps_growth_yearly": 13.29
        },
        "20211": {
            "year_quarter": 20211,
            "year": 2021,
            "quarter": 1,
            "eps": 1.34,
            "eps_growth_year": 24.07,
            "eps_4q": 4.11,
            "eps_4q_growth_year": 14.48,
            "roe": 4.61,
            "roe_4q": 15.1,
            "gross_profit": 643668,
            "gross_margin": 25.93,
            "gross_margin_4q_avg": 25.61,
            "net_income": 71932,
            "net_income_4q": null,
            "revenue": 2481879,
            "revenue_4q": null,
            "common_shares": 533446,
            "book_valuer_per_share": 29.58,
            "book_valuer_per_share_4q_avg": 28.56,
            "equity": 1603564,
            "current_ratio": 128.99,
            "debt_ratio": 73.84,
            "inventory_turnover_ratio": 1.22,
            "account_receivable_turnover_ratio": 7.15,
            "reinvestment_rate": 76.32,
            "research_to_sale_ratio": null,
            "price_fair": 130.11,
            "eps_avg_yearly": 3.72,
            "eps_latest_yearly": 5.36,
            "eps_growth_yearly": 27.54
        },
        "20212": {
            "year_quarter": 20212,
            "year": 2021,
            "quarter": 2,
            "eps": 2.2,
            "eps_growth_year": 117.82,
            "eps_4q": 5.46,
            "eps_4q_growth_year": 73.88,
            "roe": 7.07,
            "roe_4q": 18.86,
            "gross_profit": 744660,
            "gross_margin": 26.28,
            "gross_margin_4q_avg": 25.66,
            "net_income": 118535,
            "net_income_4q": null,
            "revenue": 2833942,
            "revenue_4q": null,
            "common_shares": 540017,
            "book_valuer_per_share": 32.06,
            "book_valuer_per_share_4q_avg": 29.14,
            "equity": 1751884,
            "current_ratio": 129.09,
            "debt_ratio": 74.25,
            "inventory_turnover_ratio": 1.24,
            "account_receivable_turnover_ratio": 6.9,
            "reinvestment_rate": 64.62,
            "research_to_sale_ratio": null,
            "price_fair": 142.1,
            "eps_avg_yearly": 4.06,
            "eps_latest_yearly": 8.8,
            "eps_growth_yearly": 36.66
        },
        "20213": {
            "year_quarter": 20213,
            "year": 2021,
            "quarter": 3,
            "eps": 1.51,
            "eps_growth_year": 75.58,
            "eps_4q": 5.06,
            "eps_4q_growth_year": 56.85,
            "roe": 5.9,
            "roe_4q": 21.560000000000002,
            "gross_profit": 759768,
            "gross_margin": 26.1,
            "gross_margin_4q_avg": 25.96,
            "net_income": 104969,
            "net_income_4q": null,
            "revenue": 2910850,
            "revenue_4q": null,
            "common_shares": 700431,
            "book_valuer_per_share": 25.47,
            "book_valuer_per_share_4q_avg": 28.81,
            "equity": 1804929,
            "current_ratio": 127.61,
            "debt_ratio": 74.66,
            "inventory_turnover_ratio": 1.17,
            "account_receivable_turnover_ratio": 6.89,
            "reinvestment_rate": 61.55,
            "research_to_sale_ratio": null,
            "price_fair": 142.47,
            "eps_avg_yearly": 4.19,
            "eps_latest_yearly": 6.04,
            "eps_growth_yearly": 24
        },
        "20214": {
            "year_quarter": 20214,
            "year": 2021,
            "quarter": 4,
            "eps": 1.59,
            "eps_growth_year": 42.63,
            "eps_4q": 5.76,
            "eps_4q_growth_year": 58.18,
            "roe": 5.98,
            "roe_4q": 23.560000000000002,
            "gross_profit": 794907,
            "gross_margin": 26.03,
            "gross_margin_4q_avg": 26.09,
            "net_income": 112325,
            "net_income_4q": null,
            "revenue": 3054271,
            "revenue_4q": null,
            "common_shares": 700431,
            "book_valuer_per_share": 27.32,
            "book_valuer_per_share_4q_avg": 28.61,
            "equity": 1952496,
            "current_ratio": 132.88,
            "debt_ratio": 73.58,
            "inventory_turnover_ratio": 1.22,
            "account_receivable_turnover_ratio": 7,
            "reinvestment_rate": 55.15,
            "research_to_sale_ratio": null,
            "price_fair": 142.71,
            "eps_avg_yearly": 4.32,
            "eps_latest_yearly": 6.36,
            "eps_growth_yearly": 23.05
        },
        "20221": {
            "year_quarter": 20221,
            "year": 2022,
            "quarter": 1,
            "eps": 1.67,
            "eps_growth_year": 24.63,
            "eps_4q": 6.4,
            "eps_4q_growth_year": 55.58,
            "roe": 6.13,
            "roe_4q": 25.08,
            "gross_profit": 841288,
            "gross_margin": 26.34,
            "gross_margin_4q_avg": 26.19,
            "net_income": 118055,
            "net_income_4q": null,
            "revenue": 3193826,
            "revenue_4q": null,
            "common_shares": 709111,
            "book_valuer_per_share": 26.51,
            "book_valuer_per_share_4q_avg": 27.84,
            "equity": 1900366,
            "current_ratio": 127.6,
            "debt_ratio": 75,
            "inventory_turnover_ratio": 1.2,
            "account_receivable_turnover_ratio": 6.85,
            "reinvestment_rate": 50.54,
            "research_to_sale_ratio": null,
            "price_fair": 159.34,
            "eps_avg_yearly": 4.55,
            "eps_latest_yearly": 6.68,
            "eps_growth_yearly": 32.41
        },
        "20222": {
            "year_quarter": 20222,
            "year": 2022,
            "quarter": 2,
            "eps": 2.74,
            "eps_growth_year": 24.55,
            "eps_4q": 6.5,
            "eps_4q_growth_year": 19.14,
            "roe": 12.09,
            "roe_4q": 30.1,
            "gross_profit": 1096320,
            "gross_margin": 27.65,
            "gross_margin_4q_avg": 26.53,
            "net_income": 244524,
            "net_income_4q": null,
            "revenue": 3965182,
            "revenue_4q": null,
            "common_shares": 709111,
            "book_valuer_per_share": 29.97,
            "book_valuer_per_share_4q_avg": 27.32,
            "equity": 2146097,
            "current_ratio": 123.95,
            "debt_ratio": 75.67,
            "inventory_turnover_ratio": 1.28,
            "account_receivable_turnover_ratio": 8.43,
            "reinvestment_rate": 38.42,
            "research_to_sale_ratio": null,
            "price_fair": 177.1,
            "eps_avg_yearly": 5.06,
            "eps_latest_yearly": 10.96,
            "eps_growth_yearly": 49.12
        },
        "20223": {
            "year_quarter": 20223,
            "year": 2022,
            "quarter": 3,
            "eps": 1.9,
            "eps_growth_year": 25.83,
            "eps_4q": 7.23,
            "eps_4q_growth_year": 42.78,
            "roe": 7.43,
            "roe_4q": 31.63,
            "gross_profit": 979897,
            "gross_margin": 27.12,
            "gross_margin_4q_avg": 26.79,
            "net_income": 169486,
            "net_income_4q": null,
            "revenue": 3613565,
            "revenue_4q": null,
            "common_shares": 891352,
            "book_valuer_per_share": 26.85,
            "book_valuer_per_share_4q_avg": 27.66,
            "equity": 2414138,
            "current_ratio": 166.79,
            "debt_ratio": 75.91,
            "inventory_turnover_ratio": 1.05,
            "account_receivable_turnover_ratio": 7.73,
            "reinvestment_rate": 31.57,
            "research_to_sale_ratio": null,
            "price_fair": 187.16,
            "eps_avg_yearly": 5.35,
            "eps_latest_yearly": 7.6,
            "eps_growth_yearly": 40.04
        },
        "20224": {
            "year_quarter": 20224,
            "year": 2022,
            "quarter": 4,
            "eps": 1.87,
            "eps_growth_year": 17.88,
            "eps_4q": 7.79,
            "eps_4q_growth_year": 35.22,
            "roe": 6.69,
            "roe_4q": 32.34,
            "gross_profit": 1093623,
            "gross_margin": 28.84,
            "gross_margin_4q_avg": 27.49,
            "net_income": 168438,
            "net_income_4q": null,
            "revenue": 3792072,
            "revenue_4q": null,
            "common_shares": 891352,
            "book_valuer_per_share": 28.94,
            "book_valuer_per_share_4q_avg": 28.07,
            "equity": 2624736,
            "current_ratio": 175.2,
            "debt_ratio": 74.06,
            "inventory_turnover_ratio": 1.03,
            "account_receivable_turnover_ratio": 8.55,
            "reinvestment_rate": 31.07,
            "research_to_sale_ratio": null,
            "price_fair": 195.21,
            "eps_avg_yearly": 5.58,
            "eps_latest_yearly": 7.48,
            "eps_growth_yearly": 32.98
        },
        "20231": {
            "year_quarter": 20231,
            "year": 2023,
            "quarter": 1,
            "eps": 1.74,
            "eps_growth_year": 4.19,
            "eps_4q": 8.22,
            "eps_4q_growth_year": 28.48,
            "roe": 6.28,
            "roe_4q": 32.489999999999995,
            "gross_profit": 1048017,
            "gross_margin": 27.48,
            "gross_margin_4q_avg": 27.77,
            "net_income": 156918,
            "net_income_4q": null,
            "revenue": 3814083,
            "revenue_4q": null,
            "common_shares": 898492,
            "book_valuer_per_share": 26.08,
            "book_valuer_per_share_4q_avg": 27.96,
            "equity": 2369114,
            "current_ratio": 165.04,
            "debt_ratio": 76.2,
            "inventory_turnover_ratio": 1.01,
            "account_receivable_turnover_ratio": 8.27,
            "reinvestment_rate": 25.64,
            "research_to_sale_ratio": null,
            "price_fair": 204.31,
            "eps_avg_yearly": 5.84,
            "eps_latest_yearly": 6.96,
            "eps_growth_yearly": 37.82
        },
        "20232": {
            "year_quarter": 20232,
            "year": 2023,
            "quarter": 2,
            "eps": 1.86,
            "eps_growth_year": -32.12,
            "eps_4q": 5.98,
            "eps_4q_growth_year": -8.05,
            "roe": 6.79,
            "roe_4q": 27.19,
            "gross_profit": 1124604,
            "gross_margin": 27.6,
            "gross_margin_4q_avg": 27.76,
            "net_income": 166908,
            "net_income_4q": null,
            "revenue": 4074373,
            "revenue_4q": null,
            "common_shares": 899185,
            "book_valuer_per_share": 28.02,
            "book_valuer_per_share_4q_avg": 27.47,
            "equity": 2544524,
            "current_ratio": 167.9,
            "debt_ratio": 75.04,
            "inventory_turnover_ratio": 1.04,
            "account_receivable_turnover_ratio": 7.94,
            "reinvestment_rate": 22.38,
            "research_to_sale_ratio": null,
            "price_fair": 211.84,
            "eps_avg_yearly": 6.05,
            "eps_latest_yearly": 7.44,
            "eps_growth_yearly": 28.83
        },
        "20233": {
            "year_quarter": 20233,
            "year": 2023,
            "quarter": 3,
            "eps": 1.47,
            "eps_growth_year": -22.63,
            "eps_4q": 5.87,
            "eps_4q_growth_year": -18.79,
            "roe": 5.91,
            "roe_4q": 25.67,
            "gross_profit": 1114083,
            "gross_margin": 27.48,
            "gross_margin_4q_avg": 27.85,
            "net_income": 163753,
            "net_income_4q": null,
            "revenue": 4054150,
            "revenue_4q": null,
            "common_shares": 1106183,
            "book_valuer_per_share": 26.66,
            "book_valuer_per_share_4q_avg": 27.43,
            "equity": 2998385,
            "current_ratio": 175.2,
            "debt_ratio": 71.09,
            "inventory_turnover_ratio": 1.05,
            "account_receivable_turnover_ratio": 7.19,
            "reinvestment_rate": 18.54,
            "research_to_sale_ratio": null,
            "price_fair": 216.91,
            "eps_avg_yearly": 6.2,
            "eps_latest_yearly": 5.88,
            "eps_growth_yearly": 26.34
        },
        "20234": {
            "year_quarter": 20234,
            "year": 2023,
            "quarter": 4,
            "eps": 1.59,
            "eps_growth_year": -15.17,
            "eps_4q": 5.92,
            "eps_4q_growth_year": -24.06,
            "roe": 5.64,
            "roe_4q": 24.62,
            "gross_profit": 1198893,
            "gross_margin": 28.54,
            "gross_margin_4q_avg": 27.78,
            "net_income": 178905,
            "net_income_4q": null,
            "revenue": 4201095,
            "revenue_4q": null,
            "common_shares": 1117037,
            "book_valuer_per_share": 29.26,
            "book_valuer_per_share_4q_avg": 27.51,
            "equity": 3351303,
            "current_ratio": 179.67,
            "debt_ratio": 68.89,
            "inventory_turnover_ratio": 1.08,
            "account_receivable_turnover_ratio": 6.61,
            "reinvestment_rate": 16.25,
            "research_to_sale_ratio": null,
            "price_fair": 223.48,
            "eps_avg_yearly": 6.39,
            "eps_latest_yearly": 6.36,
            "eps_growth_yearly": 29.79
        }
    },
    "months": {
        "2014-12": {
            "month": "2014-12",
            "price": "75.11",
            "revenue": 179945
        },
        "2015-01": {
            "month": "2015-01",
            "price": "82.92",
            "revenue": 160286
        },
        "2015-02": {
            "month": "2015-02",
            "price": "84.38",
            "revenue": 153035
        },
        "2015-03": {
            "month": "2015-03",
            "price": "83.93",
            "revenue": 168260
        },
        "2015-04": {
            "month": "2015-04",
            "price": "100.37",
            "revenue": 161068
        },
        "2015-05": {
            "month": "2015-05",
            "price": "105.57",
            "revenue": 170322
        },
        "2015-06": {
            "month": "2015-06",
            "price": "110.77",
            "revenue": 164561
        },
        "2015-07": {
            "month": "2015-07",
            "price": "105.77",
            "revenue": 178917
        },
        "2015-08": {
            "month": "2015-08",
            "price": "78.72",
            "revenue": 185189
        },
        "2015-09": {
            "month": "2015-09",
            "price": "69.92",
            "revenue": 190462
        },
        "2015-10": {
            "month": "2015-10",
            "price": "69.51",
            "revenue": 206850
        },
        "2015-11": {
            "month": "2015-11",
            "price": "77.79",
            "revenue": 195732
        },
        "2015-12": {
            "month": "2015-12",
            "price": "95.11",
            "revenue": 205839
        },
        "2016-01": {
            "month": "2016-01",
            "price": "91.63",
            "revenue": 212204
        },
        "2016-02": {
            "month": "2016-02",
            "price": "90.09",
            "revenue": 206453
        },
        "2016-03": {
            "month": "2016-03",
            "price": "85.80",
            "revenue": 217252
        },
        "2016-04": {
            "month": "2016-04",
            "price": "76.44",
            "revenue": 210088
        },
        "2016-05": {
            "month": "2016-05",
            "price": "75.67",
            "revenue": 223585
        },
        "2016-06": {
            "month": "2016-06",
            "price": "77.20",
            "revenue": 224439
        },
        "2016-07": {
            "month": "2016-07",
            "price": "79.08",
            "revenue": 231590
        },
        "2016-08": {
            "month": "2016-08",
            "price": "79.72",
            "revenue": 239600
        },
        "2016-09": {
            "month": "2016-09",
            "price": "78.68",
            "revenue": 238117
        },
        "2016-10": {
            "month": "2016-10",
            "price": "74.76",
            "revenue": 258450
        },
        "2016-11": {
            "month": "2016-11",
            "price": "74.96",
            "revenue": 256879
        },
        "2016-12": {
            "month": "2016-12",
            "price": "77.55",
            "revenue": 283389
        },
        "2017-01": {
            "month": "2017-01",
            "price": "79.66",
            "revenue": 272469
        },
        "2017-02": {
            "month": "2017-02",
            "price": "81.71",
            "revenue": 265085
        },
        "2017-03": {
            "month": "2017-03",
            "price": "87.79",
            "revenue": 280318
        },
        "2017-04": {
            "month": "2017-04",
            "price": "85.29",
            "revenue": 281705
        },
        "2017-05": {
            "month": "2017-05",
            "price": "88.31",
            "revenue": 300268
        },
        "2017-06": {
            "month": "2017-06",
            "price": "92.89",
            "revenue": 295461
        },
        "2017-07": {
            "month": "2017-07",
            "price": "94.80",
            "revenue": 305079
        },
        "2017-08": {
            "month": "2017-08",
            "price": "94.75",
            "revenue": 314091
        },
        "2017-09": {
            "month": "2017-09",
            "price": "87.27",
            "revenue": 311963
        },
        "2017-10": {
            "month": "2017-10",
            "price": "90.49",
            "revenue": 317436
        },
        "2017-11": {
            "month": "2017-11",
            "price": "86.20",
            "revenue": 333807
        },
        "2017-12": {
            "month": "2017-12",
            "price": "85.16",
            "revenue": 342598
        },
        "2018-01": {
            "month": "2018-01",
            "price": "84.17",
            "revenue": 352632
        },
        "2018-02": {
            "month": "2018-02",
            "price": "79.64",
            "revenue": 353024
        },
        "2018-03": {
            "month": "2018-03",
            "price": "82.26",
            "revenue": 378077
        },
        "2018-04": {
            "month": "2018-04",
            "price": "88.67",
            "revenue": 375283
        },
        "2018-05": {
            "month": "2018-05",
            "price": "88.45",
            "revenue": 404405
        },
        "2018-06": {
            "month": "2018-06",
            "price": "87.84",
            "revenue": 384398
        },
        "2018-07": {
            "month": "2018-07",
            "price": "80.82",
            "revenue": 405525
        },
        "2018-08": {
            "month": "2018-08",
            "price": "80.26",
            "revenue": 429075
        },
        "2018-09": {
            "month": "2018-09",
            "price": "75.26",
            "revenue": 426018
        },
        "2018-10": {
            "month": "2018-10",
            "price": "68.61",
            "revenue": 458627
        },
        "2018-11": {
            "month": "2018-11",
            "price": "64.70",
            "revenue": 463304
        },
        "2018-12": {
            "month": "2018-12",
            "price": "61.04",
            "revenue": 479471
        },
        "2019-01": {
            "month": "2019-01",
            "price": "64.52",
            "revenue": 503388
        },
        "2019-02": {
            "month": "2019-02",
            "price": "70.92",
            "revenue": 460878
        },
        "2019-03": {
            "month": "2019-03",
            "price": "76.96",
            "revenue": 515044
        },
        "2019-04": {
            "month": "2019-04",
            "price": "78.37",
            "revenue": 515561
        },
        "2019-05": {
            "month": "2019-05",
            "price": "78.05",
            "revenue": 533959
        },
        "2019-06": {
            "month": "2019-06",
            "price": "78.69",
            "revenue": 532522
        },
        "2019-07": {
            "month": "2019-07",
            "price": "87.83",
            "revenue": 560618
        },
        "2019-08": {
            "month": "2019-08",
            "price": "86.38",
            "revenue": 583989
        },
        "2019-09": {
            "month": "2019-09",
            "price": "83.89",
            "revenue": 574957
        },
        "2019-10": {
            "month": "2019-10",
            "price": "81.99",
            "revenue": 604118
        },
        "2019-11": {
            "month": "2019-11",
            "price": "83.15",
            "revenue": 592672
        },
        "2019-12": {
            "month": "2019-12",
            "price": "82.50",
            "revenue": 616342
        },
        "2020-01": {
            "month": "2020-01",
            "price": "81.31",
            "revenue": 660450
        },
        "2020-02": {
            "month": "2020-02",
            "price": "83.23",
            "revenue": 651797
        },
        "2020-03": {
            "month": "2020-03",
            "price": "76.04",
            "revenue": 707119
        },
        "2020-04": {
            "month": "2020-04",
            "price": "79.98",
            "revenue": 651569
        },
        "2020-05": {
            "month": "2020-05",
            "price": "81.86",
            "revenue": 664379
        },
        "2020-06": {
            "month": "2020-06",
            "price": "87.80",
            "revenue": 666852
        },
        "2020-07": {
            "month": "2020-07",
            "price": "88.90",
            "revenue": 749633
        },
        "2020-08": {
            "month": "2020-08",
            "price": "92.71",
            "revenue": 752254
        },
        "2020-09": {
            "month": "2020-09",
            "price": "97.73",
            "revenue": 746617
        },
        "2020-10": {
            "month": "2020-10",
            "price": "87.73",
            "revenue": 769508
        },
        "2020-11": {
            "month": "2020-11",
            "price": "91.87",
            "revenue": 794618
        },
        "2020-12": {
            "month": "2020-12",
            "price": "96.67",
            "revenue": 810476
        },
        "2021-01": {
            "month": "2021-01",
            "price": "95.54",
            "revenue": 842498
        },
        "2021-02": {
            "month": "2021-02",
            "price": "97.17",
            "revenue": 826819
        },
        "2021-03": {
            "month": "2021-03",
            "price": "110.30",
            "revenue": 816949
        },
        "2021-04": {
            "month": "2021-04",
            "price": "143.92",
            "revenue": 808680
        },
        "2021-05": {
            "month": "2021-05",
            "price": "139.17",
            "revenue": 1077731
        },
        "2021-06": {
            "month": "2021-06",
            "price": "162.05",
            "revenue": 935670
        },
        "2021-07": {
            "month": "2021-07",
            "price": "208.00",
            "revenue": 970885
        },
        "2021-08": {
            "month": "2021-08",
            "price": "259.00",
            "revenue": 976227
        },
        "2021-09": {
            "month": "2021-09",
            "price": "234.65",
            "revenue": 962509
        },
        "2021-10": {
            "month": "2021-10",
            "price": "201.48",
            "revenue": 1058575
        },
        "2021-11": {
            "month": "2021-11",
            "price": "212.05",
            "revenue": 994974
        },
        "2021-12": {
            "month": "2021-12",
            "price": "216.82",
            "revenue": 997780
        },
        "2022-01": {
            "month": "2022-01",
            "price": "205.28",
            "revenue": 1142444
        },
        "2022-02": {
            "month": "2022-02",
            "price": "228.80",
            "revenue": 979360
        },
        "2022-03": {
            "month": "2022-03",
            "price": "280.57",
            "revenue": 1075922
        },
        "2022-04": {
            "month": "2022-04",
            "price": "279.32",
            "revenue": 1297002
        },
        "2022-05": {
            "month": "2022-05",
            "price": "268.79",
            "revenue": 1471035
        },
        "2022-06": {
            "month": "2022-06",
            "price": "306.21",
            "revenue": 1205506
        },
        "2022-07": {
            "month": "2022-07",
            "price": "304.43",
            "revenue": 1176285
        },
        "2022-08": {
            "month": "2022-08",
            "price": "286.93",
            "revenue": 1216833
        },
        "2022-09": {
            "month": "2022-09",
            "price": "288.17",
            "revenue": 1227004
        },
        "2022-10": {
            "month": "2022-10",
            "price": "277.62",
            "revenue": 1317806
        },
        "2022-11": {
            "month": "2022-11",
            "price": "289.57",
            "revenue": 1197983
        },
        "2022-12": {
            "month": "2022-12",
            "price": "291.34",
            "revenue": 1277275
        },
        "2023-01": {
            "month": "2023-01",
            "price": "303.96",
            "revenue": 1344862
        },
        "2023-02": {
            "month": "2023-02",
            "price": "323.00",
            "revenue": 1173273
        },
        "2023-03": {
            "month": "2023-03",
            "price": "358.63",
            "revenue": 1298607
        },
        "2023-04": {
            "month": "2023-04",
            "price": "389.50",
            "revenue": 1356558
        },
        "2023-05": {
            "month": "2023-05",
            "price": "383.59",
            "revenue": 1379383
        },
        "2023-06": {
            "month": "2023-06",
            "price": "360.45",
            "revenue": 1327110
        },
        "2023-07": {
            "month": "2023-07",
            "price": "405.12",
            "revenue": 1329170
        },
        "2023-08": {
            "month": "2023-08",
            "price": "367.66",
            "revenue": 1375563
        },
        "2023-09": {
            "month": "2023-09",
            "price": "346.88",
            "revenue": 1350329
        },
        "2023-10": {
            "month": "2023-10",
            "price": "352.35",
            "revenue": 1446712
        },
        "2023-11": {
            "month": "2023-11",
            "price": "342.64",
            "revenue": 1383432
        },
        "2023-12": {
            "month": "2023-12",
            "price": "345.50",
            "revenue": 1363246
        },
        "2024-01": {
            "month": "2024-01",
            "price": "340.98",
            "revenue": 1423794
        },
        "2024-02": {
            "month": "2024-02",
            "price": "310.46",
            "revenue": 1376972
        }
    }
}
