{
    "summary": {
        "stock_name": "宇智",
        "stock_id": "6470",
        "category": "通信網路",
        "main_business": "設計及製造以無線寬頻及數位串流為核心技術之網路通訊設備",
        "website_url": "http://www.u-media.com.tw",
        "ceo": "袁允中",
        "pe_ratio": 14,
        "report_year_from": 2013,
        "report_year_to": 2023,
        "age": 11,
        "eps_negative_percentage": 0,
        "eps_growth_avg": {
            "last_all": 16.4,
            "last_2y": 6.3,
            "last_4y": 12.67,
            "last_8y": 16.4,
            "last_12y": null,
            "last_16y": null,
            "last_20y": null,
            "at_2006_last_3y": null,
            "at_2007_last_3y": null,
            "at_2008_last_3y": null,
            "at_2009_last_3y": null,
            "at_2010_last_3y": null,
            "at_2011_last_3y": null,
            "at_2012_last_3y": null,
            "at_2013_last_3y": null,
            "at_2014_last_3y": null,
            "at_2015_last_3y": null,
            "at_2016_last_3y": null,
            "at_2017_last_3y": null,
            "at_2018_last_3y": 21.06,
            "at_2019_last_3y": -3.34,
            "at_2020_last_3y": 9.37,
            "at_2021_last_3y": 16.59,
            "at_2022_last_3y": 23.95,
            "at_2023_last_3y": 15.23,
            "at_2024_last_3y": 15.23,
            "at_2006_last_all": null,
            "at_2007_last_all": null,
            "at_2008_last_all": null,
            "at_2009_last_all": null,
            "at_2010_last_all": null,
            "at_2011_last_all": null,
            "at_2012_last_all": null,
            "at_2013_last_all": null,
            "at_2014_last_all": null,
            "at_2015_last_all": null,
            "at_2016_last_all": 45.59,
            "at_2017_last_all": 11.18,
            "at_2018_last_all": 21.06,
            "at_2019_last_all": 17.33,
            "at_2020_last_all": 21.44,
            "at_2021_last_all": 14.27,
            "at_2022_last_all": 22.5,
            "at_2023_last_all": 16.4,
            "at_2024_last_all": 16.4
        },
        "latest_eps": 4.08,
        "latest_price": 56.6,
        "latest_roe": 15.78,
        "latest_gross_margin": 15.16,
        "latest_equity": 1094865,
        "latest_revenue": 506436,
        "latest_gross_profit": 76790,
        "latest_net_income": -11640,
        "latest_debt_ratio": 33.15,
        "latest_current_ratio": 288.61,
        "latest_account_receivable_turnover_ratio": 0.84,
        "latest_inventory_turnover_ratio": 1.81,
        "latest_reinvestment_rate": -1.38,
        "latest_research_to_sale_ratio": 6.24
    },
    "eps_dividends": {
        "2001": {
            "cash": 0,
            "stock": 0,
            "eps": 0
        },
        "2002": {
            "cash": 0,
            "stock": 0,
            "eps": 0
        },
        "2003": {
            "cash": 0,
            "stock": 0,
            "eps": 0
        },
        "2004": {
            "cash": 0,
            "stock": 0,
            "eps": 0
        },
        "2005": {
            "cash": 0,
            "stock": 0,
            "eps": 0
        },
        "2006": {
            "cash": 0,
            "stock": 0,
            "eps": 0
        },
        "2007": {
            "cash": 0,
            "stock": 0,
            "eps": 0
        },
        "2008": {
            "cash": 0,
            "stock": 0,
            "eps": 0
        },
        "2009": {
            "cash": 0,
            "stock": 0,
            "eps": 0
        },
        "2010": {
            "cash": 0,
            "stock": 0,
            "eps": 0
        },
        "2011": {
            "cash": 0,
            "stock": 0,
            "eps": 0
        },
        "2012": {
            "cash": 0,
            "stock": 0,
            "eps": 0
        },
        "2013": {
            "cash": 0,
            "stock": 0,
            "eps": 0
        },
        "2014": {
            "cash": 0,
            "stock": 0,
            "eps": 1.01
        },
        "2015": {
            "cash": 2.5,
            "stock": 0.5,
            "eps": 5.67
        },
        "2016": {
            "cash": 4,
            "stock": 0,
            "eps": 5.17
        },
        "2017": {
            "cash": 4,
            "stock": 0,
            "eps": 2.19
        },
        "2018": {
            "cash": 2,
            "stock": 0,
            "eps": 3.3
        },
        "2019": {
            "cash": 2.5,
            "stock": 0,
            "eps": 3.38
        },
        "2020": {
            "cash": 2.5,
            "stock": 0,
            "eps": 4.8
        },
        "2021": {
            "cash": 3.5,
            "stock": 0,
            "eps": 3.42
        },
        "2022": {
            "cash": 2.7,
            "stock": 0,
            "eps": 6.16
        },
        "2023": {
            "cash": 4,
            "stock": 0,
            "eps": 4.16
        },
        "2024": {
            "cash": 2.8,
            "stock": 0,
            "eps": 0
        }
    },
    "dividends": {
        "2015-08-10": {
            "cash": 2.5,
            "stock": 0.5
        },
        "2016-07-22": {
            "cash": 4,
            "stock": 0
        },
        "2017-08-03": {
            "cash": 4,
            "stock": 0
        },
        "2018-07-20": {
            "cash": 2,
            "stock": 0
        },
        "2019-07-05": {
            "cash": 2.5,
            "stock": 0
        },
        "2020-07-28": {
            "cash": 2.5,
            "stock": 0
        },
        "2021-07-01": {
            "cash": 3.5,
            "stock": 0
        },
        "2022-07-01": {
            "cash": 2.7,
            "stock": 0
        },
        "2023-05-12": {
            "cash": 4,
            "stock": 0
        },
        "2024-03-08": {
            "cash": 2.8,
            "stock": 0
        }
    },
    "prices": {
        "200101": "無",
        "200102": "無",
        "200103": "無",
        "200104": "無",
        "200105": "無",
        "200106": "無",
        "200107": "無",
        "200108": "無",
        "200109": "無",
        "200110": "無",
        "200111": "無",
        "200112": "無",
        "200201": "無",
        "200202": "無",
        "200203": "無",
        "200204": "無",
        "200205": "無",
        "200206": "無",
        "200207": "無",
        "200208": "無",
        "200209": "無",
        "200210": "無",
        "200211": "無",
        "200212": "無",
        "200301": "無",
        "200302": "無",
        "200303": "無",
        "200304": "無",
        "200305": "無",
        "200306": "無",
        "200307": "無",
        "200308": "無",
        "200309": "無",
        "200310": "無",
        "200311": "無",
        "200312": "無",
        "200401": "無",
        "200402": "無",
        "200403": "無",
        "200404": "無",
        "200405": "無",
        "200406": "無",
        "200407": "無",
        "200408": "無",
        "200409": "無",
        "200410": "無",
        "200411": "無",
        "200412": "無",
        "200501": "無",
        "200502": "無",
        "200503": "無",
        "200504": "無",
        "200505": "無",
        "200506": "無",
        "200507": "無",
        "200508": "無",
        "200509": "無",
        "200510": "無",
        "200511": "無",
        "200512": "無",
        "200601": "無",
        "200602": "無",
        "200603": "無",
        "200604": "無",
        "200605": "無",
        "200606": "無",
        "200607": "無",
        "200608": "無",
        "200609": "無",
        "200610": "無",
        "200611": "無",
        "200612": "無",
        "200701": "無",
        "200702": "無",
        "200703": "無",
        "200704": "無",
        "200705": "無",
        "200706": "無",
        "200707": "無",
        "200708": "無",
        "200709": "無",
        "200710": "無",
        "200711": "無",
        "200712": "無",
        "200801": "無",
        "200802": "無",
        "200803": "無",
        "200804": "無",
        "200805": "無",
        "200806": "無",
        "200807": "無",
        "200808": "無",
        "200809": "無",
        "200810": "無",
        "200811": "無",
        "200812": "無",
        "200901": "無",
        "200902": "無",
        "200903": "無",
        "200904": "無",
        "200905": "無",
        "200906": "無",
        "200907": "無",
        "200908": "無",
        "200909": "無",
        "200910": "無",
        "200911": "無",
        "200912": "無",
        "201001": "無",
        "201002": "無",
        "201003": "無",
        "201004": "無",
        "201005": "無",
        "201006": "無",
        "201007": "無",
        "201008": "無",
        "201009": "無",
        "201010": "無",
        "201011": "無",
        "201012": "無",
        "201101": "無",
        "201102": "無",
        "201103": "無",
        "201104": "無",
        "201105": "無",
        "201106": "無",
        "201107": "無",
        "201108": "無",
        "201109": "無",
        "201110": "無",
        "201111": "無",
        "201112": "無",
        "201201": "無",
        "201202": "無",
        "201203": "無",
        "201204": "無",
        "201205": "無",
        "201206": "無",
        "201207": "無",
        "201208": "無",
        "201209": "無",
        "201210": "無",
        "201211": "無",
        "201212": "無",
        "201301": "無",
        "201302": "無",
        "201303": "無",
        "201304": "無",
        "201305": "無",
        "201306": "無",
        "201307": "無",
        "201308": "無",
        "201309": "無",
        "201310": "無",
        "201311": "無",
        "201312": "無",
        "201401": "無",
        "201402": "無",
        "201403": "無",
        "201404": "無",
        "201405": "無",
        "201406": "無",
        "201407": "無",
        "201408": "無",
        "201409": "32.89",
        "201410": "30.94",
        "201411": "29.60",
        "201412": "30.80",
        "201501": "37.67",
        "201502": "39.17",
        "201503": "48.88",
        "201504": "51.67",
        "201505": "50.59",
        "201506": "50.27",
        "201507": "45.09",
        "201508": "37.62",
        "201509": "38.68",
        "201510": "44.06",
        "201511": "59.48",
        "201512": "52.68",
        "201601": "46.73",
        "201602": "50.88",
        "201603": "56.30",
        "201604": "51.41",
        "201605": "48.84",
        "201606": "49.25",
        "201607": "46.33",
        "201608": "51.37",
        "201609": "51.96",
        "201610": "48.98",
        "201611": "46.83",
        "201612": "47.58",
        "201701": "50.58",
        "201702": "52.36",
        "201703": "61.00",
        "201704": "66.54",
        "201705": "62.25",
        "201706": "60.68",
        "201707": "52.89",
        "201708": "46.23",
        "201709": "42.25",
        "201710": "40.81",
        "201711": "38.45",
        "201712": "36.60",
        "201801": "36.41",
        "201802": "34.65",
        "201803": "35.94",
        "201804": "32.97",
        "201805": "32.13",
        "201806": "35.09",
        "201807": "34.13",
        "201808": "36.26",
        "201809": "37.25",
        "201810": "34.91",
        "201811": "33.85",
        "201812": "43.83",
        "201901": "46.63",
        "201902": "45.39",
        "201903": "44.40",
        "201904": "47.31",
        "201905": "41.71",
        "201906": "40.78",
        "201907": "43.34",
        "201908": "43.40",
        "201909": "50.46",
        "201910": "50.22",
        "201911": "48.50",
        "201912": "48.17",
        "202001": "46.46",
        "202002": "44.98",
        "202003": "37.04",
        "202004": "38.56",
        "202005": "40.73",
        "202006": "44.41",
        "202007": "44.54",
        "202008": "46.14",
        "202009": "45.57",
        "202010": "48.11",
        "202011": "52.43",
        "202012": "59.00",
        "202101": "52.88",
        "202102": "52.84",
        "202103": "57.13",
        "202104": "57.14",
        "202105": "50.37",
        "202106": "49.22",
        "202107": "47.58",
        "202108": "42.84",
        "202109": "40.26",
        "202110": "41.86",
        "202111": "44.81",
        "202112": "43.97",
        "202201": "44.31",
        "202202": "44.14",
        "202203": "43.78",
        "202204": "51.09",
        "202205": "60.71",
        "202206": "68.70",
        "202207": "67.67",
        "202208": "70.89",
        "202209": "59.32",
        "202210": "49.69",
        "202211": "55.49",
        "202212": "58.61",
        "202301": "54.58",
        "202302": "60.07",
        "202303": "64.55",
        "202304": "66.48",
        "202305": "62.58",
        "202306": "70.66",
        "202307": "82.67",
        "202308": "71.06",
        "202309": "70.86",
        "202310": "66.28",
        "202311": "66.15",
        "202312": "65.50",
        "202401": "62.44",
        "202402": "60.51",
        "202403": "58.06",
        "202404": "無"
    },
    "quarters": {
        "20011": {
            "year_quarter": 20011,
            "year": 2001,
            "quarter": 1,
            "eps": null,
            "eps_growth_year": null,
            "eps_4q": null,
            "eps_4q_growth_year": null,
            "roe": null,
            "roe_4q": 0,
            "gross_profit": null,
            "gross_margin": null,
            "gross_margin_4q_avg": 0,
            "net_income": null,
            "net_income_4q": null,
            "revenue": null,
            "revenue_4q": null,
            "common_shares": null,
            "book_valuer_per_share": null,
            "book_valuer_per_share_4q_avg": 0,
            "equity": null,
            "current_ratio": null,
            "debt_ratio": null,
            "inventory_turnover_ratio": null,
            "account_receivable_turnover_ratio": null,
            "reinvestment_rate": null,
            "research_to_sale_ratio": null,
            "price_fair": 0,
            "eps_avg_yearly": 0,
            "eps_latest_yearly": 0,
            "eps_growth_yearly": 0
        },
        "20012": {
            "year_quarter": 20012,
            "year": 2001,
            "quarter": 2,
            "eps": null,
            "eps_growth_year": null,
            "eps_4q": null,
            "eps_4q_growth_year": null,
            "roe": null,
            "roe_4q": 0,
            "gross_profit": null,
            "gross_margin": null,
            "gross_margin_4q_avg": 0,
            "net_income": null,
            "net_income_4q": null,
            "revenue": null,
            "revenue_4q": null,
            "common_shares": null,
            "book_valuer_per_share": null,
            "book_valuer_per_share_4q_avg": 0,
            "equity": null,
            "current_ratio": null,
            "debt_ratio": null,
            "inventory_turnover_ratio": null,
            "account_receivable_turnover_ratio": null,
            "reinvestment_rate": null,
            "research_to_sale_ratio": null,
            "price_fair": 0,
            "eps_avg_yearly": 0,
            "eps_latest_yearly": 0,
            "eps_growth_yearly": 0
        },
        "20013": {
            "year_quarter": 20013,
            "year": 2001,
            "quarter": 3,
            "eps": null,
            "eps_growth_year": null,
            "eps_4q": null,
            "eps_4q_growth_year": null,
            "roe": null,
            "roe_4q": 0,
            "gross_profit": null,
            "gross_margin": null,
            "gross_margin_4q_avg": 0,
            "net_income": null,
            "net_income_4q": null,
            "revenue": null,
            "revenue_4q": null,
            "common_shares": null,
            "book_valuer_per_share": null,
            "book_valuer_per_share_4q_avg": 0,
            "equity": null,
            "current_ratio": null,
            "debt_ratio": null,
            "inventory_turnover_ratio": null,
            "account_receivable_turnover_ratio": null,
            "reinvestment_rate": null,
            "research_to_sale_ratio": null,
            "price_fair": 0,
            "eps_avg_yearly": 0,
            "eps_latest_yearly": 0,
            "eps_growth_yearly": 0
        },
        "20014": {
            "year_quarter": 20014,
            "year": 2001,
            "quarter": 4,
            "eps": null,
            "eps_growth_year": null,
            "eps_4q": null,
            "eps_4q_growth_year": null,
            "roe": null,
            "roe_4q": 0,
            "gross_profit": null,
            "gross_margin": null,
            "gross_margin_4q_avg": 0,
            "net_income": null,
            "net_income_4q": null,
            "revenue": null,
            "revenue_4q": null,
            "common_shares": null,
            "book_valuer_per_share": null,
            "book_valuer_per_share_4q_avg": 0,
            "equity": null,
            "current_ratio": null,
            "debt_ratio": null,
            "inventory_turnover_ratio": null,
            "account_receivable_turnover_ratio": null,
            "reinvestment_rate": null,
            "research_to_sale_ratio": null,
            "price_fair": 0,
            "eps_avg_yearly": 0,
            "eps_latest_yearly": 0,
            "eps_growth_yearly": 0
        },
        "20021": {
            "year_quarter": 20021,
            "year": 2002,
            "quarter": 1,
            "eps": null,
            "eps_growth_year": null,
            "eps_4q": null,
            "eps_4q_growth_year": null,
            "roe": null,
            "roe_4q": 0,
            "gross_profit": null,
            "gross_margin": null,
            "gross_margin_4q_avg": 0,
            "net_income": null,
            "net_income_4q": null,
            "revenue": null,
            "revenue_4q": null,
            "common_shares": null,
            "book_valuer_per_share": null,
            "book_valuer_per_share_4q_avg": 0,
            "equity": null,
            "current_ratio": null,
            "debt_ratio": null,
            "inventory_turnover_ratio": null,
            "account_receivable_turnover_ratio": null,
            "reinvestment_rate": null,
            "research_to_sale_ratio": null,
            "price_fair": 0,
            "eps_avg_yearly": 0,
            "eps_latest_yearly": 0,
            "eps_growth_yearly": 0
        },
        "20022": {
            "year_quarter": 20022,
            "year": 2002,
            "quarter": 2,
            "eps": null,
            "eps_growth_year": null,
            "eps_4q": null,
            "eps_4q_growth_year": null,
            "roe": null,
            "roe_4q": 0,
            "gross_profit": null,
            "gross_margin": null,
            "gross_margin_4q_avg": 0,
            "net_income": null,
            "net_income_4q": null,
            "revenue": null,
            "revenue_4q": null,
            "common_shares": null,
            "book_valuer_per_share": null,
            "book_valuer_per_share_4q_avg": 0,
            "equity": null,
            "current_ratio": null,
            "debt_ratio": null,
            "inventory_turnover_ratio": null,
            "account_receivable_turnover_ratio": null,
            "reinvestment_rate": null,
            "research_to_sale_ratio": null,
            "price_fair": 0,
            "eps_avg_yearly": 0,
            "eps_latest_yearly": 0,
            "eps_growth_yearly": 0
        },
        "20023": {
            "year_quarter": 20023,
            "year": 2002,
            "quarter": 3,
            "eps": null,
            "eps_growth_year": null,
            "eps_4q": null,
            "eps_4q_growth_year": null,
            "roe": null,
            "roe_4q": 0,
            "gross_profit": null,
            "gross_margin": null,
            "gross_margin_4q_avg": 0,
            "net_income": null,
            "net_income_4q": null,
            "revenue": null,
            "revenue_4q": null,
            "common_shares": null,
            "book_valuer_per_share": null,
            "book_valuer_per_share_4q_avg": 0,
            "equity": null,
            "current_ratio": null,
            "debt_ratio": null,
            "inventory_turnover_ratio": null,
            "account_receivable_turnover_ratio": null,
            "reinvestment_rate": null,
            "research_to_sale_ratio": null,
            "price_fair": 0,
            "eps_avg_yearly": 0,
            "eps_latest_yearly": 0,
            "eps_growth_yearly": 0
        },
        "20024": {
            "year_quarter": 20024,
            "year": 2002,
            "quarter": 4,
            "eps": null,
            "eps_growth_year": null,
            "eps_4q": null,
            "eps_4q_growth_year": null,
            "roe": null,
            "roe_4q": 0,
            "gross_profit": null,
            "gross_margin": null,
            "gross_margin_4q_avg": 0,
            "net_income": null,
            "net_income_4q": null,
            "revenue": null,
            "revenue_4q": null,
            "common_shares": null,
            "book_valuer_per_share": null,
            "book_valuer_per_share_4q_avg": 0,
            "equity": null,
            "current_ratio": null,
            "debt_ratio": null,
            "inventory_turnover_ratio": null,
            "account_receivable_turnover_ratio": null,
            "reinvestment_rate": null,
            "research_to_sale_ratio": null,
            "price_fair": 0,
            "eps_avg_yearly": 0,
            "eps_latest_yearly": 0,
            "eps_growth_yearly": 0
        },
        "20031": {
            "year_quarter": 20031,
            "year": 2003,
            "quarter": 1,
            "eps": null,
            "eps_growth_year": null,
            "eps_4q": null,
            "eps_4q_growth_year": null,
            "roe": null,
            "roe_4q": 0,
            "gross_profit": null,
            "gross_margin": null,
            "gross_margin_4q_avg": 0,
            "net_income": null,
            "net_income_4q": null,
            "revenue": null,
            "revenue_4q": null,
            "common_shares": null,
            "book_valuer_per_share": null,
            "book_valuer_per_share_4q_avg": 0,
            "equity": null,
            "current_ratio": null,
            "debt_ratio": null,
            "inventory_turnover_ratio": null,
            "account_receivable_turnover_ratio": null,
            "reinvestment_rate": null,
            "research_to_sale_ratio": null,
            "price_fair": 0,
            "eps_avg_yearly": 0,
            "eps_latest_yearly": 0,
            "eps_growth_yearly": 0
        },
        "20032": {
            "year_quarter": 20032,
            "year": 2003,
            "quarter": 2,
            "eps": null,
            "eps_growth_year": null,
            "eps_4q": null,
            "eps_4q_growth_year": null,
            "roe": null,
            "roe_4q": 0,
            "gross_profit": null,
            "gross_margin": null,
            "gross_margin_4q_avg": 0,
            "net_income": null,
            "net_income_4q": null,
            "revenue": null,
            "revenue_4q": null,
            "common_shares": null,
            "book_valuer_per_share": null,
            "book_valuer_per_share_4q_avg": 0,
            "equity": null,
            "current_ratio": null,
            "debt_ratio": null,
            "inventory_turnover_ratio": null,
            "account_receivable_turnover_ratio": null,
            "reinvestment_rate": null,
            "research_to_sale_ratio": null,
            "price_fair": 0,
            "eps_avg_yearly": 0,
            "eps_latest_yearly": 0,
            "eps_growth_yearly": 0
        },
        "20033": {
            "year_quarter": 20033,
            "year": 2003,
            "quarter": 3,
            "eps": null,
            "eps_growth_year": null,
            "eps_4q": null,
            "eps_4q_growth_year": null,
            "roe": null,
            "roe_4q": 0,
            "gross_profit": null,
            "gross_margin": null,
            "gross_margin_4q_avg": 0,
            "net_income": null,
            "net_income_4q": null,
            "revenue": null,
            "revenue_4q": null,
            "common_shares": null,
            "book_valuer_per_share": null,
            "book_valuer_per_share_4q_avg": 0,
            "equity": null,
            "current_ratio": null,
            "debt_ratio": null,
            "inventory_turnover_ratio": null,
            "account_receivable_turnover_ratio": null,
            "reinvestment_rate": null,
            "research_to_sale_ratio": null,
            "price_fair": 0,
            "eps_avg_yearly": 0,
            "eps_latest_yearly": 0,
            "eps_growth_yearly": 0
        },
        "20034": {
            "year_quarter": 20034,
            "year": 2003,
            "quarter": 4,
            "eps": null,
            "eps_growth_year": null,
            "eps_4q": null,
            "eps_4q_growth_year": null,
            "roe": null,
            "roe_4q": 0,
            "gross_profit": null,
            "gross_margin": null,
            "gross_margin_4q_avg": 0,
            "net_income": null,
            "net_income_4q": null,
            "revenue": null,
            "revenue_4q": null,
            "common_shares": null,
            "book_valuer_per_share": null,
            "book_valuer_per_share_4q_avg": 0,
            "equity": null,
            "current_ratio": null,
            "debt_ratio": null,
            "inventory_turnover_ratio": null,
            "account_receivable_turnover_ratio": null,
            "reinvestment_rate": null,
            "research_to_sale_ratio": null,
            "price_fair": 0,
            "eps_avg_yearly": 0,
            "eps_latest_yearly": 0,
            "eps_growth_yearly": 0
        },
        "20041": {
            "year_quarter": 20041,
            "year": 2004,
            "quarter": 1,
            "eps": null,
            "eps_growth_year": null,
            "eps_4q": null,
            "eps_4q_growth_year": null,
            "roe": null,
            "roe_4q": 0,
            "gross_profit": null,
            "gross_margin": null,
            "gross_margin_4q_avg": 0,
            "net_income": null,
            "net_income_4q": null,
            "revenue": null,
            "revenue_4q": null,
            "common_shares": null,
            "book_valuer_per_share": null,
            "book_valuer_per_share_4q_avg": 0,
            "equity": null,
            "current_ratio": null,
            "debt_ratio": null,
            "inventory_turnover_ratio": null,
            "account_receivable_turnover_ratio": null,
            "reinvestment_rate": null,
            "research_to_sale_ratio": null,
            "price_fair": 0,
            "eps_avg_yearly": 0,
            "eps_latest_yearly": 0,
            "eps_growth_yearly": 0
        },
        "20042": {
            "year_quarter": 20042,
            "year": 2004,
            "quarter": 2,
            "eps": null,
            "eps_growth_year": null,
            "eps_4q": null,
            "eps_4q_growth_year": null,
            "roe": null,
            "roe_4q": 0,
            "gross_profit": null,
            "gross_margin": null,
            "gross_margin_4q_avg": 0,
            "net_income": null,
            "net_income_4q": null,
            "revenue": null,
            "revenue_4q": null,
            "common_shares": null,
            "book_valuer_per_share": null,
            "book_valuer_per_share_4q_avg": 0,
            "equity": null,
            "current_ratio": null,
            "debt_ratio": null,
            "inventory_turnover_ratio": null,
            "account_receivable_turnover_ratio": null,
            "reinvestment_rate": null,
            "research_to_sale_ratio": null,
            "price_fair": 0,
            "eps_avg_yearly": 0,
            "eps_latest_yearly": 0,
            "eps_growth_yearly": 0
        },
        "20043": {
            "year_quarter": 20043,
            "year": 2004,
            "quarter": 3,
            "eps": null,
            "eps_growth_year": null,
            "eps_4q": null,
            "eps_4q_growth_year": null,
            "roe": null,
            "roe_4q": 0,
            "gross_profit": null,
            "gross_margin": null,
            "gross_margin_4q_avg": 0,
            "net_income": null,
            "net_income_4q": null,
            "revenue": null,
            "revenue_4q": null,
            "common_shares": null,
            "book_valuer_per_share": null,
            "book_valuer_per_share_4q_avg": 0,
            "equity": null,
            "current_ratio": null,
            "debt_ratio": null,
            "inventory_turnover_ratio": null,
            "account_receivable_turnover_ratio": null,
            "reinvestment_rate": null,
            "research_to_sale_ratio": null,
            "price_fair": 0,
            "eps_avg_yearly": 0,
            "eps_latest_yearly": 0,
            "eps_growth_yearly": 0
        },
        "20044": {
            "year_quarter": 20044,
            "year": 2004,
            "quarter": 4,
            "eps": null,
            "eps_growth_year": null,
            "eps_4q": null,
            "eps_4q_growth_year": null,
            "roe": null,
            "roe_4q": 0,
            "gross_profit": null,
            "gross_margin": null,
            "gross_margin_4q_avg": 0,
            "net_income": null,
            "net_income_4q": null,
            "revenue": null,
            "revenue_4q": null,
            "common_shares": null,
            "book_valuer_per_share": null,
            "book_valuer_per_share_4q_avg": 0,
            "equity": null,
            "current_ratio": null,
            "debt_ratio": null,
            "inventory_turnover_ratio": null,
            "account_receivable_turnover_ratio": null,
            "reinvestment_rate": null,
            "research_to_sale_ratio": null,
            "price_fair": 0,
            "eps_avg_yearly": 0,
            "eps_latest_yearly": 0,
            "eps_growth_yearly": 0
        },
        "20051": {
            "year_quarter": 20051,
            "year": 2005,
            "quarter": 1,
            "eps": null,
            "eps_growth_year": null,
            "eps_4q": null,
            "eps_4q_growth_year": null,
            "roe": null,
            "roe_4q": 0,
            "gross_profit": null,
            "gross_margin": null,
            "gross_margin_4q_avg": 0,
            "net_income": null,
            "net_income_4q": null,
            "revenue": null,
            "revenue_4q": null,
            "common_shares": null,
            "book_valuer_per_share": null,
            "book_valuer_per_share_4q_avg": 0,
            "equity": null,
            "current_ratio": null,
            "debt_ratio": null,
            "inventory_turnover_ratio": null,
            "account_receivable_turnover_ratio": null,
            "reinvestment_rate": null,
            "research_to_sale_ratio": null,
            "price_fair": 0,
            "eps_avg_yearly": 0,
            "eps_latest_yearly": 0,
            "eps_growth_yearly": 0
        },
        "20052": {
            "year_quarter": 20052,
            "year": 2005,
            "quarter": 2,
            "eps": null,
            "eps_growth_year": null,
            "eps_4q": null,
            "eps_4q_growth_year": null,
            "roe": null,
            "roe_4q": 0,
            "gross_profit": null,
            "gross_margin": null,
            "gross_margin_4q_avg": 0,
            "net_income": null,
            "net_income_4q": null,
            "revenue": null,
            "revenue_4q": null,
            "common_shares": null,
            "book_valuer_per_share": null,
            "book_valuer_per_share_4q_avg": 0,
            "equity": null,
            "current_ratio": null,
            "debt_ratio": null,
            "inventory_turnover_ratio": null,
            "account_receivable_turnover_ratio": null,
            "reinvestment_rate": null,
            "research_to_sale_ratio": null,
            "price_fair": 0,
            "eps_avg_yearly": 0,
            "eps_latest_yearly": 0,
            "eps_growth_yearly": 0
        },
        "20053": {
            "year_quarter": 20053,
            "year": 2005,
            "quarter": 3,
            "eps": null,
            "eps_growth_year": null,
            "eps_4q": null,
            "eps_4q_growth_year": null,
            "roe": null,
            "roe_4q": 0,
            "gross_profit": null,
            "gross_margin": null,
            "gross_margin_4q_avg": 0,
            "net_income": null,
            "net_income_4q": null,
            "revenue": null,
            "revenue_4q": null,
            "common_shares": null,
            "book_valuer_per_share": null,
            "book_valuer_per_share_4q_avg": 0,
            "equity": null,
            "current_ratio": null,
            "debt_ratio": null,
            "inventory_turnover_ratio": null,
            "account_receivable_turnover_ratio": null,
            "reinvestment_rate": null,
            "research_to_sale_ratio": null,
            "price_fair": 0,
            "eps_avg_yearly": 0,
            "eps_latest_yearly": 0,
            "eps_growth_yearly": 0
        },
        "20054": {
            "year_quarter": 20054,
            "year": 2005,
            "quarter": 4,
            "eps": null,
            "eps_growth_year": null,
            "eps_4q": null,
            "eps_4q_growth_year": null,
            "roe": null,
            "roe_4q": 0,
            "gross_profit": null,
            "gross_margin": null,
            "gross_margin_4q_avg": 0,
            "net_income": null,
            "net_income_4q": null,
            "revenue": null,
            "revenue_4q": null,
            "common_shares": null,
            "book_valuer_per_share": null,
            "book_valuer_per_share_4q_avg": 0,
            "equity": null,
            "current_ratio": null,
            "debt_ratio": null,
            "inventory_turnover_ratio": null,
            "account_receivable_turnover_ratio": null,
            "reinvestment_rate": null,
            "research_to_sale_ratio": null,
            "price_fair": 0,
            "eps_avg_yearly": 0,
            "eps_latest_yearly": 0,
            "eps_growth_yearly": 0
        },
        "20061": {
            "year_quarter": 20061,
            "year": 2006,
            "quarter": 1,
            "eps": null,
            "eps_growth_year": null,
            "eps_4q": null,
            "eps_4q_growth_year": null,
            "roe": null,
            "roe_4q": 0,
            "gross_profit": null,
            "gross_margin": null,
            "gross_margin_4q_avg": 0,
            "net_income": null,
            "net_income_4q": null,
            "revenue": null,
            "revenue_4q": null,
            "common_shares": null,
            "book_valuer_per_share": null,
            "book_valuer_per_share_4q_avg": 0,
            "equity": null,
            "current_ratio": null,
            "debt_ratio": null,
            "inventory_turnover_ratio": null,
            "account_receivable_turnover_ratio": null,
            "reinvestment_rate": null,
            "research_to_sale_ratio": null,
            "price_fair": 0,
            "eps_avg_yearly": 0,
            "eps_latest_yearly": 0,
            "eps_growth_yearly": 0
        },
        "20062": {
            "year_quarter": 20062,
            "year": 2006,
            "quarter": 2,
            "eps": null,
            "eps_growth_year": null,
            "eps_4q": null,
            "eps_4q_growth_year": null,
            "roe": null,
            "roe_4q": 0,
            "gross_profit": null,
            "gross_margin": null,
            "gross_margin_4q_avg": 0,
            "net_income": null,
            "net_income_4q": null,
            "revenue": null,
            "revenue_4q": null,
            "common_shares": null,
            "book_valuer_per_share": null,
            "book_valuer_per_share_4q_avg": 0,
            "equity": null,
            "current_ratio": null,
            "debt_ratio": null,
            "inventory_turnover_ratio": null,
            "account_receivable_turnover_ratio": null,
            "reinvestment_rate": null,
            "research_to_sale_ratio": null,
            "price_fair": 0,
            "eps_avg_yearly": 0,
            "eps_latest_yearly": 0,
            "eps_growth_yearly": 0
        },
        "20063": {
            "year_quarter": 20063,
            "year": 2006,
            "quarter": 3,
            "eps": null,
            "eps_growth_year": null,
            "eps_4q": null,
            "eps_4q_growth_year": null,
            "roe": null,
            "roe_4q": 0,
            "gross_profit": null,
            "gross_margin": null,
            "gross_margin_4q_avg": 0,
            "net_income": null,
            "net_income_4q": null,
            "revenue": null,
            "revenue_4q": null,
            "common_shares": null,
            "book_valuer_per_share": null,
            "book_valuer_per_share_4q_avg": 0,
            "equity": null,
            "current_ratio": null,
            "debt_ratio": null,
            "inventory_turnover_ratio": null,
            "account_receivable_turnover_ratio": null,
            "reinvestment_rate": null,
            "research_to_sale_ratio": null,
            "price_fair": 0,
            "eps_avg_yearly": 0,
            "eps_latest_yearly": 0,
            "eps_growth_yearly": 0
        },
        "20064": {
            "year_quarter": 20064,
            "year": 2006,
            "quarter": 4,
            "eps": null,
            "eps_growth_year": null,
            "eps_4q": null,
            "eps_4q_growth_year": null,
            "roe": null,
            "roe_4q": 0,
            "gross_profit": null,
            "gross_margin": null,
            "gross_margin_4q_avg": 0,
            "net_income": null,
            "net_income_4q": null,
            "revenue": null,
            "revenue_4q": null,
            "common_shares": null,
            "book_valuer_per_share": null,
            "book_valuer_per_share_4q_avg": 0,
            "equity": null,
            "current_ratio": null,
            "debt_ratio": null,
            "inventory_turnover_ratio": null,
            "account_receivable_turnover_ratio": null,
            "reinvestment_rate": null,
            "research_to_sale_ratio": null,
            "price_fair": 0,
            "eps_avg_yearly": 0,
            "eps_latest_yearly": 0,
            "eps_growth_yearly": 0
        },
        "20071": {
            "year_quarter": 20071,
            "year": 2007,
            "quarter": 1,
            "eps": null,
            "eps_growth_year": null,
            "eps_4q": null,
            "eps_4q_growth_year": null,
            "roe": null,
            "roe_4q": 0,
            "gross_profit": null,
            "gross_margin": null,
            "gross_margin_4q_avg": 0,
            "net_income": null,
            "net_income_4q": null,
            "revenue": null,
            "revenue_4q": null,
            "common_shares": null,
            "book_valuer_per_share": null,
            "book_valuer_per_share_4q_avg": 0,
            "equity": null,
            "current_ratio": null,
            "debt_ratio": null,
            "inventory_turnover_ratio": null,
            "account_receivable_turnover_ratio": null,
            "reinvestment_rate": null,
            "research_to_sale_ratio": null,
            "price_fair": 0,
            "eps_avg_yearly": 0,
            "eps_latest_yearly": 0,
            "eps_growth_yearly": 0
        },
        "20072": {
            "year_quarter": 20072,
            "year": 2007,
            "quarter": 2,
            "eps": null,
            "eps_growth_year": null,
            "eps_4q": null,
            "eps_4q_growth_year": null,
            "roe": null,
            "roe_4q": 0,
            "gross_profit": null,
            "gross_margin": null,
            "gross_margin_4q_avg": 0,
            "net_income": null,
            "net_income_4q": null,
            "revenue": null,
            "revenue_4q": null,
            "common_shares": null,
            "book_valuer_per_share": null,
            "book_valuer_per_share_4q_avg": 0,
            "equity": null,
            "current_ratio": null,
            "debt_ratio": null,
            "inventory_turnover_ratio": null,
            "account_receivable_turnover_ratio": null,
            "reinvestment_rate": null,
            "research_to_sale_ratio": null,
            "price_fair": 0,
            "eps_avg_yearly": 0,
            "eps_latest_yearly": 0,
            "eps_growth_yearly": 0
        },
        "20073": {
            "year_quarter": 20073,
            "year": 2007,
            "quarter": 3,
            "eps": null,
            "eps_growth_year": null,
            "eps_4q": null,
            "eps_4q_growth_year": null,
            "roe": null,
            "roe_4q": 0,
            "gross_profit": null,
            "gross_margin": null,
            "gross_margin_4q_avg": 0,
            "net_income": null,
            "net_income_4q": null,
            "revenue": null,
            "revenue_4q": null,
            "common_shares": null,
            "book_valuer_per_share": null,
            "book_valuer_per_share_4q_avg": 0,
            "equity": null,
            "current_ratio": null,
            "debt_ratio": null,
            "inventory_turnover_ratio": null,
            "account_receivable_turnover_ratio": null,
            "reinvestment_rate": null,
            "research_to_sale_ratio": null,
            "price_fair": 0,
            "eps_avg_yearly": 0,
            "eps_latest_yearly": 0,
            "eps_growth_yearly": 0
        },
        "20074": {
            "year_quarter": 20074,
            "year": 2007,
            "quarter": 4,
            "eps": null,
            "eps_growth_year": null,
            "eps_4q": null,
            "eps_4q_growth_year": null,
            "roe": null,
            "roe_4q": 0,
            "gross_profit": null,
            "gross_margin": null,
            "gross_margin_4q_avg": 0,
            "net_income": null,
            "net_income_4q": null,
            "revenue": null,
            "revenue_4q": null,
            "common_shares": null,
            "book_valuer_per_share": null,
            "book_valuer_per_share_4q_avg": 0,
            "equity": null,
            "current_ratio": null,
            "debt_ratio": null,
            "inventory_turnover_ratio": null,
            "account_receivable_turnover_ratio": null,
            "reinvestment_rate": null,
            "research_to_sale_ratio": null,
            "price_fair": 0,
            "eps_avg_yearly": 0,
            "eps_latest_yearly": 0,
            "eps_growth_yearly": 0
        },
        "20081": {
            "year_quarter": 20081,
            "year": 2008,
            "quarter": 1,
            "eps": null,
            "eps_growth_year": null,
            "eps_4q": null,
            "eps_4q_growth_year": null,
            "roe": null,
            "roe_4q": 0,
            "gross_profit": null,
            "gross_margin": null,
            "gross_margin_4q_avg": 0,
            "net_income": null,
            "net_income_4q": null,
            "revenue": null,
            "revenue_4q": null,
            "common_shares": null,
            "book_valuer_per_share": null,
            "book_valuer_per_share_4q_avg": 0,
            "equity": null,
            "current_ratio": null,
            "debt_ratio": null,
            "inventory_turnover_ratio": null,
            "account_receivable_turnover_ratio": null,
            "reinvestment_rate": null,
            "research_to_sale_ratio": null,
            "price_fair": 0,
            "eps_avg_yearly": 0,
            "eps_latest_yearly": 0,
            "eps_growth_yearly": 0
        },
        "20082": {
            "year_quarter": 20082,
            "year": 2008,
            "quarter": 2,
            "eps": null,
            "eps_growth_year": null,
            "eps_4q": null,
            "eps_4q_growth_year": null,
            "roe": null,
            "roe_4q": 0,
            "gross_profit": null,
            "gross_margin": null,
            "gross_margin_4q_avg": 0,
            "net_income": null,
            "net_income_4q": null,
            "revenue": null,
            "revenue_4q": null,
            "common_shares": null,
            "book_valuer_per_share": null,
            "book_valuer_per_share_4q_avg": 0,
            "equity": null,
            "current_ratio": null,
            "debt_ratio": null,
            "inventory_turnover_ratio": null,
            "account_receivable_turnover_ratio": null,
            "reinvestment_rate": null,
            "research_to_sale_ratio": null,
            "price_fair": 0,
            "eps_avg_yearly": 0,
            "eps_latest_yearly": 0,
            "eps_growth_yearly": 0
        },
        "20083": {
            "year_quarter": 20083,
            "year": 2008,
            "quarter": 3,
            "eps": null,
            "eps_growth_year": null,
            "eps_4q": null,
            "eps_4q_growth_year": null,
            "roe": null,
            "roe_4q": 0,
            "gross_profit": null,
            "gross_margin": null,
            "gross_margin_4q_avg": 0,
            "net_income": null,
            "net_income_4q": null,
            "revenue": null,
            "revenue_4q": null,
            "common_shares": null,
            "book_valuer_per_share": null,
            "book_valuer_per_share_4q_avg": 0,
            "equity": null,
            "current_ratio": null,
            "debt_ratio": null,
            "inventory_turnover_ratio": null,
            "account_receivable_turnover_ratio": null,
            "reinvestment_rate": null,
            "research_to_sale_ratio": null,
            "price_fair": 0,
            "eps_avg_yearly": 0,
            "eps_latest_yearly": 0,
            "eps_growth_yearly": 0
        },
        "20084": {
            "year_quarter": 20084,
            "year": 2008,
            "quarter": 4,
            "eps": null,
            "eps_growth_year": null,
            "eps_4q": null,
            "eps_4q_growth_year": null,
            "roe": null,
            "roe_4q": 0,
            "gross_profit": null,
            "gross_margin": null,
            "gross_margin_4q_avg": 0,
            "net_income": null,
            "net_income_4q": null,
            "revenue": null,
            "revenue_4q": null,
            "common_shares": null,
            "book_valuer_per_share": null,
            "book_valuer_per_share_4q_avg": 0,
            "equity": null,
            "current_ratio": null,
            "debt_ratio": null,
            "inventory_turnover_ratio": null,
            "account_receivable_turnover_ratio": null,
            "reinvestment_rate": null,
            "research_to_sale_ratio": null,
            "price_fair": 0,
            "eps_avg_yearly": 0,
            "eps_latest_yearly": 0,
            "eps_growth_yearly": 0
        },
        "20091": {
            "year_quarter": 20091,
            "year": 2009,
            "quarter": 1,
            "eps": null,
            "eps_growth_year": null,
            "eps_4q": null,
            "eps_4q_growth_year": null,
            "roe": null,
            "roe_4q": 0,
            "gross_profit": null,
            "gross_margin": null,
            "gross_margin_4q_avg": 0,
            "net_income": null,
            "net_income_4q": null,
            "revenue": null,
            "revenue_4q": null,
            "common_shares": null,
            "book_valuer_per_share": null,
            "book_valuer_per_share_4q_avg": 0,
            "equity": null,
            "current_ratio": null,
            "debt_ratio": null,
            "inventory_turnover_ratio": null,
            "account_receivable_turnover_ratio": null,
            "reinvestment_rate": null,
            "research_to_sale_ratio": null,
            "price_fair": 0,
            "eps_avg_yearly": 0,
            "eps_latest_yearly": 0,
            "eps_growth_yearly": 0
        },
        "20092": {
            "year_quarter": 20092,
            "year": 2009,
            "quarter": 2,
            "eps": null,
            "eps_growth_year": null,
            "eps_4q": null,
            "eps_4q_growth_year": null,
            "roe": null,
            "roe_4q": 0,
            "gross_profit": null,
            "gross_margin": null,
            "gross_margin_4q_avg": 0,
            "net_income": null,
            "net_income_4q": null,
            "revenue": null,
            "revenue_4q": null,
            "common_shares": null,
            "book_valuer_per_share": null,
            "book_valuer_per_share_4q_avg": 0,
            "equity": null,
            "current_ratio": null,
            "debt_ratio": null,
            "inventory_turnover_ratio": null,
            "account_receivable_turnover_ratio": null,
            "reinvestment_rate": null,
            "research_to_sale_ratio": null,
            "price_fair": 0,
            "eps_avg_yearly": 0,
            "eps_latest_yearly": 0,
            "eps_growth_yearly": 0
        },
        "20093": {
            "year_quarter": 20093,
            "year": 2009,
            "quarter": 3,
            "eps": null,
            "eps_growth_year": null,
            "eps_4q": null,
            "eps_4q_growth_year": null,
            "roe": null,
            "roe_4q": 0,
            "gross_profit": null,
            "gross_margin": null,
            "gross_margin_4q_avg": 0,
            "net_income": null,
            "net_income_4q": null,
            "revenue": null,
            "revenue_4q": null,
            "common_shares": null,
            "book_valuer_per_share": null,
            "book_valuer_per_share_4q_avg": 0,
            "equity": null,
            "current_ratio": null,
            "debt_ratio": null,
            "inventory_turnover_ratio": null,
            "account_receivable_turnover_ratio": null,
            "reinvestment_rate": null,
            "research_to_sale_ratio": null,
            "price_fair": 0,
            "eps_avg_yearly": 0,
            "eps_latest_yearly": 0,
            "eps_growth_yearly": 0
        },
        "20094": {
            "year_quarter": 20094,
            "year": 2009,
            "quarter": 4,
            "eps": null,
            "eps_growth_year": null,
            "eps_4q": null,
            "eps_4q_growth_year": null,
            "roe": null,
            "roe_4q": 0,
            "gross_profit": null,
            "gross_margin": null,
            "gross_margin_4q_avg": 0,
            "net_income": null,
            "net_income_4q": null,
            "revenue": null,
            "revenue_4q": null,
            "common_shares": null,
            "book_valuer_per_share": null,
            "book_valuer_per_share_4q_avg": 0,
            "equity": null,
            "current_ratio": null,
            "debt_ratio": null,
            "inventory_turnover_ratio": null,
            "account_receivable_turnover_ratio": null,
            "reinvestment_rate": null,
            "research_to_sale_ratio": null,
            "price_fair": 0,
            "eps_avg_yearly": 0,
            "eps_latest_yearly": 0,
            "eps_growth_yearly": 0
        },
        "20101": {
            "year_quarter": 20101,
            "year": 2010,
            "quarter": 1,
            "eps": null,
            "eps_growth_year": null,
            "eps_4q": null,
            "eps_4q_growth_year": null,
            "roe": null,
            "roe_4q": 0,
            "gross_profit": null,
            "gross_margin": null,
            "gross_margin_4q_avg": 0,
            "net_income": null,
            "net_income_4q": null,
            "revenue": null,
            "revenue_4q": null,
            "common_shares": null,
            "book_valuer_per_share": null,
            "book_valuer_per_share_4q_avg": 0,
            "equity": null,
            "current_ratio": null,
            "debt_ratio": null,
            "inventory_turnover_ratio": null,
            "account_receivable_turnover_ratio": null,
            "reinvestment_rate": null,
            "research_to_sale_ratio": null,
            "price_fair": 0,
            "eps_avg_yearly": 0,
            "eps_latest_yearly": 0,
            "eps_growth_yearly": 0
        },
        "20102": {
            "year_quarter": 20102,
            "year": 2010,
            "quarter": 2,
            "eps": null,
            "eps_growth_year": null,
            "eps_4q": null,
            "eps_4q_growth_year": null,
            "roe": null,
            "roe_4q": 0,
            "gross_profit": null,
            "gross_margin": null,
            "gross_margin_4q_avg": 0,
            "net_income": null,
            "net_income_4q": null,
            "revenue": null,
            "revenue_4q": null,
            "common_shares": null,
            "book_valuer_per_share": null,
            "book_valuer_per_share_4q_avg": 0,
            "equity": null,
            "current_ratio": null,
            "debt_ratio": null,
            "inventory_turnover_ratio": null,
            "account_receivable_turnover_ratio": null,
            "reinvestment_rate": null,
            "research_to_sale_ratio": null,
            "price_fair": 0,
            "eps_avg_yearly": 0,
            "eps_latest_yearly": 0,
            "eps_growth_yearly": 0
        },
        "20103": {
            "year_quarter": 20103,
            "year": 2010,
            "quarter": 3,
            "eps": null,
            "eps_growth_year": null,
            "eps_4q": null,
            "eps_4q_growth_year": null,
            "roe": null,
            "roe_4q": 0,
            "gross_profit": null,
            "gross_margin": null,
            "gross_margin_4q_avg": 0,
            "net_income": null,
            "net_income_4q": null,
            "revenue": null,
            "revenue_4q": null,
            "common_shares": null,
            "book_valuer_per_share": null,
            "book_valuer_per_share_4q_avg": 0,
            "equity": null,
            "current_ratio": null,
            "debt_ratio": null,
            "inventory_turnover_ratio": null,
            "account_receivable_turnover_ratio": null,
            "reinvestment_rate": null,
            "research_to_sale_ratio": null,
            "price_fair": 0,
            "eps_avg_yearly": 0,
            "eps_latest_yearly": 0,
            "eps_growth_yearly": 0
        },
        "20104": {
            "year_quarter": 20104,
            "year": 2010,
            "quarter": 4,
            "eps": null,
            "eps_growth_year": null,
            "eps_4q": null,
            "eps_4q_growth_year": null,
            "roe": null,
            "roe_4q": 0,
            "gross_profit": null,
            "gross_margin": null,
            "gross_margin_4q_avg": 0,
            "net_income": null,
            "net_income_4q": null,
            "revenue": null,
            "revenue_4q": null,
            "common_shares": null,
            "book_valuer_per_share": null,
            "book_valuer_per_share_4q_avg": 0,
            "equity": null,
            "current_ratio": null,
            "debt_ratio": null,
            "inventory_turnover_ratio": null,
            "account_receivable_turnover_ratio": null,
            "reinvestment_rate": null,
            "research_to_sale_ratio": null,
            "price_fair": 0,
            "eps_avg_yearly": 0,
            "eps_latest_yearly": 0,
            "eps_growth_yearly": 0
        },
        "20111": {
            "year_quarter": 20111,
            "year": 2011,
            "quarter": 1,
            "eps": null,
            "eps_growth_year": null,
            "eps_4q": null,
            "eps_4q_growth_year": null,
            "roe": null,
            "roe_4q": 0,
            "gross_profit": null,
            "gross_margin": null,
            "gross_margin_4q_avg": 0,
            "net_income": null,
            "net_income_4q": null,
            "revenue": null,
            "revenue_4q": null,
            "common_shares": null,
            "book_valuer_per_share": null,
            "book_valuer_per_share_4q_avg": 0,
            "equity": null,
            "current_ratio": null,
            "debt_ratio": null,
            "inventory_turnover_ratio": null,
            "account_receivable_turnover_ratio": null,
            "reinvestment_rate": null,
            "research_to_sale_ratio": null,
            "price_fair": 0,
            "eps_avg_yearly": 0,
            "eps_latest_yearly": 0,
            "eps_growth_yearly": 0
        },
        "20112": {
            "year_quarter": 20112,
            "year": 2011,
            "quarter": 2,
            "eps": null,
            "eps_growth_year": null,
            "eps_4q": null,
            "eps_4q_growth_year": null,
            "roe": null,
            "roe_4q": 0,
            "gross_profit": null,
            "gross_margin": null,
            "gross_margin_4q_avg": 0,
            "net_income": null,
            "net_income_4q": null,
            "revenue": null,
            "revenue_4q": null,
            "common_shares": null,
            "book_valuer_per_share": null,
            "book_valuer_per_share_4q_avg": 0,
            "equity": null,
            "current_ratio": null,
            "debt_ratio": null,
            "inventory_turnover_ratio": null,
            "account_receivable_turnover_ratio": null,
            "reinvestment_rate": null,
            "research_to_sale_ratio": null,
            "price_fair": 0,
            "eps_avg_yearly": 0,
            "eps_latest_yearly": 0,
            "eps_growth_yearly": 0
        },
        "20113": {
            "year_quarter": 20113,
            "year": 2011,
            "quarter": 3,
            "eps": null,
            "eps_growth_year": null,
            "eps_4q": null,
            "eps_4q_growth_year": null,
            "roe": null,
            "roe_4q": 0,
            "gross_profit": null,
            "gross_margin": null,
            "gross_margin_4q_avg": 0,
            "net_income": null,
            "net_income_4q": null,
            "revenue": null,
            "revenue_4q": null,
            "common_shares": null,
            "book_valuer_per_share": null,
            "book_valuer_per_share_4q_avg": 0,
            "equity": null,
            "current_ratio": null,
            "debt_ratio": null,
            "inventory_turnover_ratio": null,
            "account_receivable_turnover_ratio": null,
            "reinvestment_rate": null,
            "research_to_sale_ratio": null,
            "price_fair": 0,
            "eps_avg_yearly": 0,
            "eps_latest_yearly": 0,
            "eps_growth_yearly": 0
        },
        "20114": {
            "year_quarter": 20114,
            "year": 2011,
            "quarter": 4,
            "eps": null,
            "eps_growth_year": null,
            "eps_4q": null,
            "eps_4q_growth_year": null,
            "roe": null,
            "roe_4q": 0,
            "gross_profit": null,
            "gross_margin": null,
            "gross_margin_4q_avg": 0,
            "net_income": null,
            "net_income_4q": null,
            "revenue": null,
            "revenue_4q": null,
            "common_shares": 323870,
            "book_valuer_per_share": 7.07,
            "book_valuer_per_share_4q_avg": 1.77,
            "equity": 228856,
            "current_ratio": 180.23,
            "debt_ratio": 60.24,
            "inventory_turnover_ratio": null,
            "account_receivable_turnover_ratio": null,
            "reinvestment_rate": null,
            "research_to_sale_ratio": null,
            "price_fair": 0,
            "eps_avg_yearly": 0,
            "eps_latest_yearly": 0,
            "eps_growth_yearly": 0
        },
        "20121": {
            "year_quarter": 20121,
            "year": 2012,
            "quarter": 1,
            "eps": null,
            "eps_growth_year": null,
            "eps_4q": null,
            "eps_4q_growth_year": null,
            "roe": null,
            "roe_4q": 0,
            "gross_profit": null,
            "gross_margin": null,
            "gross_margin_4q_avg": 0,
            "net_income": null,
            "net_income_4q": null,
            "revenue": null,
            "revenue_4q": null,
            "common_shares": null,
            "book_valuer_per_share": null,
            "book_valuer_per_share_4q_avg": 1.77,
            "equity": null,
            "current_ratio": null,
            "debt_ratio": null,
            "inventory_turnover_ratio": null,
            "account_receivable_turnover_ratio": null,
            "reinvestment_rate": null,
            "research_to_sale_ratio": null,
            "price_fair": 0,
            "eps_avg_yearly": 0,
            "eps_latest_yearly": 0,
            "eps_growth_yearly": 0
        },
        "20122": {
            "year_quarter": 20122,
            "year": 2012,
            "quarter": 2,
            "eps": null,
            "eps_growth_year": null,
            "eps_4q": null,
            "eps_4q_growth_year": null,
            "roe": null,
            "roe_4q": 0,
            "gross_profit": null,
            "gross_margin": null,
            "gross_margin_4q_avg": 0,
            "net_income": null,
            "net_income_4q": null,
            "revenue": null,
            "revenue_4q": null,
            "common_shares": null,
            "book_valuer_per_share": null,
            "book_valuer_per_share_4q_avg": 1.77,
            "equity": null,
            "current_ratio": null,
            "debt_ratio": null,
            "inventory_turnover_ratio": null,
            "account_receivable_turnover_ratio": null,
            "reinvestment_rate": null,
            "research_to_sale_ratio": null,
            "price_fair": 0,
            "eps_avg_yearly": 0,
            "eps_latest_yearly": 0,
            "eps_growth_yearly": 0
        },
        "20123": {
            "year_quarter": 20123,
            "year": 2012,
            "quarter": 3,
            "eps": null,
            "eps_growth_year": null,
            "eps_4q": null,
            "eps_4q_growth_year": null,
            "roe": null,
            "roe_4q": 0,
            "gross_profit": null,
            "gross_margin": null,
            "gross_margin_4q_avg": 0,
            "net_income": null,
            "net_income_4q": null,
            "revenue": null,
            "revenue_4q": null,
            "common_shares": null,
            "book_valuer_per_share": null,
            "book_valuer_per_share_4q_avg": 1.77,
            "equity": null,
            "current_ratio": null,
            "debt_ratio": null,
            "inventory_turnover_ratio": null,
            "account_receivable_turnover_ratio": null,
            "reinvestment_rate": null,
            "research_to_sale_ratio": null,
            "price_fair": 0,
            "eps_avg_yearly": 0,
            "eps_latest_yearly": 0,
            "eps_growth_yearly": 0
        },
        "20124": {
            "year_quarter": 20124,
            "year": 2012,
            "quarter": 4,
            "eps": null,
            "eps_growth_year": null,
            "eps_4q": null,
            "eps_4q_growth_year": null,
            "roe": null,
            "roe_4q": 0,
            "gross_profit": null,
            "gross_margin": null,
            "gross_margin_4q_avg": 0,
            "net_income": null,
            "net_income_4q": null,
            "revenue": null,
            "revenue_4q": null,
            "common_shares": 323870,
            "book_valuer_per_share": 6.96,
            "book_valuer_per_share_4q_avg": 1.74,
            "equity": 225321,
            "current_ratio": 153.27,
            "debt_ratio": 62.49,
            "inventory_turnover_ratio": null,
            "account_receivable_turnover_ratio": null,
            "reinvestment_rate": null,
            "research_to_sale_ratio": null,
            "price_fair": 0,
            "eps_avg_yearly": 0,
            "eps_latest_yearly": 0,
            "eps_growth_yearly": 0
        },
        "20131": {
            "year_quarter": 20131,
            "year": 2013,
            "quarter": 1,
            "eps": null,
            "eps_growth_year": null,
            "eps_4q": null,
            "eps_4q_growth_year": null,
            "roe": null,
            "roe_4q": 0,
            "gross_profit": null,
            "gross_margin": null,
            "gross_margin_4q_avg": 0,
            "net_income": null,
            "net_income_4q": null,
            "revenue": null,
            "revenue_4q": null,
            "common_shares": null,
            "book_valuer_per_share": null,
            "book_valuer_per_share_4q_avg": 1.74,
            "equity": null,
            "current_ratio": null,
            "debt_ratio": null,
            "inventory_turnover_ratio": null,
            "account_receivable_turnover_ratio": null,
            "reinvestment_rate": null,
            "research_to_sale_ratio": null,
            "price_fair": 0,
            "eps_avg_yearly": 0,
            "eps_latest_yearly": 0,
            "eps_growth_yearly": 0
        },
        "20132": {
            "year_quarter": 20132,
            "year": 2013,
            "quarter": 2,
            "eps": null,
            "eps_growth_year": null,
            "eps_4q": null,
            "eps_4q_growth_year": null,
            "roe": null,
            "roe_4q": 0,
            "gross_profit": null,
            "gross_margin": null,
            "gross_margin_4q_avg": 0,
            "net_income": null,
            "net_income_4q": null,
            "revenue": null,
            "revenue_4q": null,
            "common_shares": 323870,
            "book_valuer_per_share": null,
            "book_valuer_per_share_4q_avg": 1.74,
            "equity": 237303,
            "current_ratio": null,
            "debt_ratio": null,
            "inventory_turnover_ratio": null,
            "account_receivable_turnover_ratio": null,
            "reinvestment_rate": null,
            "research_to_sale_ratio": null,
            "price_fair": 0,
            "eps_avg_yearly": 0,
            "eps_latest_yearly": 0,
            "eps_growth_yearly": 0
        },
        "20133": {
            "year_quarter": 20133,
            "year": 2013,
            "quarter": 3,
            "eps": null,
            "eps_growth_year": null,
            "eps_4q": null,
            "eps_4q_growth_year": null,
            "roe": null,
            "roe_4q": 0,
            "gross_profit": null,
            "gross_margin": null,
            "gross_margin_4q_avg": 0,
            "net_income": null,
            "net_income_4q": null,
            "revenue": null,
            "revenue_4q": null,
            "common_shares": null,
            "book_valuer_per_share": null,
            "book_valuer_per_share_4q_avg": 1.74,
            "equity": null,
            "current_ratio": null,
            "debt_ratio": null,
            "inventory_turnover_ratio": null,
            "account_receivable_turnover_ratio": null,
            "reinvestment_rate": null,
            "research_to_sale_ratio": null,
            "price_fair": 0,
            "eps_avg_yearly": 0,
            "eps_latest_yearly": 0,
            "eps_growth_yearly": 0
        },
        "20134": {
            "year_quarter": 20134,
            "year": 2013,
            "quarter": 4,
            "eps": null,
            "eps_growth_year": null,
            "eps_4q": null,
            "eps_4q_growth_year": null,
            "roe": null,
            "roe_4q": 0,
            "gross_profit": null,
            "gross_margin": null,
            "gross_margin_4q_avg": 0,
            "net_income": null,
            "net_income_4q": null,
            "revenue": null,
            "revenue_4q": null,
            "common_shares": 256870,
            "book_valuer_per_share": null,
            "book_valuer_per_share_4q_avg": 0,
            "equity": 275770,
            "current_ratio": null,
            "debt_ratio": null,
            "inventory_turnover_ratio": null,
            "account_receivable_turnover_ratio": null,
            "reinvestment_rate": null,
            "research_to_sale_ratio": null,
            "price_fair": 0,
            "eps_avg_yearly": 0,
            "eps_latest_yearly": 0,
            "eps_growth_yearly": 0
        },
        "20141": {
            "year_quarter": 20141,
            "year": 2014,
            "quarter": 1,
            "eps": null,
            "eps_growth_year": null,
            "eps_4q": null,
            "eps_4q_growth_year": null,
            "roe": null,
            "roe_4q": 0,
            "gross_profit": 39334,
            "gross_margin": null,
            "gross_margin_4q_avg": 0,
            "net_income": 15493,
            "net_income_4q": null,
            "revenue": 261832,
            "revenue_4q": null,
            "common_shares": 256870,
            "book_valuer_per_share": 11.34,
            "book_valuer_per_share_4q_avg": 2.84,
            "equity": 291314,
            "current_ratio": 160.1,
            "debt_ratio": 60.16,
            "inventory_turnover_ratio": null,
            "account_receivable_turnover_ratio": null,
            "reinvestment_rate": null,
            "research_to_sale_ratio": null,
            "price_fair": 0,
            "eps_avg_yearly": 0,
            "eps_latest_yearly": 0,
            "eps_growth_yearly": 0
        },
        "20142": {
            "year_quarter": 20142,
            "year": 2014,
            "quarter": 2,
            "eps": 1.01,
            "eps_growth_year": null,
            "eps_4q": null,
            "eps_4q_growth_year": null,
            "roe": 9.05,
            "roe_4q": 9.05,
            "gross_profit": 73642,
            "gross_margin": 20.98,
            "gross_margin_4q_avg": 5.25,
            "net_income": 27342,
            "net_income_4q": null,
            "revenue": 351076,
            "revenue_4q": null,
            "common_shares": 271658,
            "book_valuer_per_share": 11.53,
            "book_valuer_per_share_4q_avg": 5.72,
            "equity": 313258,
            "current_ratio": 162.86,
            "debt_ratio": 58.86,
            "inventory_turnover_ratio": 2.84,
            "account_receivable_turnover_ratio": 1.93,
            "reinvestment_rate": null,
            "research_to_sale_ratio": null,
            "price_fair": 0,
            "eps_avg_yearly": 0,
            "eps_latest_yearly": 0,
            "eps_growth_yearly": 0
        },
        "20143": {
            "year_quarter": 20143,
            "year": 2014,
            "quarter": 3,
            "eps": null,
            "eps_growth_year": null,
            "eps_4q": null,
            "eps_4q_growth_year": null,
            "roe": null,
            "roe_4q": 9.05,
            "gross_profit": 67796,
            "gross_margin": null,
            "gross_margin_4q_avg": 5.25,
            "net_income": 31409,
            "net_income_4q": null,
            "revenue": 397670,
            "revenue_4q": null,
            "common_shares": 271658,
            "book_valuer_per_share": 12.73,
            "book_valuer_per_share_4q_avg": 8.9,
            "equity": 345743,
            "current_ratio": 151.51,
            "debt_ratio": 63.26,
            "inventory_turnover_ratio": null,
            "account_receivable_turnover_ratio": null,
            "reinvestment_rate": null,
            "research_to_sale_ratio": null,
            "price_fair": 0,
            "eps_avg_yearly": 0,
            "eps_latest_yearly": 0,
            "eps_growth_yearly": 0
        },
        "20144": {
            "year_quarter": 20144,
            "year": 2014,
            "quarter": 4,
            "eps": null,
            "eps_growth_year": null,
            "eps_4q": null,
            "eps_4q_growth_year": null,
            "roe": null,
            "roe_4q": 9.05,
            "gross_profit": 90760,
            "gross_margin": null,
            "gross_margin_4q_avg": 5.25,
            "net_income": 55389,
            "net_income_4q": null,
            "revenue": 516515,
            "revenue_4q": null,
            "common_shares": 271658,
            "book_valuer_per_share": 14.83,
            "book_valuer_per_share_4q_avg": 12.61,
            "equity": 403001,
            "current_ratio": 160.27,
            "debt_ratio": 61.93,
            "inventory_turnover_ratio": null,
            "account_receivable_turnover_ratio": null,
            "reinvestment_rate": null,
            "research_to_sale_ratio": null,
            "price_fair": 0,
            "eps_avg_yearly": 0,
            "eps_latest_yearly": 0,
            "eps_growth_yearly": 0
        },
        "20151": {
            "year_quarter": 20151,
            "year": 2015,
            "quarter": 1,
            "eps": 1.5,
            "eps_growth_year": null,
            "eps_4q": 2.5,
            "eps_4q_growth_year": null,
            "roe": 9.59,
            "roe_4q": 18.64,
            "gross_profit": 93205,
            "gross_margin": 19.35,
            "gross_margin_4q_avg": 10.08,
            "net_income": 40639,
            "net_income_4q": null,
            "revenue": 481655,
            "revenue_4q": null,
            "common_shares": 271658,
            "book_valuer_per_share": 16.36,
            "book_valuer_per_share_4q_avg": 13.86,
            "equity": 444507,
            "current_ratio": 167.48,
            "debt_ratio": 59.99,
            "inventory_turnover_ratio": 3.55,
            "account_receivable_turnover_ratio": 0.89,
            "reinvestment_rate": null,
            "research_to_sale_ratio": 6.08,
            "price_fair": 0,
            "eps_avg_yearly": 0,
            "eps_latest_yearly": 0,
            "eps_growth_yearly": 0
        },
        "20152": {
            "year_quarter": 20152,
            "year": 2015,
            "quarter": 2,
            "eps": 0.79,
            "eps_growth_year": -21.51,
            "eps_4q": 2.21,
            "eps_4q_growth_year": null,
            "roe": 5.31,
            "roe_4q": 14.899999999999999,
            "gross_profit": 82069,
            "gross_margin": 17.42,
            "gross_margin_4q_avg": 9.19,
            "net_income": 22407,
            "net_income_4q": null,
            "revenue": 471015,
            "revenue_4q": null,
            "common_shares": 271658,
            "book_valuer_per_share": 14.72,
            "book_valuer_per_share_4q_avg": 14.66,
            "equity": 399841,
            "current_ratio": 156.03,
            "debt_ratio": 65.77,
            "inventory_turnover_ratio": 2.97,
            "account_receivable_turnover_ratio": 0.9,
            "reinvestment_rate": null,
            "research_to_sale_ratio": 6.24,
            "price_fair": 9.48,
            "eps_avg_yearly": 3.16,
            "eps_latest_yearly": 3.16,
            "eps_growth_yearly": -189.33
        },
        "20153": {
            "year_quarter": 20153,
            "year": 2015,
            "quarter": 3,
            "eps": 2.41,
            "eps_growth_year": null,
            "eps_4q": 4.62,
            "eps_4q_growth_year": null,
            "roe": 15.8,
            "roe_4q": 30.7,
            "gross_profit": 91321,
            "gross_margin": 19,
            "gross_margin_4q_avg": 13.94,
            "net_income": 68701,
            "net_income_4q": null,
            "revenue": 480723,
            "revenue_4q": null,
            "common_shares": 285241,
            "book_valuer_per_share": 16.48,
            "book_valuer_per_share_4q_avg": 15.6,
            "equity": 470050,
            "current_ratio": 177.98,
            "debt_ratio": 58.35,
            "inventory_turnover_ratio": 3.47,
            "account_receivable_turnover_ratio": 0.92,
            "reinvestment_rate": null,
            "research_to_sale_ratio": 6.59,
            "price_fair": 224,
            "eps_avg_yearly": 6.4,
            "eps_latest_yearly": 9.64,
            "eps_growth_yearly": 315.46
        },
        "20154": {
            "year_quarter": 20154,
            "year": 2015,
            "quarter": 4,
            "eps": 0.97,
            "eps_growth_year": null,
            "eps_4q": 5.18,
            "eps_4q_growth_year": null,
            "roe": 5.7,
            "roe_4q": 36.4,
            "gross_profit": 85533,
            "gross_margin": 19.57,
            "gross_margin_4q_avg": 18.84,
            "net_income": 30391,
            "net_income_4q": null,
            "revenue": 437156,
            "revenue_4q": null,
            "common_shares": 313241,
            "book_valuer_per_share": 19.01,
            "book_valuer_per_share_4q_avg": 16.64,
            "equity": 595594,
            "current_ratio": 198.97,
            "debt_ratio": 51.35,
            "inventory_turnover_ratio": 3.88,
            "account_receivable_turnover_ratio": 0.88,
            "reinvestment_rate": null,
            "research_to_sale_ratio": 8.57,
            "price_fair": 194.6,
            "eps_avg_yearly": 5.56,
            "eps_latest_yearly": 3.88,
            "eps_growth_yearly": 130.64
        },
        "20161": {
            "year_quarter": 20161,
            "year": 2016,
            "quarter": 1,
            "eps": 0.82,
            "eps_growth_year": -45.33,
            "eps_4q": 4.7,
            "eps_4q_growth_year": 87.88,
            "roe": 4.23,
            "roe_4q": 31.04,
            "gross_profit": 81587,
            "gross_margin": 19.44,
            "gross_margin_4q_avg": 18.86,
            "net_income": 25774,
            "net_income_4q": null,
            "revenue": 419733,
            "revenue_4q": null,
            "common_shares": 313241,
            "book_valuer_per_share": 19.86,
            "book_valuer_per_share_4q_avg": 17.52,
            "equity": 622142,
            "current_ratio": 200.63,
            "debt_ratio": 49.42,
            "inventory_turnover_ratio": 3.4,
            "account_receivable_turnover_ratio": 0.95,
            "reinvestment_rate": null,
            "research_to_sale_ratio": 6.95,
            "price_fair": 174.65,
            "eps_avg_yearly": 4.99,
            "eps_latest_yearly": 3.28,
            "eps_growth_yearly": 82.52
        },
        "20162": {
            "year_quarter": 20162,
            "year": 2016,
            "quarter": 2,
            "eps": 1.19,
            "eps_growth_year": 50.63,
            "eps_4q": 5.05,
            "eps_4q_growth_year": 128.56,
            "roe": 6.39,
            "roe_4q": 32.120000000000005,
            "gross_profit": 91342,
            "gross_margin": 20.06,
            "gross_margin_4q_avg": 19.52,
            "net_income": 37227,
            "net_income_4q": null,
            "revenue": 455402,
            "revenue_4q": null,
            "common_shares": 313241,
            "book_valuer_per_share": 16.97,
            "book_valuer_per_share_4q_avg": 18.08,
            "equity": 542499,
            "current_ratio": 163.46,
            "debt_ratio": 58.52,
            "inventory_turnover_ratio": 3.44,
            "account_receivable_turnover_ratio": 0.99,
            "reinvestment_rate": null,
            "research_to_sale_ratio": 6.7,
            "price_fair": 173.04,
            "eps_avg_yearly": 4.94,
            "eps_latest_yearly": 4.76,
            "eps_growth_yearly": 102.11
        },
        "20163": {
            "year_quarter": 20163,
            "year": 2016,
            "quarter": 3,
            "eps": 0.94,
            "eps_growth_year": -61,
            "eps_4q": 3.85,
            "eps_4q_growth_year": -16.65,
            "roe": 5.35,
            "roe_4q": 21.669999999999998,
            "gross_profit": 97829,
            "gross_margin": 19.7,
            "gross_margin_4q_avg": 19.69,
            "net_income": 29841,
            "net_income_4q": null,
            "revenue": 496623,
            "revenue_4q": null,
            "common_shares": 320091,
            "book_valuer_per_share": 17.9,
            "book_valuer_per_share_4q_avg": 18.44,
            "equity": 572828,
            "current_ratio": 175.53,
            "debt_ratio": 55.07,
            "inventory_turnover_ratio": 3.61,
            "account_receivable_turnover_ratio": 0.95,
            "reinvestment_rate": null,
            "research_to_sale_ratio": 5.97,
            "price_fair": 166.13,
            "eps_avg_yearly": 4.75,
            "eps_latest_yearly": 3.76,
            "eps_growth_yearly": 71.09
        },
        "20164": {
            "year_quarter": 20164,
            "year": 2016,
            "quarter": 4,
            "eps": 2.22,
            "eps_growth_year": 128.44,
            "eps_4q": 5.12,
            "eps_4q_growth_year": -1.15,
            "roe": 11.66,
            "roe_4q": 27.63,
            "gross_profit": 111330,
            "gross_margin": 22.22,
            "gross_margin_4q_avg": 20.36,
            "net_income": 70944,
            "net_income_4q": null,
            "revenue": 501139,
            "revenue_4q": null,
            "common_shares": 320091,
            "book_valuer_per_share": 20.12,
            "book_valuer_per_share_4q_avg": 18.71,
            "equity": 643898,
            "current_ratio": 185.55,
            "debt_ratio": 52.14,
            "inventory_turnover_ratio": 3.29,
            "account_receivable_turnover_ratio": 0.88,
            "reinvestment_rate": null,
            "research_to_sale_ratio": 6.46,
            "price_fair": 186.8,
            "eps_avg_yearly": 5.34,
            "eps_latest_yearly": 8.88,
            "eps_growth_yearly": 138.74
        },
        "20171": {
            "year_quarter": 20171,
            "year": 2017,
            "quarter": 1,
            "eps": 0.37,
            "eps_growth_year": -54.88,
            "eps_4q": 4.68,
            "eps_4q_growth_year": -0.52,
            "roe": 1.8,
            "roe_4q": 25.200000000000003,
            "gross_profit": 103041,
            "gross_margin": 21.77,
            "gross_margin_4q_avg": 20.94,
            "net_income": 11696,
            "net_income_4q": null,
            "revenue": 473213,
            "revenue_4q": null,
            "common_shares": 320091,
            "book_valuer_per_share": 20.48,
            "book_valuer_per_share_4q_avg": 18.87,
            "equity": 655426,
            "current_ratio": 199.75,
            "debt_ratio": 49.95,
            "inventory_turnover_ratio": 2.88,
            "account_receivable_turnover_ratio": 0.84,
            "reinvestment_rate": null,
            "research_to_sale_ratio": 6.51,
            "price_fair": 169.93,
            "eps_avg_yearly": 4.86,
            "eps_latest_yearly": 1.48,
            "eps_growth_yearly": 79.73
        },
        "20172": {
            "year_quarter": 20172,
            "year": 2017,
            "quarter": 2,
            "eps": 1.17,
            "eps_growth_year": -1.68,
            "eps_4q": 4.68,
            "eps_4q_growth_year": -7.28,
            "roe": 6.14,
            "roe_4q": 24.950000000000003,
            "gross_profit": 95351,
            "gross_margin": 20.36,
            "gross_margin_4q_avg": 21.01,
            "net_income": 37456,
            "net_income_4q": null,
            "revenue": 468272,
            "revenue_4q": null,
            "common_shares": 320091,
            "book_valuer_per_share": 17.65,
            "book_valuer_per_share_4q_avg": 19.04,
            "equity": 565120,
            "current_ratio": 183.64,
            "debt_ratio": 59.15,
            "inventory_turnover_ratio": 3.2,
            "account_receivable_turnover_ratio": 0.82,
            "reinvestment_rate": null,
            "research_to_sale_ratio": 7.2,
            "price_fair": 169.24,
            "eps_avg_yearly": 4.84,
            "eps_latest_yearly": 4.68,
            "eps_growth_yearly": 166.97
        },
        "20173": {
            "year_quarter": 20173,
            "year": 2017,
            "quarter": 3,
            "eps": 0.52,
            "eps_growth_year": -44.68,
            "eps_4q": 4.19,
            "eps_4q_growth_year": 8.82,
            "roe": 2.92,
            "roe_4q": 22.52,
            "gross_profit": 70075,
            "gross_margin": 20.4,
            "gross_margin_4q_avg": 21.19,
            "net_income": 16875,
            "net_income_4q": null,
            "revenue": 343502,
            "revenue_4q": null,
            "common_shares": 326941,
            "book_valuer_per_share": 18.05,
            "book_valuer_per_share_4q_avg": 19.08,
            "equity": 590109,
            "current_ratio": 219.05,
            "debt_ratio": 49.81,
            "inventory_turnover_ratio": 3.42,
            "account_receivable_turnover_ratio": 0.62,
            "reinvestment_rate": null,
            "research_to_sale_ratio": 8.55,
            "price_fair": 159.6,
            "eps_avg_yearly": 4.56,
            "eps_latest_yearly": 2.08,
            "eps_growth_yearly": 128.05
        },
        "20174": {
            "year_quarter": 20174,
            "year": 2017,
            "quarter": 4,
            "eps": 0.13,
            "eps_growth_year": -94.24,
            "eps_4q": 2.15,
            "eps_4q_growth_year": -58.04,
            "roe": 0.71,
            "roe_4q": 11.57,
            "gross_profit": 66007,
            "gross_margin": 21.35,
            "gross_margin_4q_avg": 20.97,
            "net_income": 4176,
            "net_income_4q": null,
            "revenue": 309133,
            "revenue_4q": null,
            "common_shares": 326941,
            "book_valuer_per_share": 18.16,
            "book_valuer_per_share_4q_avg": 18.59,
            "equity": 593877,
            "current_ratio": 220.28,
            "debt_ratio": 48.03,
            "inventory_turnover_ratio": 3.5,
            "account_receivable_turnover_ratio": 0.75,
            "reinvestment_rate": 3.73,
            "research_to_sale_ratio": 9.7,
            "price_fair": 146.75,
            "eps_avg_yearly": 4.19,
            "eps_latest_yearly": 0.52,
            "eps_growth_yearly": 89.14
        },
        "20181": {
            "year_quarter": 20181,
            "year": 2018,
            "quarter": 1,
            "eps": -0.31,
            "eps_growth_year": -183.78,
            "eps_4q": 1.48,
            "eps_4q_growth_year": -68.34,
            "roe": -1.71,
            "roe_4q": 8.059999999999999,
            "gross_profit": 58263,
            "gross_margin": 19.13,
            "gross_margin_4q_avg": 20.31,
            "net_income": -10097,
            "net_income_4q": null,
            "revenue": 304579,
            "revenue_4q": null,
            "common_shares": 326941,
            "book_valuer_per_share": 17.85,
            "book_valuer_per_share_4q_avg": 17.93,
            "equity": 583663,
            "current_ratio": 209.25,
            "debt_ratio": 50.24,
            "inventory_turnover_ratio": 2.67,
            "account_receivable_turnover_ratio": 0.84,
            "reinvestment_rate": 3.74,
            "research_to_sale_ratio": 10.71,
            "price_fair": 146.75,
            "eps_avg_yearly": 4.19,
            "eps_latest_yearly": 0.52,
            "eps_growth_yearly": 89.14
        },
        "20182": {
            "year_quarter": 20182,
            "year": 2018,
            "quarter": 2,
            "eps": 1.49,
            "eps_growth_year": 27.35,
            "eps_4q": 1.82,
            "eps_4q_growth_year": -61.06,
            "roe": 8.46,
            "roe_4q": 10.38,
            "gross_profit": 85014,
            "gross_margin": 20.43,
            "gross_margin_4q_avg": 20.33,
            "net_income": 48683,
            "net_income_4q": null,
            "revenue": 416098,
            "revenue_4q": null,
            "common_shares": 326941,
            "book_valuer_per_share": 17.35,
            "book_valuer_per_share_4q_avg": 17.85,
            "equity": 567226,
            "current_ratio": 184.49,
            "debt_ratio": 55.82,
            "inventory_turnover_ratio": 2.6,
            "account_receivable_turnover_ratio": 0.87,
            "reinvestment_rate": 2.69,
            "research_to_sale_ratio": 8.88,
            "price_fair": 146.75,
            "eps_avg_yearly": 4.19,
            "eps_latest_yearly": 0.52,
            "eps_growth_yearly": 89.14
        },
        "20183": {
            "year_quarter": 20183,
            "year": 2018,
            "quarter": 3,
            "eps": 1.12,
            "eps_growth_year": 115.38,
            "eps_4q": 2.43,
            "eps_4q_growth_year": -42.06,
            "roe": 6.25,
            "roe_4q": 13.71,
            "gross_profit": 101255,
            "gross_margin": 20.24,
            "gross_margin_4q_avg": 20.29,
            "net_income": 36601,
            "net_income_4q": null,
            "revenue": 500198,
            "revenue_4q": null,
            "common_shares": 326941,
            "book_valuer_per_share": 18.47,
            "book_valuer_per_share_4q_avg": 17.96,
            "equity": 603864,
            "current_ratio": 175.64,
            "debt_ratio": 56.42,
            "inventory_turnover_ratio": 2.73,
            "account_receivable_turnover_ratio": 0.8,
            "reinvestment_rate": 4.69,
            "research_to_sale_ratio": 7.72,
            "price_fair": 147.58,
            "eps_avg_yearly": 4.22,
            "eps_latest_yearly": 4.48,
            "eps_growth_yearly": 73.43
        },
        "20184": {
            "year_quarter": 20184,
            "year": 2018,
            "quarter": 4,
            "eps": 1,
            "eps_growth_year": 679.1,
            "eps_4q": 3.29,
            "eps_4q_growth_year": 53.44,
            "roe": 5.25,
            "roe_4q": 18.25,
            "gross_profit": 92641,
            "gross_margin": 19.61,
            "gross_margin_4q_avg": 19.85,
            "net_income": 32535,
            "net_income_4q": null,
            "revenue": 472391,
            "revenue_4q": null,
            "common_shares": 326941,
            "book_valuer_per_share": 19.48,
            "book_valuer_per_share_4q_avg": 18.29,
            "equity": 636733,
            "current_ratio": 209.11,
            "debt_ratio": 47.49,
            "inventory_turnover_ratio": 3.39,
            "account_receivable_turnover_ratio": 0.72,
            "reinvestment_rate": 1.16,
            "research_to_sale_ratio": 8.06,
            "price_fair": 147,
            "eps_avg_yearly": 4.2,
            "eps_latest_yearly": 4,
            "eps_growth_yearly": 64.49
        },
        "20191": {
            "year_quarter": 20191,
            "year": 2019,
            "quarter": 1,
            "eps": 0.31,
            "eps_growth_year": null,
            "eps_4q": 3.91,
            "eps_4q_growth_year": 164.31,
            "roe": 1.58,
            "roe_4q": 21.54,
            "gross_profit": 68842,
            "gross_margin": 19.1,
            "gross_margin_4q_avg": 19.85,
            "net_income": 10135,
            "net_income_4q": null,
            "revenue": 360453,
            "revenue_4q": null,
            "common_shares": 326941,
            "book_valuer_per_share": 19.79,
            "book_valuer_per_share_4q_avg": 18.77,
            "equity": 646897,
            "current_ratio": 225.96,
            "debt_ratio": 44.33,
            "inventory_turnover_ratio": 3.74,
            "account_receivable_turnover_ratio": 0.7,
            "reinvestment_rate": 0.95,
            "research_to_sale_ratio": 9.99,
            "price_fair": 139.6,
            "eps_avg_yearly": 3.99,
            "eps_latest_yearly": 1.24,
            "eps_growth_yearly": 40.17
        },
        "20192": {
            "year_quarter": 20192,
            "year": 2019,
            "quarter": 2,
            "eps": 0.71,
            "eps_growth_year": -52.35,
            "eps_4q": 3.13,
            "eps_4q_growth_year": 71.66,
            "roe": 3.74,
            "roe_4q": 16.82,
            "gross_profit": 92210,
            "gross_margin": 19.2,
            "gross_margin_4q_avg": 19.54,
            "net_income": 23100,
            "net_income_4q": null,
            "revenue": 480334,
            "revenue_4q": null,
            "common_shares": 326941,
            "book_valuer_per_share": 17.99,
            "book_valuer_per_share_4q_avg": 18.93,
            "equity": 588116,
            "current_ratio": 176.2,
            "debt_ratio": 55.49,
            "inventory_turnover_ratio": 4.24,
            "account_receivable_turnover_ratio": 0.96,
            "reinvestment_rate": -2.05,
            "research_to_sale_ratio": 7.95,
            "price_fair": 138.8,
            "eps_avg_yearly": 3.97,
            "eps_latest_yearly": 2.84,
            "eps_growth_yearly": 90.56
        },
        "20193": {
            "year_quarter": 20193,
            "year": 2019,
            "quarter": 3,
            "eps": 1.22,
            "eps_growth_year": 8.93,
            "eps_4q": 3.24,
            "eps_4q_growth_year": 33.33,
            "roe": 6.58,
            "roe_4q": 17.15,
            "gross_profit": 120965,
            "gross_margin": 19.84,
            "gross_margin_4q_avg": 19.44,
            "net_income": 40046,
            "net_income_4q": null,
            "revenue": 609576,
            "revenue_4q": null,
            "common_shares": 326941,
            "book_valuer_per_share": 19.21,
            "book_valuer_per_share_4q_avg": 19.12,
            "equity": 628168,
            "current_ratio": 179.09,
            "debt_ratio": 55.44,
            "inventory_turnover_ratio": 4.83,
            "account_receivable_turnover_ratio": 0.9,
            "reinvestment_rate": -2.99,
            "research_to_sale_ratio": 6.57,
            "price_fair": 126.9,
            "eps_avg_yearly": 3.63,
            "eps_latest_yearly": 4.88,
            "eps_growth_yearly": 52.49
        },
        "20194": {
            "year_quarter": 20194,
            "year": 2019,
            "quarter": 4,
            "eps": 1.14,
            "eps_growth_year": 14.35,
            "eps_4q": 3.38,
            "eps_4q_growth_year": 2.56,
            "roe": 5.75,
            "roe_4q": 17.65,
            "gross_profit": 123882,
            "gross_margin": 20.11,
            "gross_margin_4q_avg": 19.56,
            "net_income": 37203,
            "net_income_4q": null,
            "revenue": 616036,
            "revenue_4q": null,
            "common_shares": 326941,
            "book_valuer_per_share": 20.34,
            "book_valuer_per_share_4q_avg": 19.33,
            "equity": 664868,
            "current_ratio": 181.87,
            "debt_ratio": 55.15,
            "inventory_turnover_ratio": 5.45,
            "account_receivable_turnover_ratio": 0.85,
            "reinvestment_rate": -2.44,
            "research_to_sale_ratio": 6.24,
            "price_fair": 128.6,
            "eps_avg_yearly": 3.67,
            "eps_latest_yearly": 4.56,
            "eps_growth_yearly": 67.69
        },
        "20201": {
            "year_quarter": 20201,
            "year": 2020,
            "quarter": 1,
            "eps": 0.69,
            "eps_growth_year": 122.58,
            "eps_4q": 3.76,
            "eps_4q_growth_year": -3.91,
            "roe": 3.34,
            "roe_4q": 19.41,
            "gross_profit": 73617,
            "gross_margin": 19.58,
            "gross_margin_4q_avg": 19.68,
            "net_income": 22605,
            "net_income_4q": null,
            "revenue": 376049,
            "revenue_4q": null,
            "common_shares": 326941,
            "book_valuer_per_share": 21.03,
            "book_valuer_per_share_4q_avg": 19.64,
            "equity": 687541,
            "current_ratio": 218.93,
            "debt_ratio": 49.11,
            "inventory_turnover_ratio": 3.34,
            "account_receivable_turnover_ratio": 0.67,
            "reinvestment_rate": -3.22,
            "research_to_sale_ratio": 9.14,
            "price_fair": 127.3,
            "eps_avg_yearly": 3.64,
            "eps_latest_yearly": 2.76,
            "eps_growth_yearly": 60.83
        },
        "20202": {
            "year_quarter": 20202,
            "year": 2020,
            "quarter": 2,
            "eps": 1.04,
            "eps_growth_year": 46.48,
            "eps_4q": 4.09,
            "eps_4q_growth_year": 30.61,
            "roe": 5.1,
            "roe_4q": 20.77,
            "gross_profit": 113345,
            "gross_margin": 22.48,
            "gross_margin_4q_avg": 20.5,
            "net_income": 33854,
            "net_income_4q": null,
            "revenue": 504281,
            "revenue_4q": null,
            "common_shares": 326941,
            "book_valuer_per_share": 19.56,
            "book_valuer_per_share_4q_avg": 20.04,
            "equity": 639416,
            "current_ratio": 190.44,
            "debt_ratio": 55.54,
            "inventory_turnover_ratio": 3.7,
            "account_receivable_turnover_ratio": 1.21,
            "reinvestment_rate": -4.42,
            "research_to_sale_ratio": 7.47,
            "price_fair": 125.8,
            "eps_avg_yearly": 3.59,
            "eps_latest_yearly": 4.16,
            "eps_growth_yearly": 62.43
        },
        "20203": {
            "year_quarter": 20203,
            "year": 2020,
            "quarter": 3,
            "eps": 1.95,
            "eps_growth_year": 59.84,
            "eps_4q": 4.82,
            "eps_4q_growth_year": 48.84,
            "roe": 9.51,
            "roe_4q": 23.7,
            "gross_profit": 162618,
            "gross_margin": 22.5,
            "gross_margin_4q_avg": 21.17,
            "net_income": 63836,
            "net_income_4q": null,
            "revenue": 722677,
            "revenue_4q": null,
            "common_shares": 326941,
            "book_valuer_per_share": 21.5,
            "book_valuer_per_share_4q_avg": 20.61,
            "equity": 702942,
            "current_ratio": 170.71,
            "debt_ratio": 59.68,
            "inventory_turnover_ratio": 3.84,
            "account_receivable_turnover_ratio": 1.29,
            "reinvestment_rate": -4.26,
            "research_to_sale_ratio": 5.56,
            "price_fair": 135.9,
            "eps_avg_yearly": 3.88,
            "eps_latest_yearly": 7.8,
            "eps_growth_yearly": 93.43
        },
        "20204": {
            "year_quarter": 20204,
            "year": 2020,
            "quarter": 4,
            "eps": 1.12,
            "eps_growth_year": -1.38,
            "eps_4q": 4.8,
            "eps_4q_growth_year": 42.09,
            "roe": 5.09,
            "roe_4q": 23.04,
            "gross_profit": 125863,
            "gross_margin": 21.19,
            "gross_margin_4q_avg": 21.44,
            "net_income": 36688,
            "net_income_4q": null,
            "revenue": 594050,
            "revenue_4q": null,
            "common_shares": 326941,
            "book_valuer_per_share": 22.61,
            "book_valuer_per_share_4q_avg": 21.18,
            "equity": 739231,
            "current_ratio": 178.71,
            "debt_ratio": 56.86,
            "inventory_turnover_ratio": 3.14,
            "account_receivable_turnover_ratio": 0.88,
            "reinvestment_rate": -4.19,
            "research_to_sale_ratio": 6.1,
            "price_fair": 124.9,
            "eps_avg_yearly": 3.57,
            "eps_latest_yearly": 4.48,
            "eps_growth_yearly": 42.36
        },
        "20211": {
            "year_quarter": 20211,
            "year": 2021,
            "quarter": 1,
            "eps": 0.79,
            "eps_growth_year": 14.49,
            "eps_4q": 4.9,
            "eps_4q_growth_year": 30.26,
            "roe": 3.43,
            "roe_4q": 23.130000000000003,
            "gross_profit": 82722,
            "gross_margin": 21.43,
            "gross_margin_4q_avg": 21.9,
            "net_income": 25784,
            "net_income_4q": null,
            "revenue": 386051,
            "revenue_4q": null,
            "common_shares": 326941,
            "book_valuer_per_share": 23.41,
            "book_valuer_per_share_4q_avg": 21.77,
            "equity": 765410,
            "current_ratio": 207.66,
            "debt_ratio": 49.52,
            "inventory_turnover_ratio": 2.41,
            "account_receivable_turnover_ratio": 0.7,
            "reinvestment_rate": -4.22,
            "research_to_sale_ratio": 8.48,
            "price_fair": 129.1,
            "eps_avg_yearly": 3.69,
            "eps_latest_yearly": 3.16,
            "eps_growth_yearly": 57.76
        },
        "20212": {
            "year_quarter": 20212,
            "year": 2021,
            "quarter": 2,
            "eps": 0.65,
            "eps_growth_year": -37.5,
            "eps_4q": 4.51,
            "eps_4q_growth_year": 10.37,
            "roe": 2.96,
            "roe_4q": 20.990000000000002,
            "gross_profit": 96540,
            "gross_margin": 25.11,
            "gross_margin_4q_avg": 22.56,
            "net_income": 21271,
            "net_income_4q": null,
            "revenue": 384522,
            "revenue_4q": null,
            "common_shares": 326941,
            "book_valuer_per_share": 20.55,
            "book_valuer_per_share_4q_avg": 22.02,
            "equity": 671840,
            "current_ratio": 191,
            "debt_ratio": 52.96,
            "inventory_turnover_ratio": 1.61,
            "account_receivable_turnover_ratio": 0.81,
            "reinvestment_rate": -1.24,
            "research_to_sale_ratio": 8.17,
            "price_fair": 10.62,
            "eps_avg_yearly": 3.54,
            "eps_latest_yearly": 2.6,
            "eps_growth_yearly": -9.08
        },
        "20213": {
            "year_quarter": 20213,
            "year": 2021,
            "quarter": 3,
            "eps": 0.73,
            "eps_growth_year": -62.56,
            "eps_4q": 3.29,
            "eps_4q_growth_year": -31.72,
            "roe": 3.48,
            "roe_4q": 14.959999999999999,
            "gross_profit": 79779,
            "gross_margin": 19.15,
            "gross_margin_4q_avg": 21.72,
            "net_income": 23791,
            "net_income_4q": null,
            "revenue": 416534,
            "revenue_4q": null,
            "common_shares": 326941,
            "book_valuer_per_share": 21.28,
            "book_valuer_per_share_4q_avg": 21.96,
            "equity": 695620,
            "current_ratio": 193.07,
            "debt_ratio": 52.37,
            "inventory_turnover_ratio": 1.46,
            "account_receivable_turnover_ratio": 0.82,
            "reinvestment_rate": -2.08,
            "research_to_sale_ratio": 8.32,
            "price_fair": 73.1,
            "eps_avg_yearly": 3.6,
            "eps_latest_yearly": 2.92,
            "eps_growth_yearly": 10.31
        },
        "20214": {
            "year_quarter": 20214,
            "year": 2021,
            "quarter": 4,
            "eps": 1.25,
            "eps_growth_year": 11.83,
            "eps_4q": 3.43,
            "eps_4q_growth_year": -28.59,
            "roe": 5.73,
            "roe_4q": 15.600000000000001,
            "gross_profit": 101765,
            "gross_margin": 18.94,
            "gross_margin_4q_avg": 21.16,
            "net_income": 40902,
            "net_income_4q": null,
            "revenue": 537232,
            "revenue_4q": null,
            "common_shares": 326941,
            "book_valuer_per_share": 22.47,
            "book_valuer_per_share_4q_avg": 21.93,
            "equity": 732478,
            "current_ratio": 193.7,
            "debt_ratio": 51.54,
            "inventory_turnover_ratio": 1.76,
            "account_receivable_turnover_ratio": 1.22,
            "reinvestment_rate": -1.57,
            "research_to_sale_ratio": 7.49,
            "price_fair": 137.2,
            "eps_avg_yearly": 3.92,
            "eps_latest_yearly": 5,
            "eps_growth_yearly": 52.09
        },
        "20221": {
            "year_quarter": 20221,
            "year": 2022,
            "quarter": 1,
            "eps": 1.21,
            "eps_growth_year": 53.16,
            "eps_4q": 3.85,
            "eps_4q_growth_year": -21.49,
            "roe": 5.56,
            "roe_4q": 17.73,
            "gross_profit": 79494,
            "gross_margin": 17.46,
            "gross_margin_4q_avg": 20.17,
            "net_income": 39383,
            "net_income_4q": null,
            "revenue": 455221,
            "revenue_4q": null,
            "common_shares": 326941,
            "book_valuer_per_share": 20.97,
            "book_valuer_per_share_4q_avg": 21.32,
            "equity": 683402,
            "current_ratio": 188.54,
            "debt_ratio": 52.58,
            "inventory_turnover_ratio": 1.16,
            "account_receivable_turnover_ratio": 1.12,
            "reinvestment_rate": -0.97,
            "research_to_sale_ratio": 6.56,
            "price_fair": 139.35,
            "eps_avg_yearly": 3.98,
            "eps_latest_yearly": 4.84,
            "eps_growth_yearly": 47.76
        },
        "20222": {
            "year_quarter": 20222,
            "year": 2022,
            "quarter": 2,
            "eps": 2.02,
            "eps_growth_year": 210.77,
            "eps_4q": 5.2,
            "eps_4q_growth_year": 15.23,
            "roe": 9.17,
            "roe_4q": 23.94,
            "gross_profit": 127125,
            "gross_margin": 16.83,
            "gross_margin_4q_avg": 18.1,
            "net_income": 65978,
            "net_income_4q": null,
            "revenue": 755502,
            "revenue_4q": null,
            "common_shares": 326941,
            "book_valuer_per_share": 23.11,
            "book_valuer_per_share_4q_avg": 21.96,
            "equity": 755552,
            "current_ratio": 186.98,
            "debt_ratio": 51.6,
            "inventory_turnover_ratio": 1.63,
            "account_receivable_turnover_ratio": 1.36,
            "reinvestment_rate": -0.92,
            "research_to_sale_ratio": 4.6,
            "price_fair": 148.31,
            "eps_avg_yearly": 4.24,
            "eps_latest_yearly": 8.08,
            "eps_growth_yearly": 61.51
        },
        "20223": {
            "year_quarter": 20223,
            "year": 2022,
            "quarter": 3,
            "eps": 2.59,
            "eps_growth_year": 254.79,
            "eps_4q": 7.07,
            "eps_4q_growth_year": 114.8,
            "roe": 10.61,
            "roe_4q": 31.07,
            "gross_profit": 128088,
            "gross_margin": 18.1,
            "gross_margin_4q_avg": 17.83,
            "net_income": 84722,
            "net_income_4q": null,
            "revenue": 707806,
            "revenue_4q": null,
            "common_shares": 326941,
            "book_valuer_per_share": 25.74,
            "book_valuer_per_share_4q_avg": 23.07,
            "equity": 841653,
            "current_ratio": 208.12,
            "debt_ratio": 46.5,
            "inventory_turnover_ratio": 1.53,
            "account_receivable_turnover_ratio": 1.07,
            "reinvestment_rate": -3.26,
            "research_to_sale_ratio": 6.23,
            "price_fair": 161.18,
            "eps_avg_yearly": 4.61,
            "eps_latest_yearly": 10.36,
            "eps_growth_yearly": 74.77
        },
        "20224": {
            "year_quarter": 20224,
            "year": 2022,
            "quarter": 4,
            "eps": 0.34,
            "eps_growth_year": -72.61,
            "eps_4q": 6.16,
            "eps_4q_growth_year": 79.6,
            "roe": 1.32,
            "roe_4q": 26.66,
            "gross_profit": 112271,
            "gross_margin": 17.03,
            "gross_margin_4q_avg": 17.36,
            "net_income": 11238,
            "net_income_4q": null,
            "revenue": 659280,
            "revenue_4q": null,
            "common_shares": 326941,
            "book_valuer_per_share": 26.16,
            "book_valuer_per_share_4q_avg": 24,
            "equity": 855131,
            "current_ratio": 210.63,
            "debt_ratio": 45.33,
            "inventory_turnover_ratio": 1.68,
            "account_receivable_turnover_ratio": 1.09,
            "reinvestment_rate": -3.32,
            "research_to_sale_ratio": 6.97,
            "price_fair": 155.4,
            "eps_avg_yearly": 4.44,
            "eps_latest_yearly": 1.36,
            "eps_growth_yearly": 55.73
        },
        "20231": {
            "year_quarter": 20231,
            "year": 2023,
            "quarter": 1,
            "eps": 0.89,
            "eps_growth_year": -26.45,
            "eps_4q": 5.11,
            "eps_4q_growth_year": 32.77,
            "roe": 3.35,
            "roe_4q": 24.45,
            "gross_profit": 97767,
            "gross_margin": 16.82,
            "gross_margin_4q_avg": 17.2,
            "net_income": 30538,
            "net_income_4q": null,
            "revenue": 581282,
            "revenue_4q": null,
            "common_shares": 376941,
            "book_valuer_per_share": 25.75,
            "book_valuer_per_share_4q_avg": 25.19,
            "equity": 970457,
            "current_ratio": 213.41,
            "debt_ratio": 44.97,
            "inventory_turnover_ratio": 1.69,
            "account_receivable_turnover_ratio": 1.09,
            "reinvestment_rate": -2.32,
            "research_to_sale_ratio": 5.28,
            "price_fair": 160.48,
            "eps_avg_yearly": 4.59,
            "eps_latest_yearly": 3.56,
            "eps_growth_yearly": 113.42
        },
        "20232": {
            "year_quarter": 20232,
            "year": 2023,
            "quarter": 2,
            "eps": 1.66,
            "eps_growth_year": -17.82,
            "eps_4q": 5.01,
            "eps_4q_growth_year": -3.58,
            "roe": 6.24,
            "roe_4q": 21.52,
            "gross_profit": 103666,
            "gross_margin": 16.36,
            "gross_margin_4q_avg": 17.08,
            "net_income": 62535,
            "net_income_4q": null,
            "revenue": 633687,
            "revenue_4q": null,
            "common_shares": 376941,
            "book_valuer_per_share": 27.43,
            "book_valuer_per_share_4q_avg": 26.27,
            "equity": 1034094,
            "current_ratio": 256.11,
            "debt_ratio": 37.28,
            "inventory_turnover_ratio": 1.81,
            "account_receivable_turnover_ratio": 1.09,
            "reinvestment_rate": -1.5,
            "research_to_sale_ratio": 4.73,
            "price_fair": 168.79,
            "eps_avg_yearly": 4.82,
            "eps_latest_yearly": 6.64,
            "eps_growth_yearly": 102.8
        },
        "20233": {
            "year_quarter": 20233,
            "year": 2023,
            "quarter": 3,
            "eps": 1.92,
            "eps_growth_year": -25.87,
            "eps_4q": 4.69,
            "eps_4q_growth_year": -33.65,
            "roe": 6.76,
            "roe_4q": 17.67,
            "gross_profit": 113184,
            "gross_margin": 17.42,
            "gross_margin_4q_avg": 16.91,
            "net_income": 72374,
            "net_income_4q": null,
            "revenue": 649770,
            "revenue_4q": null,
            "common_shares": 376941,
            "book_valuer_per_share": 29.37,
            "book_valuer_per_share_4q_avg": 27.18,
            "equity": 1107027,
            "current_ratio": 244.74,
            "debt_ratio": 39.37,
            "inventory_turnover_ratio": 1.85,
            "account_receivable_turnover_ratio": 0.97,
            "reinvestment_rate": 0.3,
            "research_to_sale_ratio": 4.8,
            "price_fair": 174.91,
            "eps_avg_yearly": 5,
            "eps_latest_yearly": 7.68,
            "eps_growth_yearly": 88.75
        },
        "20234": {
            "year_quarter": 20234,
            "year": 2023,
            "quarter": 4,
            "eps": -0.31,
            "eps_growth_year": -189.84,
            "eps_4q": 4.08,
            "eps_4q_growth_year": -33.74,
            "roe": -1.06,
            "roe_4q": 15.29,
            "gross_profit": 76790,
            "gross_margin": 15.16,
            "gross_margin_4q_avg": 16.44,
            "net_income": -11640,
            "net_income_4q": null,
            "revenue": 506436,
            "revenue_4q": null,
            "common_shares": 376941,
            "book_valuer_per_share": 29.05,
            "book_valuer_per_share_4q_avg": 27.9,
            "equity": 1094865,
            "current_ratio": 288.61,
            "debt_ratio": 33.15,
            "inventory_turnover_ratio": 1.81,
            "account_receivable_turnover_ratio": 0.84,
            "reinvestment_rate": -1.38,
            "research_to_sale_ratio": 6.24,
            "price_fair": 175.93,
            "eps_avg_yearly": 5.03,
            "eps_latest_yearly": 7.68,
            "eps_growth_yearly": 96.42
        }
    },
    "months": {
        "2014-09": {
            "month": "2014-09",
            "price": "32.89",
            "revenue": 153127
        },
        "2014-10": {
            "month": "2014-10",
            "price": "30.94",
            "revenue": 201062
        },
        "2014-11": {
            "month": "2014-11",
            "price": "29.60",
            "revenue": 160302
        },
        "2014-12": {
            "month": "2014-12",
            "price": "30.80",
            "revenue": 155152
        },
        "2015-01": {
            "month": "2015-01",
            "price": "37.67",
            "revenue": 113473
        },
        "2015-02": {
            "month": "2015-02",
            "price": "39.17",
            "revenue": 145532
        },
        "2015-03": {
            "month": "2015-03",
            "price": "48.88",
            "revenue": 222650
        },
        "2015-04": {
            "month": "2015-04",
            "price": "51.67",
            "revenue": 192077
        },
        "2015-05": {
            "month": "2015-05",
            "price": "50.59",
            "revenue": 169397
        },
        "2015-06": {
            "month": "2015-06",
            "price": "50.27",
            "revenue": 109541
        },
        "2015-07": {
            "month": "2015-07",
            "price": "45.09",
            "revenue": 156943
        },
        "2015-08": {
            "month": "2015-08",
            "price": "37.62",
            "revenue": 161523
        },
        "2015-09": {
            "month": "2015-09",
            "price": "38.68",
            "revenue": 162257
        },
        "2015-10": {
            "month": "2015-10",
            "price": "44.06",
            "revenue": 157138
        },
        "2015-11": {
            "month": "2015-11",
            "price": "59.48",
            "revenue": 156955
        },
        "2015-12": {
            "month": "2015-12",
            "price": "52.68",
            "revenue": 123063
        },
        "2016-01": {
            "month": "2016-01",
            "price": "46.73",
            "revenue": 121112
        },
        "2016-02": {
            "month": "2016-02",
            "price": "50.88",
            "revenue": 149579
        },
        "2016-03": {
            "month": "2016-03",
            "price": "56.30",
            "revenue": 149042
        },
        "2016-04": {
            "month": "2016-04",
            "price": "51.41",
            "revenue": 141335
        },
        "2016-05": {
            "month": "2016-05",
            "price": "48.84",
            "revenue": 171243
        },
        "2016-06": {
            "month": "2016-06",
            "price": "49.25",
            "revenue": 142824
        },
        "2016-07": {
            "month": "2016-07",
            "price": "46.33",
            "revenue": 163783
        },
        "2016-08": {
            "month": "2016-08",
            "price": "51.37",
            "revenue": 164423
        },
        "2016-09": {
            "month": "2016-09",
            "price": "51.96",
            "revenue": 168417
        },
        "2016-10": {
            "month": "2016-10",
            "price": "48.98",
            "revenue": 169095
        },
        "2016-11": {
            "month": "2016-11",
            "price": "46.83",
            "revenue": 164648
        },
        "2016-12": {
            "month": "2016-12",
            "price": "47.58",
            "revenue": 167397
        },
        "2017-01": {
            "month": "2017-01",
            "price": "50.58",
            "revenue": 139685
        },
        "2017-02": {
            "month": "2017-02",
            "price": "52.36",
            "revenue": 163716
        },
        "2017-03": {
            "month": "2017-03",
            "price": "61.00",
            "revenue": 169812
        },
        "2017-04": {
            "month": "2017-04",
            "price": "66.54",
            "revenue": 155194
        },
        "2017-05": {
            "month": "2017-05",
            "price": "62.25",
            "revenue": 162064
        },
        "2017-06": {
            "month": "2017-06",
            "price": "60.68",
            "revenue": 151013
        },
        "2017-07": {
            "month": "2017-07",
            "price": "52.89",
            "revenue": 117009
        },
        "2017-08": {
            "month": "2017-08",
            "price": "46.23",
            "revenue": 118046
        },
        "2017-09": {
            "month": "2017-09",
            "price": "42.25",
            "revenue": 108447
        },
        "2017-10": {
            "month": "2017-10",
            "price": "40.81",
            "revenue": 111062
        },
        "2017-11": {
            "month": "2017-11",
            "price": "38.45",
            "revenue": 105504
        },
        "2017-12": {
            "month": "2017-12",
            "price": "36.60",
            "revenue": 92567
        },
        "2018-01": {
            "month": "2018-01",
            "price": "36.41",
            "revenue": 102735
        },
        "2018-02": {
            "month": "2018-02",
            "price": "34.65",
            "revenue": 100071
        },
        "2018-03": {
            "month": "2018-03",
            "price": "35.94",
            "revenue": 101774
        },
        "2018-04": {
            "month": "2018-04",
            "price": "32.97",
            "revenue": 119714
        },
        "2018-05": {
            "month": "2018-05",
            "price": "32.13",
            "revenue": 143671
        },
        "2018-06": {
            "month": "2018-06",
            "price": "35.09",
            "revenue": 152712
        },
        "2018-07": {
            "month": "2018-07",
            "price": "34.13",
            "revenue": 155842
        },
        "2018-08": {
            "month": "2018-08",
            "price": "36.26",
            "revenue": 166279
        },
        "2018-09": {
            "month": "2018-09",
            "price": "37.25",
            "revenue": 178078
        },
        "2018-10": {
            "month": "2018-10",
            "price": "34.91",
            "revenue": 171036
        },
        "2018-11": {
            "month": "2018-11",
            "price": "33.85",
            "revenue": 150762
        },
        "2018-12": {
            "month": "2018-12",
            "price": "43.83",
            "revenue": 150593
        },
        "2019-01": {
            "month": "2019-01",
            "price": "46.63",
            "revenue": 120310
        },
        "2019-02": {
            "month": "2019-02",
            "price": "45.39",
            "revenue": 103502
        },
        "2019-03": {
            "month": "2019-03",
            "price": "44.40",
            "revenue": 136641
        },
        "2019-04": {
            "month": "2019-04",
            "price": "47.31",
            "revenue": 144748
        },
        "2019-05": {
            "month": "2019-05",
            "price": "41.71",
            "revenue": 162351
        },
        "2019-06": {
            "month": "2019-06",
            "price": "40.78",
            "revenue": 173234
        },
        "2019-07": {
            "month": "2019-07",
            "price": "43.34",
            "revenue": 174842
        },
        "2019-08": {
            "month": "2019-08",
            "price": "43.40",
            "revenue": 214782
        },
        "2019-09": {
            "month": "2019-09",
            "price": "50.46",
            "revenue": 219952
        },
        "2019-10": {
            "month": "2019-10",
            "price": "50.22",
            "revenue": 220360
        },
        "2019-11": {
            "month": "2019-11",
            "price": "48.50",
            "revenue": 216642
        },
        "2019-12": {
            "month": "2019-12",
            "price": "48.17",
            "revenue": 179033
        },
        "2020-01": {
            "month": "2020-01",
            "price": "46.46",
            "revenue": 121777
        },
        "2020-02": {
            "month": "2020-02",
            "price": "44.98",
            "revenue": 117445
        },
        "2020-03": {
            "month": "2020-03",
            "price": "37.04",
            "revenue": 136827
        },
        "2020-04": {
            "month": "2020-04",
            "price": "38.56",
            "revenue": 123208
        },
        "2020-05": {
            "month": "2020-05",
            "price": "40.73",
            "revenue": 190264
        },
        "2020-06": {
            "month": "2020-06",
            "price": "44.41",
            "revenue": 190808
        },
        "2020-07": {
            "month": "2020-07",
            "price": "44.54",
            "revenue": 199417
        },
        "2020-08": {
            "month": "2020-08",
            "price": "46.14",
            "revenue": 221468
        },
        "2020-09": {
            "month": "2020-09",
            "price": "45.57",
            "revenue": 301792
        },
        "2020-10": {
            "month": "2020-10",
            "price": "48.11",
            "revenue": 225369
        },
        "2020-11": {
            "month": "2020-11",
            "price": "52.43",
            "revenue": 220394
        },
        "2020-12": {
            "month": "2020-12",
            "price": "59.00",
            "revenue": 148287
        },
        "2021-01": {
            "month": "2021-01",
            "price": "52.88",
            "revenue": 141020
        },
        "2021-02": {
            "month": "2021-02",
            "price": "52.84",
            "revenue": 107353
        },
        "2021-03": {
            "month": "2021-03",
            "price": "57.13",
            "revenue": 137677
        },
        "2021-04": {
            "month": "2021-04",
            "price": "57.14",
            "revenue": 123228
        },
        "2021-05": {
            "month": "2021-05",
            "price": "50.37",
            "revenue": 133421
        },
        "2021-06": {
            "month": "2021-06",
            "price": "49.22",
            "revenue": 127872
        },
        "2021-07": {
            "month": "2021-07",
            "price": "47.58",
            "revenue": 114779
        },
        "2021-08": {
            "month": "2021-08",
            "price": "42.84",
            "revenue": 122629
        },
        "2021-09": {
            "month": "2021-09",
            "price": "40.26",
            "revenue": 179126
        },
        "2021-10": {
            "month": "2021-10",
            "price": "41.86",
            "revenue": 187440
        },
        "2021-11": {
            "month": "2021-11",
            "price": "44.81",
            "revenue": 162205
        },
        "2021-12": {
            "month": "2021-12",
            "price": "43.97",
            "revenue": 187587
        },
        "2022-01": {
            "month": "2022-01",
            "price": "44.31",
            "revenue": 156966
        },
        "2022-02": {
            "month": "2022-02",
            "price": "44.14",
            "revenue": 102635
        },
        "2022-03": {
            "month": "2022-03",
            "price": "43.78",
            "revenue": 195620
        },
        "2022-04": {
            "month": "2022-04",
            "price": "51.09",
            "revenue": 242301
        },
        "2022-05": {
            "month": "2022-05",
            "price": "60.71",
            "revenue": 256974
        },
        "2022-06": {
            "month": "2022-06",
            "price": "68.70",
            "revenue": 256227
        },
        "2022-07": {
            "month": "2022-07",
            "price": "67.67",
            "revenue": 243907
        },
        "2022-08": {
            "month": "2022-08",
            "price": "70.89",
            "revenue": 217308
        },
        "2022-09": {
            "month": "2022-09",
            "price": "59.32",
            "revenue": 246591
        },
        "2022-10": {
            "month": "2022-10",
            "price": "49.69",
            "revenue": 259813
        },
        "2022-11": {
            "month": "2022-11",
            "price": "55.49",
            "revenue": 202360
        },
        "2022-12": {
            "month": "2022-12",
            "price": "58.61",
            "revenue": 197108
        },
        "2023-01": {
            "month": "2023-01",
            "price": "54.58",
            "revenue": 187160
        },
        "2023-02": {
            "month": "2023-02",
            "price": "60.07",
            "revenue": 187810
        },
        "2023-03": {
            "month": "2023-03",
            "price": "64.55",
            "revenue": 206312
        },
        "2023-04": {
            "month": "2023-04",
            "price": "66.48",
            "revenue": 209509
        },
        "2023-05": {
            "month": "2023-05",
            "price": "62.58",
            "revenue": 210465
        },
        "2023-06": {
            "month": "2023-06",
            "price": "70.66",
            "revenue": 213713
        },
        "2023-07": {
            "month": "2023-07",
            "price": "82.67",
            "revenue": 215945
        },
        "2023-08": {
            "month": "2023-08",
            "price": "71.06",
            "revenue": 216295
        },
        "2023-09": {
            "month": "2023-09",
            "price": "70.86",
            "revenue": 217531
        },
        "2023-10": {
            "month": "2023-10",
            "price": "66.28",
            "revenue": 204946
        },
        "2023-11": {
            "month": "2023-11",
            "price": "66.15",
            "revenue": 150958
        },
        "2023-12": {
            "month": "2023-12",
            "price": "65.50",
            "revenue": 150532
        },
        "2024-01": {
            "month": "2024-01",
            "price": "62.44",
            "revenue": 105570
        },
        "2024-02": {
            "month": "2024-02",
            "price": "60.51",
            "revenue": 102814
        }
    }
}
