{
    "summary": {
        "stock_name": "保瑞",
        "stock_id": "6472",
        "category": "生技醫療",
        "main_business": "藥品製造、西藥及保健保養品代理及銷售",
        "website_url": "https://www.bora-corp.com/tw/",
        "ceo": "盛保熙",
        "pe_ratio": 26,
        "report_year_from": 2012,
        "report_year_to": 2023,
        "age": 11,
        "eps_negative_percentage": 0,
        "eps_growth_avg": {
            "last_all": 24.18,
            "last_2y": 28.51,
            "last_4y": 28.31,
            "last_8y": null,
            "last_12y": null,
            "last_16y": null,
            "last_20y": null,
            "at_2006_last_3y": null,
            "at_2007_last_3y": null,
            "at_2008_last_3y": null,
            "at_2009_last_3y": null,
            "at_2010_last_3y": null,
            "at_2011_last_3y": null,
            "at_2012_last_3y": null,
            "at_2013_last_3y": null,
            "at_2014_last_3y": null,
            "at_2015_last_3y": null,
            "at_2016_last_3y": null,
            "at_2017_last_3y": null,
            "at_2018_last_3y": null,
            "at_2019_last_3y": 20.93,
            "at_2020_last_3y": 13.98,
            "at_2021_last_3y": 23.09,
            "at_2022_last_3y": 10.39,
            "at_2023_last_3y": 10.39,
            "at_2006_last_all": null,
            "at_2007_last_all": null,
            "at_2008_last_all": null,
            "at_2009_last_all": null,
            "at_2010_last_all": null,
            "at_2011_last_all": null,
            "at_2012_last_all": null,
            "at_2013_last_all": null,
            "at_2014_last_all": null,
            "at_2015_last_all": null,
            "at_2016_last_all": null,
            "at_2017_last_all": 13.86,
            "at_2018_last_all": 42.58,
            "at_2019_last_all": 20.93,
            "at_2020_last_all": 21.8,
            "at_2021_last_all": 20.02,
            "at_2022_last_all": 24.18,
            "at_2023_last_all": 24.18
        },
        "latest_eps": 29.14,
        "latest_price": 762,
        "latest_roe": 49.24,
        "latest_gross_margin": 40.28,
        "latest_equity": 6083788,
        "latest_revenue": 4780532,
        "latest_gross_profit": 1925732,
        "latest_net_income": 1043267,
        "latest_debt_ratio": 73.33,
        "latest_current_ratio": 117.06,
        "latest_account_receivable_turnover_ratio": 0.86,
        "latest_inventory_turnover_ratio": 1.53,
        "latest_reinvestment_rate": 137.01,
        "latest_research_to_sale_ratio": 1.16
    },
    "eps_dividends": {
        "2001": {
            "cash": 0,
            "stock": 0,
            "eps": 0
        },
        "2002": {
            "cash": 0,
            "stock": 0,
            "eps": 0
        },
        "2003": {
            "cash": 0,
            "stock": 0,
            "eps": 0
        },
        "2004": {
            "cash": 0,
            "stock": 0,
            "eps": 0
        },
        "2005": {
            "cash": 0,
            "stock": 0,
            "eps": 0
        },
        "2006": {
            "cash": 0,
            "stock": 0,
            "eps": 0
        },
        "2007": {
            "cash": 0,
            "stock": 0,
            "eps": 0
        },
        "2008": {
            "cash": 0,
            "stock": 0,
            "eps": 0
        },
        "2009": {
            "cash": 0,
            "stock": 0,
            "eps": 0
        },
        "2010": {
            "cash": 0,
            "stock": 0,
            "eps": 0
        },
        "2011": {
            "cash": 0,
            "stock": 0,
            "eps": 0
        },
        "2012": {
            "cash": 0,
            "stock": 0,
            "eps": 0
        },
        "2013": {
            "cash": 0,
            "stock": 0,
            "eps": 0
        },
        "2014": {
            "cash": 0,
            "stock": 0,
            "eps": 0
        },
        "2015": {
            "cash": 1,
            "stock": 0,
            "eps": 0.49
        },
        "2016": {
            "cash": 1,
            "stock": 0,
            "eps": 0.75
        },
        "2017": {
            "cash": 1,
            "stock": 0,
            "eps": 0.56
        },
        "2018": {
            "cash": 1,
            "stock": 0,
            "eps": 16.41
        },
        "2019": {
            "cash": 3,
            "stock": 3,
            "eps": 9.19
        },
        "2020": {
            "cash": 2,
            "stock": 3,
            "eps": 11.51
        },
        "2021": {
            "cash": 2,
            "stock": 3,
            "eps": 12.79
        },
        "2022": {
            "cash": 4,
            "stock": 1,
            "eps": 19.08
        },
        "2023": {
            "cash": 8,
            "stock": 3,
            "eps": 13.62
        }
    },
    "dividends": {
        "2015-09-30": {
            "cash": 0.5,
            "stock": 0
        },
        "2016-08-10": {
            "cash": 0.6,
            "stock": 0.4
        },
        "2017-08-21": {
            "cash": 0.8,
            "stock": 0
        },
        "2018-08-10": {
            "cash": 0.5,
            "stock": 0
        },
        "2019-08-28": {
            "cash": 3,
            "stock": 3
        },
        "2020-07-31": {
            "cash": 2,
            "stock": 3
        },
        "2021-10-08": {
            "cash": 2,
            "stock": 2.5
        },
        "2022-08-02": {
            "cash": 3.5,
            "stock": 1
        },
        "2023-03-16": {
            "cash": 8,
            "stock": 3
        }
    },
    "prices": {
        "200101": "無",
        "200102": "無",
        "200103": "無",
        "200104": "無",
        "200105": "無",
        "200106": "無",
        "200107": "無",
        "200108": "無",
        "200109": "無",
        "200110": "無",
        "200111": "無",
        "200112": "無",
        "200201": "無",
        "200202": "無",
        "200203": "無",
        "200204": "無",
        "200205": "無",
        "200206": "無",
        "200207": "無",
        "200208": "無",
        "200209": "無",
        "200210": "無",
        "200211": "無",
        "200212": "無",
        "200301": "無",
        "200302": "無",
        "200303": "無",
        "200304": "無",
        "200305": "無",
        "200306": "無",
        "200307": "無",
        "200308": "無",
        "200309": "無",
        "200310": "無",
        "200311": "無",
        "200312": "無",
        "200401": "無",
        "200402": "無",
        "200403": "無",
        "200404": "無",
        "200405": "無",
        "200406": "無",
        "200407": "無",
        "200408": "無",
        "200409": "無",
        "200410": "無",
        "200411": "無",
        "200412": "無",
        "200501": "無",
        "200502": "無",
        "200503": "無",
        "200504": "無",
        "200505": "無",
        "200506": "無",
        "200507": "無",
        "200508": "無",
        "200509": "無",
        "200510": "無",
        "200511": "無",
        "200512": "無",
        "200601": "無",
        "200602": "無",
        "200603": "無",
        "200604": "無",
        "200605": "無",
        "200606": "無",
        "200607": "無",
        "200608": "無",
        "200609": "無",
        "200610": "無",
        "200611": "無",
        "200612": "無",
        "200701": "無",
        "200702": "無",
        "200703": "無",
        "200704": "無",
        "200705": "無",
        "200706": "無",
        "200707": "無",
        "200708": "無",
        "200709": "無",
        "200710": "無",
        "200711": "無",
        "200712": "無",
        "200801": "無",
        "200802": "無",
        "200803": "無",
        "200804": "無",
        "200805": "無",
        "200806": "無",
        "200807": "無",
        "200808": "無",
        "200809": "無",
        "200810": "無",
        "200811": "無",
        "200812": "無",
        "200901": "無",
        "200902": "無",
        "200903": "無",
        "200904": "無",
        "200905": "無",
        "200906": "無",
        "200907": "無",
        "200908": "無",
        "200909": "無",
        "200910": "無",
        "200911": "無",
        "200912": "無",
        "201001": "無",
        "201002": "無",
        "201003": "無",
        "201004": "無",
        "201005": "無",
        "201006": "無",
        "201007": "無",
        "201008": "無",
        "201009": "無",
        "201010": "無",
        "201011": "無",
        "201012": "無",
        "201101": "無",
        "201102": "無",
        "201103": "無",
        "201104": "無",
        "201105": "無",
        "201106": "無",
        "201107": "無",
        "201108": "無",
        "201109": "無",
        "201110": "無",
        "201111": "無",
        "201112": "無",
        "201201": "無",
        "201202": "無",
        "201203": "無",
        "201204": "無",
        "201205": "無",
        "201206": "無",
        "201207": "無",
        "201208": "無",
        "201209": "無",
        "201210": "無",
        "201211": "無",
        "201212": "無",
        "201301": "無",
        "201302": "無",
        "201303": "無",
        "201304": "無",
        "201305": "無",
        "201306": "無",
        "201307": "無",
        "201308": "無",
        "201309": "無",
        "201310": "無",
        "201311": "無",
        "201312": "無",
        "201401": "無",
        "201402": "無",
        "201403": "無",
        "201404": "無",
        "201405": "無",
        "201406": "無",
        "201407": "無",
        "201408": "無",
        "201409": "無",
        "201410": "131.05",
        "201411": "121.05",
        "201412": "119.78",
        "201501": "119.88",
        "201502": "119.92",
        "201503": "118.90",
        "201504": "117.99",
        "201505": "117.99",
        "201506": "117.16",
        "201507": "116.26",
        "201508": "109.32",
        "201509": "102.71",
        "201510": "102.34",
        "201511": "101.66",
        "201512": "101.70",
        "201601": "76.24",
        "201602": "59.95",
        "201603": "57.19",
        "201604": "56.28",
        "201605": "59.67",
        "201606": "60.02",
        "201607": "63.15",
        "201608": "67.06",
        "201609": "63.48",
        "201610": "66.39",
        "201611": "66.73",
        "201612": "63.72",
        "201701": "62.95",
        "201702": "57.00",
        "201703": "66.73",
        "201704": "63.94",
        "201705": "40.88",
        "201706": "40.32",
        "201707": "35.78",
        "201708": "32.69",
        "201709": "35.26",
        "201710": "34.53",
        "201711": "33.22",
        "201712": "34.48",
        "201801": "37.81",
        "201802": "38.74",
        "201803": "71.86",
        "201804": "125.19",
        "201805": "119.20",
        "201806": "123.18",
        "201807": "128.27",
        "201808": "127.35",
        "201809": "112.97",
        "201810": "102.18",
        "201811": "114.97",
        "201812": "114.33",
        "201901": "114.33",
        "201902": "123.46",
        "201903": "129.58",
        "201904": "138.92",
        "201905": "140.82",
        "201906": "144.42",
        "201907": "168.24",
        "201908": "149.33",
        "201909": "158.24",
        "201910": "167.67",
        "201911": "160.62",
        "201912": "153.00",
        "202001": "145.93",
        "202002": "155.42",
        "202003": "139.11",
        "202004": "142.25",
        "202005": "149.45",
        "202006": "165.45",
        "202007": "162.43",
        "202008": "152.74",
        "202009": "171.30",
        "202010": "194.37",
        "202011": "190.02",
        "202012": "192.70",
        "202101": "175.50",
        "202102": "184.31",
        "202103": "189.73",
        "202104": "241.84",
        "202105": "271.17",
        "202106": "264.90",
        "202107": "277.05",
        "202108": "274.95",
        "202109": "238.98",
        "202110": "207.42",
        "202111": "207.55",
        "202112": "192.55",
        "202201": "175.42",
        "202202": "179.50",
        "202203": "175.30",
        "202204": "166.97",
        "202205": "158.24",
        "202206": "213.00",
        "202207": "232.69",
        "202208": "287.43",
        "202209": "306.05",
        "202210": "296.58",
        "202211": "382.73",
        "202212": "411.00",
        "202301": "405.35",
        "202302": "480.22",
        "202303": "587.80",
        "202304": "770.18",
        "202305": "786.42"
    },
    "quarters": {
        "20011": {
            "year_quarter": 20011,
            "year": 2001,
            "quarter": 1,
            "eps": null,
            "eps_growth_year": null,
            "eps_4q": null,
            "eps_4q_growth_year": null,
            "roe": null,
            "roe_4q": 0,
            "gross_profit": null,
            "gross_margin": null,
            "gross_margin_4q_avg": 0,
            "net_income": null,
            "revenue": null,
            "common_shares": null,
            "book_valuer_per_share": null,
            "book_valuer_per_share_4q_avg": 0,
            "equity": null,
            "current_ratio": null,
            "debt_ratio": null,
            "inventory_turnover_ratio": null,
            "account_receivable_turnover_ratio": null,
            "reinvestment_rate": null,
            "research_to_sale_ratio": null,
            "price_fair": 0,
            "eps_avg_yearly": 0,
            "eps_latest_yearly": 0,
            "eps_growth_yearly": 0
        },
        "20012": {
            "year_quarter": 20012,
            "year": 2001,
            "quarter": 2,
            "eps": null,
            "eps_growth_year": null,
            "eps_4q": null,
            "eps_4q_growth_year": null,
            "roe": null,
            "roe_4q": 0,
            "gross_profit": null,
            "gross_margin": null,
            "gross_margin_4q_avg": 0,
            "net_income": null,
            "revenue": null,
            "common_shares": null,
            "book_valuer_per_share": null,
            "book_valuer_per_share_4q_avg": 0,
            "equity": null,
            "current_ratio": null,
            "debt_ratio": null,
            "inventory_turnover_ratio": null,
            "account_receivable_turnover_ratio": null,
            "reinvestment_rate": null,
            "research_to_sale_ratio": null,
            "price_fair": 0,
            "eps_avg_yearly": 0,
            "eps_latest_yearly": 0,
            "eps_growth_yearly": 0
        },
        "20013": {
            "year_quarter": 20013,
            "year": 2001,
            "quarter": 3,
            "eps": null,
            "eps_growth_year": null,
            "eps_4q": null,
            "eps_4q_growth_year": null,
            "roe": null,
            "roe_4q": 0,
            "gross_profit": null,
            "gross_margin": null,
            "gross_margin_4q_avg": 0,
            "net_income": null,
            "revenue": null,
            "common_shares": null,
            "book_valuer_per_share": null,
            "book_valuer_per_share_4q_avg": 0,
            "equity": null,
            "current_ratio": null,
            "debt_ratio": null,
            "inventory_turnover_ratio": null,
            "account_receivable_turnover_ratio": null,
            "reinvestment_rate": null,
            "research_to_sale_ratio": null,
            "price_fair": 0,
            "eps_avg_yearly": 0,
            "eps_latest_yearly": 0,
            "eps_growth_yearly": 0
        },
        "20014": {
            "year_quarter": 20014,
            "year": 2001,
            "quarter": 4,
            "eps": null,
            "eps_growth_year": null,
            "eps_4q": null,
            "eps_4q_growth_year": null,
            "roe": null,
            "roe_4q": 0,
            "gross_profit": null,
            "gross_margin": null,
            "gross_margin_4q_avg": 0,
            "net_income": null,
            "revenue": null,
            "common_shares": null,
            "book_valuer_per_share": null,
            "book_valuer_per_share_4q_avg": 0,
            "equity": null,
            "current_ratio": null,
            "debt_ratio": null,
            "inventory_turnover_ratio": null,
            "account_receivable_turnover_ratio": null,
            "reinvestment_rate": null,
            "research_to_sale_ratio": null,
            "price_fair": 0,
            "eps_avg_yearly": 0,
            "eps_latest_yearly": 0,
            "eps_growth_yearly": 0
        },
        "20021": {
            "year_quarter": 20021,
            "year": 2002,
            "quarter": 1,
            "eps": null,
            "eps_growth_year": null,
            "eps_4q": null,
            "eps_4q_growth_year": null,
            "roe": null,
            "roe_4q": 0,
            "gross_profit": null,
            "gross_margin": null,
            "gross_margin_4q_avg": 0,
            "net_income": null,
            "revenue": null,
            "common_shares": null,
            "book_valuer_per_share": null,
            "book_valuer_per_share_4q_avg": 0,
            "equity": null,
            "current_ratio": null,
            "debt_ratio": null,
            "inventory_turnover_ratio": null,
            "account_receivable_turnover_ratio": null,
            "reinvestment_rate": null,
            "research_to_sale_ratio": null,
            "price_fair": 0,
            "eps_avg_yearly": 0,
            "eps_latest_yearly": 0,
            "eps_growth_yearly": 0
        },
        "20022": {
            "year_quarter": 20022,
            "year": 2002,
            "quarter": 2,
            "eps": null,
            "eps_growth_year": null,
            "eps_4q": null,
            "eps_4q_growth_year": null,
            "roe": null,
            "roe_4q": 0,
            "gross_profit": null,
            "gross_margin": null,
            "gross_margin_4q_avg": 0,
            "net_income": null,
            "revenue": null,
            "common_shares": null,
            "book_valuer_per_share": null,
            "book_valuer_per_share_4q_avg": 0,
            "equity": null,
            "current_ratio": null,
            "debt_ratio": null,
            "inventory_turnover_ratio": null,
            "account_receivable_turnover_ratio": null,
            "reinvestment_rate": null,
            "research_to_sale_ratio": null,
            "price_fair": 0,
            "eps_avg_yearly": 0,
            "eps_latest_yearly": 0,
            "eps_growth_yearly": 0
        },
        "20023": {
            "year_quarter": 20023,
            "year": 2002,
            "quarter": 3,
            "eps": null,
            "eps_growth_year": null,
            "eps_4q": null,
            "eps_4q_growth_year": null,
            "roe": null,
            "roe_4q": 0,
            "gross_profit": null,
            "gross_margin": null,
            "gross_margin_4q_avg": 0,
            "net_income": null,
            "revenue": null,
            "common_shares": null,
            "book_valuer_per_share": null,
            "book_valuer_per_share_4q_avg": 0,
            "equity": null,
            "current_ratio": null,
            "debt_ratio": null,
            "inventory_turnover_ratio": null,
            "account_receivable_turnover_ratio": null,
            "reinvestment_rate": null,
            "research_to_sale_ratio": null,
            "price_fair": 0,
            "eps_avg_yearly": 0,
            "eps_latest_yearly": 0,
            "eps_growth_yearly": 0
        },
        "20024": {
            "year_quarter": 20024,
            "year": 2002,
            "quarter": 4,
            "eps": null,
            "eps_growth_year": null,
            "eps_4q": null,
            "eps_4q_growth_year": null,
            "roe": null,
            "roe_4q": 0,
            "gross_profit": null,
            "gross_margin": null,
            "gross_margin_4q_avg": 0,
            "net_income": null,
            "revenue": null,
            "common_shares": null,
            "book_valuer_per_share": null,
            "book_valuer_per_share_4q_avg": 0,
            "equity": null,
            "current_ratio": null,
            "debt_ratio": null,
            "inventory_turnover_ratio": null,
            "account_receivable_turnover_ratio": null,
            "reinvestment_rate": null,
            "research_to_sale_ratio": null,
            "price_fair": 0,
            "eps_avg_yearly": 0,
            "eps_latest_yearly": 0,
            "eps_growth_yearly": 0
        },
        "20031": {
            "year_quarter": 20031,
            "year": 2003,
            "quarter": 1,
            "eps": null,
            "eps_growth_year": null,
            "eps_4q": null,
            "eps_4q_growth_year": null,
            "roe": null,
            "roe_4q": 0,
            "gross_profit": null,
            "gross_margin": null,
            "gross_margin_4q_avg": 0,
            "net_income": null,
            "revenue": null,
            "common_shares": null,
            "book_valuer_per_share": null,
            "book_valuer_per_share_4q_avg": 0,
            "equity": null,
            "current_ratio": null,
            "debt_ratio": null,
            "inventory_turnover_ratio": null,
            "account_receivable_turnover_ratio": null,
            "reinvestment_rate": null,
            "research_to_sale_ratio": null,
            "price_fair": 0,
            "eps_avg_yearly": 0,
            "eps_latest_yearly": 0,
            "eps_growth_yearly": 0
        },
        "20032": {
            "year_quarter": 20032,
            "year": 2003,
            "quarter": 2,
            "eps": null,
            "eps_growth_year": null,
            "eps_4q": null,
            "eps_4q_growth_year": null,
            "roe": null,
            "roe_4q": 0,
            "gross_profit": null,
            "gross_margin": null,
            "gross_margin_4q_avg": 0,
            "net_income": null,
            "revenue": null,
            "common_shares": null,
            "book_valuer_per_share": null,
            "book_valuer_per_share_4q_avg": 0,
            "equity": null,
            "current_ratio": null,
            "debt_ratio": null,
            "inventory_turnover_ratio": null,
            "account_receivable_turnover_ratio": null,
            "reinvestment_rate": null,
            "research_to_sale_ratio": null,
            "price_fair": 0,
            "eps_avg_yearly": 0,
            "eps_latest_yearly": 0,
            "eps_growth_yearly": 0
        },
        "20033": {
            "year_quarter": 20033,
            "year": 2003,
            "quarter": 3,
            "eps": null,
            "eps_growth_year": null,
            "eps_4q": null,
            "eps_4q_growth_year": null,
            "roe": null,
            "roe_4q": 0,
            "gross_profit": null,
            "gross_margin": null,
            "gross_margin_4q_avg": 0,
            "net_income": null,
            "revenue": null,
            "common_shares": null,
            "book_valuer_per_share": null,
            "book_valuer_per_share_4q_avg": 0,
            "equity": null,
            "current_ratio": null,
            "debt_ratio": null,
            "inventory_turnover_ratio": null,
            "account_receivable_turnover_ratio": null,
            "reinvestment_rate": null,
            "research_to_sale_ratio": null,
            "price_fair": 0,
            "eps_avg_yearly": 0,
            "eps_latest_yearly": 0,
            "eps_growth_yearly": 0
        },
        "20034": {
            "year_quarter": 20034,
            "year": 2003,
            "quarter": 4,
            "eps": null,
            "eps_growth_year": null,
            "eps_4q": null,
            "eps_4q_growth_year": null,
            "roe": null,
            "roe_4q": 0,
            "gross_profit": null,
            "gross_margin": null,
            "gross_margin_4q_avg": 0,
            "net_income": null,
            "revenue": null,
            "common_shares": null,
            "book_valuer_per_share": null,
            "book_valuer_per_share_4q_avg": 0,
            "equity": null,
            "current_ratio": null,
            "debt_ratio": null,
            "inventory_turnover_ratio": null,
            "account_receivable_turnover_ratio": null,
            "reinvestment_rate": null,
            "research_to_sale_ratio": null,
            "price_fair": 0,
            "eps_avg_yearly": 0,
            "eps_latest_yearly": 0,
            "eps_growth_yearly": 0
        },
        "20041": {
            "year_quarter": 20041,
            "year": 2004,
            "quarter": 1,
            "eps": null,
            "eps_growth_year": null,
            "eps_4q": null,
            "eps_4q_growth_year": null,
            "roe": null,
            "roe_4q": 0,
            "gross_profit": null,
            "gross_margin": null,
            "gross_margin_4q_avg": 0,
            "net_income": null,
            "revenue": null,
            "common_shares": null,
            "book_valuer_per_share": null,
            "book_valuer_per_share_4q_avg": 0,
            "equity": null,
            "current_ratio": null,
            "debt_ratio": null,
            "inventory_turnover_ratio": null,
            "account_receivable_turnover_ratio": null,
            "reinvestment_rate": null,
            "research_to_sale_ratio": null,
            "price_fair": 0,
            "eps_avg_yearly": 0,
            "eps_latest_yearly": 0,
            "eps_growth_yearly": 0
        },
        "20042": {
            "year_quarter": 20042,
            "year": 2004,
            "quarter": 2,
            "eps": null,
            "eps_growth_year": null,
            "eps_4q": null,
            "eps_4q_growth_year": null,
            "roe": null,
            "roe_4q": 0,
            "gross_profit": null,
            "gross_margin": null,
            "gross_margin_4q_avg": 0,
            "net_income": null,
            "revenue": null,
            "common_shares": null,
            "book_valuer_per_share": null,
            "book_valuer_per_share_4q_avg": 0,
            "equity": null,
            "current_ratio": null,
            "debt_ratio": null,
            "inventory_turnover_ratio": null,
            "account_receivable_turnover_ratio": null,
            "reinvestment_rate": null,
            "research_to_sale_ratio": null,
            "price_fair": 0,
            "eps_avg_yearly": 0,
            "eps_latest_yearly": 0,
            "eps_growth_yearly": 0
        },
        "20043": {
            "year_quarter": 20043,
            "year": 2004,
            "quarter": 3,
            "eps": null,
            "eps_growth_year": null,
            "eps_4q": null,
            "eps_4q_growth_year": null,
            "roe": null,
            "roe_4q": 0,
            "gross_profit": null,
            "gross_margin": null,
            "gross_margin_4q_avg": 0,
            "net_income": null,
            "revenue": null,
            "common_shares": null,
            "book_valuer_per_share": null,
            "book_valuer_per_share_4q_avg": 0,
            "equity": null,
            "current_ratio": null,
            "debt_ratio": null,
            "inventory_turnover_ratio": null,
            "account_receivable_turnover_ratio": null,
            "reinvestment_rate": null,
            "research_to_sale_ratio": null,
            "price_fair": 0,
            "eps_avg_yearly": 0,
            "eps_latest_yearly": 0,
            "eps_growth_yearly": 0
        },
        "20044": {
            "year_quarter": 20044,
            "year": 2004,
            "quarter": 4,
            "eps": null,
            "eps_growth_year": null,
            "eps_4q": null,
            "eps_4q_growth_year": null,
            "roe": null,
            "roe_4q": 0,
            "gross_profit": null,
            "gross_margin": null,
            "gross_margin_4q_avg": 0,
            "net_income": null,
            "revenue": null,
            "common_shares": null,
            "book_valuer_per_share": null,
            "book_valuer_per_share_4q_avg": 0,
            "equity": null,
            "current_ratio": null,
            "debt_ratio": null,
            "inventory_turnover_ratio": null,
            "account_receivable_turnover_ratio": null,
            "reinvestment_rate": null,
            "research_to_sale_ratio": null,
            "price_fair": 0,
            "eps_avg_yearly": 0,
            "eps_latest_yearly": 0,
            "eps_growth_yearly": 0
        },
        "20051": {
            "year_quarter": 20051,
            "year": 2005,
            "quarter": 1,
            "eps": null,
            "eps_growth_year": null,
            "eps_4q": null,
            "eps_4q_growth_year": null,
            "roe": null,
            "roe_4q": 0,
            "gross_profit": null,
            "gross_margin": null,
            "gross_margin_4q_avg": 0,
            "net_income": null,
            "revenue": null,
            "common_shares": null,
            "book_valuer_per_share": null,
            "book_valuer_per_share_4q_avg": 0,
            "equity": null,
            "current_ratio": null,
            "debt_ratio": null,
            "inventory_turnover_ratio": null,
            "account_receivable_turnover_ratio": null,
            "reinvestment_rate": null,
            "research_to_sale_ratio": null,
            "price_fair": 0,
            "eps_avg_yearly": 0,
            "eps_latest_yearly": 0,
            "eps_growth_yearly": 0
        },
        "20052": {
            "year_quarter": 20052,
            "year": 2005,
            "quarter": 2,
            "eps": null,
            "eps_growth_year": null,
            "eps_4q": null,
            "eps_4q_growth_year": null,
            "roe": null,
            "roe_4q": 0,
            "gross_profit": null,
            "gross_margin": null,
            "gross_margin_4q_avg": 0,
            "net_income": null,
            "revenue": null,
            "common_shares": null,
            "book_valuer_per_share": null,
            "book_valuer_per_share_4q_avg": 0,
            "equity": null,
            "current_ratio": null,
            "debt_ratio": null,
            "inventory_turnover_ratio": null,
            "account_receivable_turnover_ratio": null,
            "reinvestment_rate": null,
            "research_to_sale_ratio": null,
            "price_fair": 0,
            "eps_avg_yearly": 0,
            "eps_latest_yearly": 0,
            "eps_growth_yearly": 0
        },
        "20053": {
            "year_quarter": 20053,
            "year": 2005,
            "quarter": 3,
            "eps": null,
            "eps_growth_year": null,
            "eps_4q": null,
            "eps_4q_growth_year": null,
            "roe": null,
            "roe_4q": 0,
            "gross_profit": null,
            "gross_margin": null,
            "gross_margin_4q_avg": 0,
            "net_income": null,
            "revenue": null,
            "common_shares": null,
            "book_valuer_per_share": null,
            "book_valuer_per_share_4q_avg": 0,
            "equity": null,
            "current_ratio": null,
            "debt_ratio": null,
            "inventory_turnover_ratio": null,
            "account_receivable_turnover_ratio": null,
            "reinvestment_rate": null,
            "research_to_sale_ratio": null,
            "price_fair": 0,
            "eps_avg_yearly": 0,
            "eps_latest_yearly": 0,
            "eps_growth_yearly": 0
        },
        "20054": {
            "year_quarter": 20054,
            "year": 2005,
            "quarter": 4,
            "eps": null,
            "eps_growth_year": null,
            "eps_4q": null,
            "eps_4q_growth_year": null,
            "roe": null,
            "roe_4q": 0,
            "gross_profit": null,
            "gross_margin": null,
            "gross_margin_4q_avg": 0,
            "net_income": null,
            "revenue": null,
            "common_shares": null,
            "book_valuer_per_share": null,
            "book_valuer_per_share_4q_avg": 0,
            "equity": null,
            "current_ratio": null,
            "debt_ratio": null,
            "inventory_turnover_ratio": null,
            "account_receivable_turnover_ratio": null,
            "reinvestment_rate": null,
            "research_to_sale_ratio": null,
            "price_fair": 0,
            "eps_avg_yearly": 0,
            "eps_latest_yearly": 0,
            "eps_growth_yearly": 0
        },
        "20061": {
            "year_quarter": 20061,
            "year": 2006,
            "quarter": 1,
            "eps": null,
            "eps_growth_year": null,
            "eps_4q": null,
            "eps_4q_growth_year": null,
            "roe": null,
            "roe_4q": 0,
            "gross_profit": null,
            "gross_margin": null,
            "gross_margin_4q_avg": 0,
            "net_income": null,
            "revenue": null,
            "common_shares": null,
            "book_valuer_per_share": null,
            "book_valuer_per_share_4q_avg": 0,
            "equity": null,
            "current_ratio": null,
            "debt_ratio": null,
            "inventory_turnover_ratio": null,
            "account_receivable_turnover_ratio": null,
            "reinvestment_rate": null,
            "research_to_sale_ratio": null,
            "price_fair": 0,
            "eps_avg_yearly": 0,
            "eps_latest_yearly": 0,
            "eps_growth_yearly": 0
        },
        "20062": {
            "year_quarter": 20062,
            "year": 2006,
            "quarter": 2,
            "eps": null,
            "eps_growth_year": null,
            "eps_4q": null,
            "eps_4q_growth_year": null,
            "roe": null,
            "roe_4q": 0,
            "gross_profit": null,
            "gross_margin": null,
            "gross_margin_4q_avg": 0,
            "net_income": null,
            "revenue": null,
            "common_shares": null,
            "book_valuer_per_share": null,
            "book_valuer_per_share_4q_avg": 0,
            "equity": null,
            "current_ratio": null,
            "debt_ratio": null,
            "inventory_turnover_ratio": null,
            "account_receivable_turnover_ratio": null,
            "reinvestment_rate": null,
            "research_to_sale_ratio": null,
            "price_fair": 0,
            "eps_avg_yearly": 0,
            "eps_latest_yearly": 0,
            "eps_growth_yearly": 0
        },
        "20063": {
            "year_quarter": 20063,
            "year": 2006,
            "quarter": 3,
            "eps": null,
            "eps_growth_year": null,
            "eps_4q": null,
            "eps_4q_growth_year": null,
            "roe": null,
            "roe_4q": 0,
            "gross_profit": null,
            "gross_margin": null,
            "gross_margin_4q_avg": 0,
            "net_income": null,
            "revenue": null,
            "common_shares": null,
            "book_valuer_per_share": null,
            "book_valuer_per_share_4q_avg": 0,
            "equity": null,
            "current_ratio": null,
            "debt_ratio": null,
            "inventory_turnover_ratio": null,
            "account_receivable_turnover_ratio": null,
            "reinvestment_rate": null,
            "research_to_sale_ratio": null,
            "price_fair": 0,
            "eps_avg_yearly": 0,
            "eps_latest_yearly": 0,
            "eps_growth_yearly": 0
        },
        "20064": {
            "year_quarter": 20064,
            "year": 2006,
            "quarter": 4,
            "eps": null,
            "eps_growth_year": null,
            "eps_4q": null,
            "eps_4q_growth_year": null,
            "roe": null,
            "roe_4q": 0,
            "gross_profit": null,
            "gross_margin": null,
            "gross_margin_4q_avg": 0,
            "net_income": null,
            "revenue": null,
            "common_shares": null,
            "book_valuer_per_share": null,
            "book_valuer_per_share_4q_avg": 0,
            "equity": null,
            "current_ratio": null,
            "debt_ratio": null,
            "inventory_turnover_ratio": null,
            "account_receivable_turnover_ratio": null,
            "reinvestment_rate": null,
            "research_to_sale_ratio": null,
            "price_fair": 0,
            "eps_avg_yearly": 0,
            "eps_latest_yearly": 0,
            "eps_growth_yearly": 0
        },
        "20071": {
            "year_quarter": 20071,
            "year": 2007,
            "quarter": 1,
            "eps": null,
            "eps_growth_year": null,
            "eps_4q": null,
            "eps_4q_growth_year": null,
            "roe": null,
            "roe_4q": 0,
            "gross_profit": null,
            "gross_margin": null,
            "gross_margin_4q_avg": 0,
            "net_income": null,
            "revenue": null,
            "common_shares": null,
            "book_valuer_per_share": null,
            "book_valuer_per_share_4q_avg": 0,
            "equity": null,
            "current_ratio": null,
            "debt_ratio": null,
            "inventory_turnover_ratio": null,
            "account_receivable_turnover_ratio": null,
            "reinvestment_rate": null,
            "research_to_sale_ratio": null,
            "price_fair": 0,
            "eps_avg_yearly": 0,
            "eps_latest_yearly": 0,
            "eps_growth_yearly": 0
        },
        "20072": {
            "year_quarter": 20072,
            "year": 2007,
            "quarter": 2,
            "eps": null,
            "eps_growth_year": null,
            "eps_4q": null,
            "eps_4q_growth_year": null,
            "roe": null,
            "roe_4q": 0,
            "gross_profit": null,
            "gross_margin": null,
            "gross_margin_4q_avg": 0,
            "net_income": null,
            "revenue": null,
            "common_shares": null,
            "book_valuer_per_share": null,
            "book_valuer_per_share_4q_avg": 0,
            "equity": null,
            "current_ratio": null,
            "debt_ratio": null,
            "inventory_turnover_ratio": null,
            "account_receivable_turnover_ratio": null,
            "reinvestment_rate": null,
            "research_to_sale_ratio": null,
            "price_fair": 0,
            "eps_avg_yearly": 0,
            "eps_latest_yearly": 0,
            "eps_growth_yearly": 0
        },
        "20073": {
            "year_quarter": 20073,
            "year": 2007,
            "quarter": 3,
            "eps": null,
            "eps_growth_year": null,
            "eps_4q": null,
            "eps_4q_growth_year": null,
            "roe": null,
            "roe_4q": 0,
            "gross_profit": null,
            "gross_margin": null,
            "gross_margin_4q_avg": 0,
            "net_income": null,
            "revenue": null,
            "common_shares": null,
            "book_valuer_per_share": null,
            "book_valuer_per_share_4q_avg": 0,
            "equity": null,
            "current_ratio": null,
            "debt_ratio": null,
            "inventory_turnover_ratio": null,
            "account_receivable_turnover_ratio": null,
            "reinvestment_rate": null,
            "research_to_sale_ratio": null,
            "price_fair": 0,
            "eps_avg_yearly": 0,
            "eps_latest_yearly": 0,
            "eps_growth_yearly": 0
        },
        "20074": {
            "year_quarter": 20074,
            "year": 2007,
            "quarter": 4,
            "eps": null,
            "eps_growth_year": null,
            "eps_4q": null,
            "eps_4q_growth_year": null,
            "roe": null,
            "roe_4q": 0,
            "gross_profit": null,
            "gross_margin": null,
            "gross_margin_4q_avg": 0,
            "net_income": null,
            "revenue": null,
            "common_shares": null,
            "book_valuer_per_share": null,
            "book_valuer_per_share_4q_avg": 0,
            "equity": null,
            "current_ratio": null,
            "debt_ratio": null,
            "inventory_turnover_ratio": null,
            "account_receivable_turnover_ratio": null,
            "reinvestment_rate": null,
            "research_to_sale_ratio": null,
            "price_fair": 0,
            "eps_avg_yearly": 0,
            "eps_latest_yearly": 0,
            "eps_growth_yearly": 0
        },
        "20081": {
            "year_quarter": 20081,
            "year": 2008,
            "quarter": 1,
            "eps": null,
            "eps_growth_year": null,
            "eps_4q": null,
            "eps_4q_growth_year": null,
            "roe": null,
            "roe_4q": 0,
            "gross_profit": null,
            "gross_margin": null,
            "gross_margin_4q_avg": 0,
            "net_income": null,
            "revenue": null,
            "common_shares": null,
            "book_valuer_per_share": null,
            "book_valuer_per_share_4q_avg": 0,
            "equity": null,
            "current_ratio": null,
            "debt_ratio": null,
            "inventory_turnover_ratio": null,
            "account_receivable_turnover_ratio": null,
            "reinvestment_rate": null,
            "research_to_sale_ratio": null,
            "price_fair": 0,
            "eps_avg_yearly": 0,
            "eps_latest_yearly": 0,
            "eps_growth_yearly": 0
        },
        "20082": {
            "year_quarter": 20082,
            "year": 2008,
            "quarter": 2,
            "eps": null,
            "eps_growth_year": null,
            "eps_4q": null,
            "eps_4q_growth_year": null,
            "roe": null,
            "roe_4q": 0,
            "gross_profit": null,
            "gross_margin": null,
            "gross_margin_4q_avg": 0,
            "net_income": null,
            "revenue": null,
            "common_shares": null,
            "book_valuer_per_share": null,
            "book_valuer_per_share_4q_avg": 0,
            "equity": null,
            "current_ratio": null,
            "debt_ratio": null,
            "inventory_turnover_ratio": null,
            "account_receivable_turnover_ratio": null,
            "reinvestment_rate": null,
            "research_to_sale_ratio": null,
            "price_fair": 0,
            "eps_avg_yearly": 0,
            "eps_latest_yearly": 0,
            "eps_growth_yearly": 0
        },
        "20083": {
            "year_quarter": 20083,
            "year": 2008,
            "quarter": 3,
            "eps": null,
            "eps_growth_year": null,
            "eps_4q": null,
            "eps_4q_growth_year": null,
            "roe": null,
            "roe_4q": 0,
            "gross_profit": null,
            "gross_margin": null,
            "gross_margin_4q_avg": 0,
            "net_income": null,
            "revenue": null,
            "common_shares": null,
            "book_valuer_per_share": null,
            "book_valuer_per_share_4q_avg": 0,
            "equity": null,
            "current_ratio": null,
            "debt_ratio": null,
            "inventory_turnover_ratio": null,
            "account_receivable_turnover_ratio": null,
            "reinvestment_rate": null,
            "research_to_sale_ratio": null,
            "price_fair": 0,
            "eps_avg_yearly": 0,
            "eps_latest_yearly": 0,
            "eps_growth_yearly": 0
        },
        "20084": {
            "year_quarter": 20084,
            "year": 2008,
            "quarter": 4,
            "eps": null,
            "eps_growth_year": null,
            "eps_4q": null,
            "eps_4q_growth_year": null,
            "roe": null,
            "roe_4q": 0,
            "gross_profit": null,
            "gross_margin": null,
            "gross_margin_4q_avg": 0,
            "net_income": null,
            "revenue": null,
            "common_shares": null,
            "book_valuer_per_share": null,
            "book_valuer_per_share_4q_avg": 0,
            "equity": null,
            "current_ratio": null,
            "debt_ratio": null,
            "inventory_turnover_ratio": null,
            "account_receivable_turnover_ratio": null,
            "reinvestment_rate": null,
            "research_to_sale_ratio": null,
            "price_fair": 0,
            "eps_avg_yearly": 0,
            "eps_latest_yearly": 0,
            "eps_growth_yearly": 0
        },
        "20091": {
            "year_quarter": 20091,
            "year": 2009,
            "quarter": 1,
            "eps": null,
            "eps_growth_year": null,
            "eps_4q": null,
            "eps_4q_growth_year": null,
            "roe": null,
            "roe_4q": 0,
            "gross_profit": null,
            "gross_margin": null,
            "gross_margin_4q_avg": 0,
            "net_income": null,
            "revenue": null,
            "common_shares": null,
            "book_valuer_per_share": null,
            "book_valuer_per_share_4q_avg": 0,
            "equity": null,
            "current_ratio": null,
            "debt_ratio": null,
            "inventory_turnover_ratio": null,
            "account_receivable_turnover_ratio": null,
            "reinvestment_rate": null,
            "research_to_sale_ratio": null,
            "price_fair": 0,
            "eps_avg_yearly": 0,
            "eps_latest_yearly": 0,
            "eps_growth_yearly": 0
        },
        "20092": {
            "year_quarter": 20092,
            "year": 2009,
            "quarter": 2,
            "eps": null,
            "eps_growth_year": null,
            "eps_4q": null,
            "eps_4q_growth_year": null,
            "roe": null,
            "roe_4q": 0,
            "gross_profit": null,
            "gross_margin": null,
            "gross_margin_4q_avg": 0,
            "net_income": null,
            "revenue": null,
            "common_shares": null,
            "book_valuer_per_share": null,
            "book_valuer_per_share_4q_avg": 0,
            "equity": null,
            "current_ratio": null,
            "debt_ratio": null,
            "inventory_turnover_ratio": null,
            "account_receivable_turnover_ratio": null,
            "reinvestment_rate": null,
            "research_to_sale_ratio": null,
            "price_fair": 0,
            "eps_avg_yearly": 0,
            "eps_latest_yearly": 0,
            "eps_growth_yearly": 0
        },
        "20093": {
            "year_quarter": 20093,
            "year": 2009,
            "quarter": 3,
            "eps": null,
            "eps_growth_year": null,
            "eps_4q": null,
            "eps_4q_growth_year": null,
            "roe": null,
            "roe_4q": 0,
            "gross_profit": null,
            "gross_margin": null,
            "gross_margin_4q_avg": 0,
            "net_income": null,
            "revenue": null,
            "common_shares": null,
            "book_valuer_per_share": null,
            "book_valuer_per_share_4q_avg": 0,
            "equity": null,
            "current_ratio": null,
            "debt_ratio": null,
            "inventory_turnover_ratio": null,
            "account_receivable_turnover_ratio": null,
            "reinvestment_rate": null,
            "research_to_sale_ratio": null,
            "price_fair": 0,
            "eps_avg_yearly": 0,
            "eps_latest_yearly": 0,
            "eps_growth_yearly": 0
        },
        "20094": {
            "year_quarter": 20094,
            "year": 2009,
            "quarter": 4,
            "eps": null,
            "eps_growth_year": null,
            "eps_4q": null,
            "eps_4q_growth_year": null,
            "roe": null,
            "roe_4q": 0,
            "gross_profit": null,
            "gross_margin": null,
            "gross_margin_4q_avg": 0,
            "net_income": null,
            "revenue": null,
            "common_shares": null,
            "book_valuer_per_share": null,
            "book_valuer_per_share_4q_avg": 0,
            "equity": null,
            "current_ratio": null,
            "debt_ratio": null,
            "inventory_turnover_ratio": null,
            "account_receivable_turnover_ratio": null,
            "reinvestment_rate": null,
            "research_to_sale_ratio": null,
            "price_fair": 0,
            "eps_avg_yearly": 0,
            "eps_latest_yearly": 0,
            "eps_growth_yearly": 0
        },
        "20101": {
            "year_quarter": 20101,
            "year": 2010,
            "quarter": 1,
            "eps": null,
            "eps_growth_year": null,
            "eps_4q": null,
            "eps_4q_growth_year": null,
            "roe": null,
            "roe_4q": 0,
            "gross_profit": null,
            "gross_margin": null,
            "gross_margin_4q_avg": 0,
            "net_income": null,
            "revenue": null,
            "common_shares": null,
            "book_valuer_per_share": null,
            "book_valuer_per_share_4q_avg": 0,
            "equity": null,
            "current_ratio": null,
            "debt_ratio": null,
            "inventory_turnover_ratio": null,
            "account_receivable_turnover_ratio": null,
            "reinvestment_rate": null,
            "research_to_sale_ratio": null,
            "price_fair": 0,
            "eps_avg_yearly": 0,
            "eps_latest_yearly": 0,
            "eps_growth_yearly": 0
        },
        "20102": {
            "year_quarter": 20102,
            "year": 2010,
            "quarter": 2,
            "eps": null,
            "eps_growth_year": null,
            "eps_4q": null,
            "eps_4q_growth_year": null,
            "roe": null,
            "roe_4q": 0,
            "gross_profit": null,
            "gross_margin": null,
            "gross_margin_4q_avg": 0,
            "net_income": null,
            "revenue": null,
            "common_shares": null,
            "book_valuer_per_share": null,
            "book_valuer_per_share_4q_avg": 0,
            "equity": null,
            "current_ratio": null,
            "debt_ratio": null,
            "inventory_turnover_ratio": null,
            "account_receivable_turnover_ratio": null,
            "reinvestment_rate": null,
            "research_to_sale_ratio": null,
            "price_fair": 0,
            "eps_avg_yearly": 0,
            "eps_latest_yearly": 0,
            "eps_growth_yearly": 0
        },
        "20103": {
            "year_quarter": 20103,
            "year": 2010,
            "quarter": 3,
            "eps": null,
            "eps_growth_year": null,
            "eps_4q": null,
            "eps_4q_growth_year": null,
            "roe": null,
            "roe_4q": 0,
            "gross_profit": null,
            "gross_margin": null,
            "gross_margin_4q_avg": 0,
            "net_income": null,
            "revenue": null,
            "common_shares": null,
            "book_valuer_per_share": null,
            "book_valuer_per_share_4q_avg": 0,
            "equity": null,
            "current_ratio": null,
            "debt_ratio": null,
            "inventory_turnover_ratio": null,
            "account_receivable_turnover_ratio": null,
            "reinvestment_rate": null,
            "research_to_sale_ratio": null,
            "price_fair": 0,
            "eps_avg_yearly": 0,
            "eps_latest_yearly": 0,
            "eps_growth_yearly": 0
        },
        "20104": {
            "year_quarter": 20104,
            "year": 2010,
            "quarter": 4,
            "eps": null,
            "eps_growth_year": null,
            "eps_4q": null,
            "eps_4q_growth_year": null,
            "roe": null,
            "roe_4q": 0,
            "gross_profit": null,
            "gross_margin": null,
            "gross_margin_4q_avg": 0,
            "net_income": null,
            "revenue": null,
            "common_shares": null,
            "book_valuer_per_share": null,
            "book_valuer_per_share_4q_avg": 0,
            "equity": null,
            "current_ratio": null,
            "debt_ratio": null,
            "inventory_turnover_ratio": null,
            "account_receivable_turnover_ratio": null,
            "reinvestment_rate": null,
            "research_to_sale_ratio": null,
            "price_fair": 0,
            "eps_avg_yearly": 0,
            "eps_latest_yearly": 0,
            "eps_growth_yearly": 0
        },
        "20111": {
            "year_quarter": 20111,
            "year": 2011,
            "quarter": 1,
            "eps": null,
            "eps_growth_year": null,
            "eps_4q": null,
            "eps_4q_growth_year": null,
            "roe": null,
            "roe_4q": 0,
            "gross_profit": null,
            "gross_margin": null,
            "gross_margin_4q_avg": 0,
            "net_income": null,
            "revenue": null,
            "common_shares": null,
            "book_valuer_per_share": null,
            "book_valuer_per_share_4q_avg": 0,
            "equity": null,
            "current_ratio": null,
            "debt_ratio": null,
            "inventory_turnover_ratio": null,
            "account_receivable_turnover_ratio": null,
            "reinvestment_rate": null,
            "research_to_sale_ratio": null,
            "price_fair": 0,
            "eps_avg_yearly": 0,
            "eps_latest_yearly": 0,
            "eps_growth_yearly": 0
        },
        "20112": {
            "year_quarter": 20112,
            "year": 2011,
            "quarter": 2,
            "eps": null,
            "eps_growth_year": null,
            "eps_4q": null,
            "eps_4q_growth_year": null,
            "roe": null,
            "roe_4q": 0,
            "gross_profit": null,
            "gross_margin": null,
            "gross_margin_4q_avg": 0,
            "net_income": null,
            "revenue": null,
            "common_shares": null,
            "book_valuer_per_share": null,
            "book_valuer_per_share_4q_avg": 0,
            "equity": null,
            "current_ratio": null,
            "debt_ratio": null,
            "inventory_turnover_ratio": null,
            "account_receivable_turnover_ratio": null,
            "reinvestment_rate": null,
            "research_to_sale_ratio": null,
            "price_fair": 0,
            "eps_avg_yearly": 0,
            "eps_latest_yearly": 0,
            "eps_growth_yearly": 0
        },
        "20113": {
            "year_quarter": 20113,
            "year": 2011,
            "quarter": 3,
            "eps": null,
            "eps_growth_year": null,
            "eps_4q": null,
            "eps_4q_growth_year": null,
            "roe": null,
            "roe_4q": 0,
            "gross_profit": null,
            "gross_margin": null,
            "gross_margin_4q_avg": 0,
            "net_income": null,
            "revenue": null,
            "common_shares": null,
            "book_valuer_per_share": null,
            "book_valuer_per_share_4q_avg": 0,
            "equity": null,
            "current_ratio": null,
            "debt_ratio": null,
            "inventory_turnover_ratio": null,
            "account_receivable_turnover_ratio": null,
            "reinvestment_rate": null,
            "research_to_sale_ratio": null,
            "price_fair": 0,
            "eps_avg_yearly": 0,
            "eps_latest_yearly": 0,
            "eps_growth_yearly": 0
        },
        "20114": {
            "year_quarter": 20114,
            "year": 2011,
            "quarter": 4,
            "eps": null,
            "eps_growth_year": null,
            "eps_4q": null,
            "eps_4q_growth_year": null,
            "roe": null,
            "roe_4q": 0,
            "gross_profit": null,
            "gross_margin": null,
            "gross_margin_4q_avg": 0,
            "net_income": null,
            "revenue": null,
            "common_shares": null,
            "book_valuer_per_share": null,
            "book_valuer_per_share_4q_avg": 0,
            "equity": null,
            "current_ratio": null,
            "debt_ratio": null,
            "inventory_turnover_ratio": null,
            "account_receivable_turnover_ratio": null,
            "reinvestment_rate": null,
            "research_to_sale_ratio": null,
            "price_fair": 0,
            "eps_avg_yearly": 0,
            "eps_latest_yearly": 0,
            "eps_growth_yearly": 0
        },
        "20121": {
            "year_quarter": 20121,
            "year": 2012,
            "quarter": 1,
            "eps": null,
            "eps_growth_year": null,
            "eps_4q": null,
            "eps_4q_growth_year": null,
            "roe": null,
            "roe_4q": 0,
            "gross_profit": null,
            "gross_margin": null,
            "gross_margin_4q_avg": 0,
            "net_income": null,
            "revenue": null,
            "common_shares": null,
            "book_valuer_per_share": null,
            "book_valuer_per_share_4q_avg": 0,
            "equity": null,
            "current_ratio": null,
            "debt_ratio": null,
            "inventory_turnover_ratio": null,
            "account_receivable_turnover_ratio": null,
            "reinvestment_rate": null,
            "research_to_sale_ratio": null,
            "price_fair": 0,
            "eps_avg_yearly": 0,
            "eps_latest_yearly": 0,
            "eps_growth_yearly": 0
        },
        "20122": {
            "year_quarter": 20122,
            "year": 2012,
            "quarter": 2,
            "eps": null,
            "eps_growth_year": null,
            "eps_4q": null,
            "eps_4q_growth_year": null,
            "roe": null,
            "roe_4q": 0,
            "gross_profit": null,
            "gross_margin": null,
            "gross_margin_4q_avg": 0,
            "net_income": null,
            "revenue": null,
            "common_shares": null,
            "book_valuer_per_share": null,
            "book_valuer_per_share_4q_avg": 0,
            "equity": null,
            "current_ratio": null,
            "debt_ratio": null,
            "inventory_turnover_ratio": null,
            "account_receivable_turnover_ratio": null,
            "reinvestment_rate": null,
            "research_to_sale_ratio": null,
            "price_fair": 0,
            "eps_avg_yearly": 0,
            "eps_latest_yearly": 0,
            "eps_growth_yearly": 0
        },
        "20123": {
            "year_quarter": 20123,
            "year": 2012,
            "quarter": 3,
            "eps": null,
            "eps_growth_year": null,
            "eps_4q": null,
            "eps_4q_growth_year": null,
            "roe": null,
            "roe_4q": 0,
            "gross_profit": null,
            "gross_margin": null,
            "gross_margin_4q_avg": 0,
            "net_income": null,
            "revenue": null,
            "common_shares": null,
            "book_valuer_per_share": null,
            "book_valuer_per_share_4q_avg": 0,
            "equity": null,
            "current_ratio": null,
            "debt_ratio": null,
            "inventory_turnover_ratio": null,
            "account_receivable_turnover_ratio": null,
            "reinvestment_rate": null,
            "research_to_sale_ratio": null,
            "price_fair": 0,
            "eps_avg_yearly": 0,
            "eps_latest_yearly": 0,
            "eps_growth_yearly": 0
        },
        "20124": {
            "year_quarter": 20124,
            "year": 2012,
            "quarter": 4,
            "eps": null,
            "eps_growth_year": null,
            "eps_4q": null,
            "eps_4q_growth_year": null,
            "roe": null,
            "roe_4q": 0,
            "gross_profit": null,
            "gross_margin": null,
            "gross_margin_4q_avg": 0,
            "net_income": null,
            "revenue": null,
            "common_shares": null,
            "book_valuer_per_share": null,
            "book_valuer_per_share_4q_avg": 0,
            "equity": null,
            "current_ratio": null,
            "debt_ratio": null,
            "inventory_turnover_ratio": null,
            "account_receivable_turnover_ratio": null,
            "reinvestment_rate": null,
            "research_to_sale_ratio": null,
            "price_fair": 0,
            "eps_avg_yearly": 0,
            "eps_latest_yearly": 0,
            "eps_growth_yearly": 0
        },
        "20131": {
            "year_quarter": 20131,
            "year": 2013,
            "quarter": 1,
            "eps": null,
            "eps_growth_year": null,
            "eps_4q": null,
            "eps_4q_growth_year": null,
            "roe": null,
            "roe_4q": 0,
            "gross_profit": null,
            "gross_margin": null,
            "gross_margin_4q_avg": 0,
            "net_income": null,
            "revenue": null,
            "common_shares": null,
            "book_valuer_per_share": null,
            "book_valuer_per_share_4q_avg": 0,
            "equity": null,
            "current_ratio": null,
            "debt_ratio": null,
            "inventory_turnover_ratio": null,
            "account_receivable_turnover_ratio": null,
            "reinvestment_rate": null,
            "research_to_sale_ratio": null,
            "price_fair": 0,
            "eps_avg_yearly": 0,
            "eps_latest_yearly": 0,
            "eps_growth_yearly": 0
        },
        "20132": {
            "year_quarter": 20132,
            "year": 2013,
            "quarter": 2,
            "eps": null,
            "eps_growth_year": null,
            "eps_4q": null,
            "eps_4q_growth_year": null,
            "roe": null,
            "roe_4q": 0,
            "gross_profit": null,
            "gross_margin": null,
            "gross_margin_4q_avg": 0,
            "net_income": null,
            "revenue": null,
            "common_shares": 188500,
            "book_valuer_per_share": null,
            "book_valuer_per_share_4q_avg": 0,
            "equity": 283901,
            "current_ratio": null,
            "debt_ratio": null,
            "inventory_turnover_ratio": null,
            "account_receivable_turnover_ratio": null,
            "reinvestment_rate": null,
            "research_to_sale_ratio": null,
            "price_fair": 0,
            "eps_avg_yearly": 0,
            "eps_latest_yearly": 0,
            "eps_growth_yearly": 0
        },
        "20133": {
            "year_quarter": 20133,
            "year": 2013,
            "quarter": 3,
            "eps": null,
            "eps_growth_year": null,
            "eps_4q": null,
            "eps_4q_growth_year": null,
            "roe": null,
            "roe_4q": 0,
            "gross_profit": null,
            "gross_margin": null,
            "gross_margin_4q_avg": 0,
            "net_income": null,
            "revenue": null,
            "common_shares": null,
            "book_valuer_per_share": null,
            "book_valuer_per_share_4q_avg": 0,
            "equity": null,
            "current_ratio": null,
            "debt_ratio": null,
            "inventory_turnover_ratio": null,
            "account_receivable_turnover_ratio": null,
            "reinvestment_rate": null,
            "research_to_sale_ratio": null,
            "price_fair": 0,
            "eps_avg_yearly": 0,
            "eps_latest_yearly": 0,
            "eps_growth_yearly": 0
        },
        "20134": {
            "year_quarter": 20134,
            "year": 2013,
            "quarter": 4,
            "eps": null,
            "eps_growth_year": null,
            "eps_4q": null,
            "eps_4q_growth_year": null,
            "roe": null,
            "roe_4q": 0,
            "gross_profit": null,
            "gross_margin": null,
            "gross_margin_4q_avg": 0,
            "net_income": null,
            "revenue": null,
            "common_shares": 208500,
            "book_valuer_per_share": null,
            "book_valuer_per_share_4q_avg": 0,
            "equity": 317235,
            "current_ratio": null,
            "debt_ratio": null,
            "inventory_turnover_ratio": null,
            "account_receivable_turnover_ratio": null,
            "reinvestment_rate": null,
            "research_to_sale_ratio": null,
            "price_fair": 0,
            "eps_avg_yearly": 0,
            "eps_latest_yearly": 0,
            "eps_growth_yearly": 0
        },
        "20141": {
            "year_quarter": 20141,
            "year": 2014,
            "quarter": 1,
            "eps": null,
            "eps_growth_year": null,
            "eps_4q": null,
            "eps_4q_growth_year": null,
            "roe": null,
            "roe_4q": 0,
            "gross_profit": null,
            "gross_margin": null,
            "gross_margin_4q_avg": 0,
            "net_income": null,
            "revenue": null,
            "common_shares": null,
            "book_valuer_per_share": null,
            "book_valuer_per_share_4q_avg": 0,
            "equity": null,
            "current_ratio": null,
            "debt_ratio": null,
            "inventory_turnover_ratio": null,
            "account_receivable_turnover_ratio": null,
            "reinvestment_rate": null,
            "research_to_sale_ratio": null,
            "price_fair": 0,
            "eps_avg_yearly": 0,
            "eps_latest_yearly": 0,
            "eps_growth_yearly": 0
        },
        "20142": {
            "year_quarter": 20142,
            "year": 2014,
            "quarter": 2,
            "eps": null,
            "eps_growth_year": null,
            "eps_4q": null,
            "eps_4q_growth_year": null,
            "roe": null,
            "roe_4q": 0,
            "gross_profit": null,
            "gross_margin": null,
            "gross_margin_4q_avg": 0,
            "net_income": null,
            "revenue": null,
            "common_shares": 224500,
            "book_valuer_per_share": 19.6,
            "book_valuer_per_share_4q_avg": 4.9,
            "equity": 440112,
            "current_ratio": 501.43,
            "debt_ratio": 36.58,
            "inventory_turnover_ratio": null,
            "account_receivable_turnover_ratio": null,
            "reinvestment_rate": null,
            "research_to_sale_ratio": null,
            "price_fair": 0,
            "eps_avg_yearly": 0,
            "eps_latest_yearly": 0,
            "eps_growth_yearly": 0
        },
        "20143": {
            "year_quarter": 20143,
            "year": 2014,
            "quarter": 3,
            "eps": null,
            "eps_growth_year": null,
            "eps_4q": null,
            "eps_4q_growth_year": null,
            "roe": null,
            "roe_4q": 0,
            "gross_profit": 24114,
            "gross_margin": null,
            "gross_margin_4q_avg": 0,
            "net_income": 2110,
            "revenue": 59681,
            "common_shares": 224500,
            "book_valuer_per_share": null,
            "book_valuer_per_share_4q_avg": 4.9,
            "equity": 442222,
            "current_ratio": null,
            "debt_ratio": null,
            "inventory_turnover_ratio": null,
            "account_receivable_turnover_ratio": null,
            "reinvestment_rate": null,
            "research_to_sale_ratio": null,
            "price_fair": 0,
            "eps_avg_yearly": 0,
            "eps_latest_yearly": 0,
            "eps_growth_yearly": 0
        },
        "20144": {
            "year_quarter": 20144,
            "year": 2014,
            "quarter": 4,
            "eps": null,
            "eps_growth_year": null,
            "eps_4q": null,
            "eps_4q_growth_year": null,
            "roe": null,
            "roe_4q": 0,
            "gross_profit": 26085,
            "gross_margin": null,
            "gross_margin_4q_avg": 0,
            "net_income": 3614,
            "revenue": 67130,
            "common_shares": 224500,
            "book_valuer_per_share": 19.86,
            "book_valuer_per_share_4q_avg": 9.87,
            "equity": 445836,
            "current_ratio": 153.72,
            "debt_ratio": 57.07,
            "inventory_turnover_ratio": null,
            "account_receivable_turnover_ratio": null,
            "reinvestment_rate": null,
            "research_to_sale_ratio": null,
            "price_fair": 0,
            "eps_avg_yearly": 0,
            "eps_latest_yearly": 0,
            "eps_growth_yearly": 0
        },
        "20151": {
            "year_quarter": 20151,
            "year": 2015,
            "quarter": 1,
            "eps": null,
            "eps_growth_year": null,
            "eps_4q": null,
            "eps_4q_growth_year": null,
            "roe": null,
            "roe_4q": 0,
            "gross_profit": null,
            "gross_margin": null,
            "gross_margin_4q_avg": 0,
            "net_income": null,
            "revenue": null,
            "common_shares": null,
            "book_valuer_per_share": null,
            "book_valuer_per_share_4q_avg": 9.87,
            "equity": null,
            "current_ratio": null,
            "debt_ratio": null,
            "inventory_turnover_ratio": null,
            "account_receivable_turnover_ratio": null,
            "reinvestment_rate": null,
            "research_to_sale_ratio": null,
            "price_fair": 0,
            "eps_avg_yearly": 0,
            "eps_latest_yearly": 0,
            "eps_growth_yearly": 0
        },
        "20152": {
            "year_quarter": 20152,
            "year": 2015,
            "quarter": 2,
            "eps": null,
            "eps_growth_year": null,
            "eps_4q": null,
            "eps_4q_growth_year": null,
            "roe": null,
            "roe_4q": 0,
            "gross_profit": null,
            "gross_margin": null,
            "gross_margin_4q_avg": 0,
            "net_income": null,
            "revenue": null,
            "common_shares": 224500,
            "book_valuer_per_share": 20.87,
            "book_valuer_per_share_4q_avg": 10.18,
            "equity": 468534,
            "current_ratio": 602.45,
            "debt_ratio": 44.7,
            "inventory_turnover_ratio": null,
            "account_receivable_turnover_ratio": null,
            "reinvestment_rate": null,
            "research_to_sale_ratio": null,
            "price_fair": 0,
            "eps_avg_yearly": 0,
            "eps_latest_yearly": 0,
            "eps_growth_yearly": 0
        },
        "20153": {
            "year_quarter": 20153,
            "year": 2015,
            "quarter": 3,
            "eps": 0.16,
            "eps_growth_year": null,
            "eps_4q": null,
            "eps_4q_growth_year": null,
            "roe": 0.79,
            "roe_4q": 0.79,
            "gross_profit": 26895,
            "gross_margin": 43.75,
            "gross_margin_4q_avg": 10.94,
            "net_income": 3653,
            "revenue": 61469,
            "common_shares": 224500,
            "book_valuer_per_share": 20.53,
            "book_valuer_per_share_4q_avg": 15.32,
            "equity": 460962,
            "current_ratio": 489.45,
            "debt_ratio": 45.48,
            "inventory_turnover_ratio": 1.25,
            "account_receivable_turnover_ratio": 1.06,
            "reinvestment_rate": null,
            "research_to_sale_ratio": 5.84,
            "price_fair": 0,
            "eps_avg_yearly": 0,
            "eps_latest_yearly": 0,
            "eps_growth_yearly": 0
        },
        "20154": {
            "year_quarter": 20154,
            "year": 2015,
            "quarter": 4,
            "eps": 0.33,
            "eps_growth_year": null,
            "eps_4q": null,
            "eps_4q_growth_year": null,
            "roe": 1.57,
            "roe_4q": 2.3600000000000003,
            "gross_profit": 32965,
            "gross_margin": 47.59,
            "gross_margin_4q_avg": 22.84,
            "net_income": 7304,
            "revenue": 69269,
            "common_shares": 224500,
            "book_valuer_per_share": 20.86,
            "book_valuer_per_share_4q_avg": 15.57,
            "equity": 468266,
            "current_ratio": 393.61,
            "debt_ratio": 46.07,
            "inventory_turnover_ratio": 1.25,
            "account_receivable_turnover_ratio": 0.97,
            "reinvestment_rate": null,
            "research_to_sale_ratio": 7.53,
            "price_fair": 46.2,
            "eps_avg_yearly": 1.32,
            "eps_latest_yearly": 1.32,
            "eps_growth_yearly": 425
        },
        "20161": {
            "year_quarter": 20161,
            "year": 2016,
            "quarter": 1,
            "eps": null,
            "eps_growth_year": null,
            "eps_4q": null,
            "eps_4q_growth_year": null,
            "roe": null,
            "roe_4q": 2.3600000000000003,
            "gross_profit": null,
            "gross_margin": null,
            "gross_margin_4q_avg": 22.84,
            "net_income": null,
            "revenue": null,
            "common_shares": null,
            "book_valuer_per_share": null,
            "book_valuer_per_share_4q_avg": 15.57,
            "equity": null,
            "current_ratio": null,
            "debt_ratio": null,
            "inventory_turnover_ratio": null,
            "account_receivable_turnover_ratio": null,
            "reinvestment_rate": null,
            "research_to_sale_ratio": null,
            "price_fair": 46.2,
            "eps_avg_yearly": 1.32,
            "eps_latest_yearly": 1.32,
            "eps_growth_yearly": 425
        },
        "20162": {
            "year_quarter": 20162,
            "year": 2016,
            "quarter": 2,
            "eps": null,
            "eps_growth_year": null,
            "eps_4q": null,
            "eps_4q_growth_year": null,
            "roe": null,
            "roe_4q": 2.3600000000000003,
            "gross_profit": null,
            "gross_margin": null,
            "gross_margin_4q_avg": 22.84,
            "net_income": null,
            "revenue": null,
            "common_shares": 224500,
            "book_valuer_per_share": 20.44,
            "book_valuer_per_share_4q_avg": 15.46,
            "equity": 457477,
            "current_ratio": 299.78,
            "debt_ratio": 41.23,
            "inventory_turnover_ratio": null,
            "account_receivable_turnover_ratio": null,
            "reinvestment_rate": null,
            "research_to_sale_ratio": null,
            "price_fair": 46.2,
            "eps_avg_yearly": 1.32,
            "eps_latest_yearly": 1.32,
            "eps_growth_yearly": 425
        },
        "20163": {
            "year_quarter": 20163,
            "year": 2016,
            "quarter": 3,
            "eps": 0.35,
            "eps_growth_year": 118.75,
            "eps_4q": null,
            "eps_4q_growth_year": null,
            "roe": 1.77,
            "roe_4q": 3.34,
            "gross_profit": 31140,
            "gross_margin": 41.56,
            "gross_margin_4q_avg": 22.29,
            "net_income": 8158,
            "revenue": 74926,
            "common_shares": 233480,
            "book_valuer_per_share": 19.96,
            "book_valuer_per_share_4q_avg": 15.32,
            "equity": 464170,
            "current_ratio": 388.98,
            "debt_ratio": 37.86,
            "inventory_turnover_ratio": 1.05,
            "account_receivable_turnover_ratio": 0.88,
            "reinvestment_rate": null,
            "research_to_sale_ratio": 5.63,
            "price_fair": 46.2,
            "eps_avg_yearly": 1.32,
            "eps_latest_yearly": 1.32,
            "eps_growth_yearly": 425
        },
        "20164": {
            "year_quarter": 20164,
            "year": 2016,
            "quarter": 4,
            "eps": 0.4,
            "eps_growth_year": 23.87,
            "eps_4q": null,
            "eps_4q_growth_year": null,
            "roe": 2,
            "roe_4q": 3.77,
            "gross_profit": 34816,
            "gross_margin": 44.01,
            "gross_margin_4q_avg": 21.39,
            "net_income": 9371,
            "revenue": 79112,
            "common_shares": 233480,
            "book_valuer_per_share": 20.37,
            "book_valuer_per_share_4q_avg": 15.19,
            "equity": 473541,
            "current_ratio": 438.32,
            "debt_ratio": 36.41,
            "inventory_turnover_ratio": 0.95,
            "account_receivable_turnover_ratio": 0.8,
            "reinvestment_rate": null,
            "research_to_sale_ratio": 5.87,
            "price_fair": 51.1,
            "eps_avg_yearly": 1.46,
            "eps_latest_yearly": 1.6,
            "eps_growth_yearly": 241.07
        },
        "20171": {
            "year_quarter": 20171,
            "year": 2017,
            "quarter": 1,
            "eps": 0.13,
            "eps_growth_year": null,
            "eps_4q": null,
            "eps_4q_growth_year": null,
            "roe": 0.63,
            "roe_4q": 4.4,
            "gross_profit": 25236,
            "gross_margin": 35.81,
            "gross_margin_4q_avg": 30.35,
            "net_income": 2995,
            "revenue": 70481,
            "common_shares": 233480,
            "book_valuer_per_share": 20.49,
            "book_valuer_per_share_4q_avg": 20.32,
            "equity": 476536,
            "current_ratio": 446.47,
            "debt_ratio": 35.75,
            "inventory_turnover_ratio": 0.94,
            "account_receivable_turnover_ratio": 0.75,
            "reinvestment_rate": null,
            "research_to_sale_ratio": 5.85,
            "price_fair": 40.13,
            "eps_avg_yearly": 1.15,
            "eps_latest_yearly": 0.52,
            "eps_growth_yearly": 70.71
        },
        "20172": {
            "year_quarter": 20172,
            "year": 2017,
            "quarter": 2,
            "eps": 0.05,
            "eps_growth_year": null,
            "eps_4q": 0.82,
            "eps_4q_growth_year": null,
            "roe": 0.19,
            "roe_4q": 4.59,
            "gross_profit": 24531,
            "gross_margin": 33.72,
            "gross_margin_4q_avg": 38.78,
            "net_income": 1083,
            "revenue": 72744,
            "common_shares": 264620,
            "book_valuer_per_share": 23.44,
            "book_valuer_per_share_4q_avg": 21.07,
            "equity": 641980,
            "current_ratio": 624.2,
            "debt_ratio": 29.43,
            "inventory_turnover_ratio": 1.04,
            "account_receivable_turnover_ratio": 0.86,
            "reinvestment_rate": null,
            "research_to_sale_ratio": 6.29,
            "price_fair": 2.73,
            "eps_avg_yearly": 0.91,
            "eps_latest_yearly": 0.2,
            "eps_growth_yearly": -8.5
        },
        "20173": {
            "year_quarter": 20173,
            "year": 2017,
            "quarter": 3,
            "eps": 0.14,
            "eps_growth_year": -60,
            "eps_4q": 0.65,
            "eps_4q_growth_year": null,
            "roe": 0.69,
            "roe_4q": 3.51,
            "gross_profit": 35317,
            "gross_margin": 35.05,
            "gross_margin_4q_avg": 37.15,
            "net_income": 4408,
            "revenue": 100756,
            "common_shares": 264620,
            "book_valuer_per_share": 23.48,
            "book_valuer_per_share_4q_avg": 21.95,
            "equity": 633536,
            "current_ratio": 466.79,
            "debt_ratio": 31.65,
            "inventory_turnover_ratio": 1.12,
            "account_receivable_turnover_ratio": 0.89,
            "reinvestment_rate": null,
            "research_to_sale_ratio": 5.24,
            "price_fair": 29.4,
            "eps_avg_yearly": 0.84,
            "eps_latest_yearly": 0.56,
            "eps_growth_yearly": 137.2
        },
        "20174": {
            "year_quarter": 20174,
            "year": 2017,
            "quarter": 4,
            "eps": 0.24,
            "eps_growth_year": -39.35,
            "eps_4q": 0.54,
            "eps_4q_growth_year": null,
            "roe": 1.08,
            "roe_4q": 2.59,
            "gross_profit": 40915,
            "gross_margin": 35.94,
            "gross_margin_4q_avg": 35.13,
            "net_income": 6859,
            "revenue": 113842,
            "common_shares": 264620,
            "book_valuer_per_share": 23.67,
            "book_valuer_per_share_4q_avg": 22.77,
            "equity": 632203,
            "current_ratio": 526.74,
            "debt_ratio": 30.23,
            "inventory_turnover_ratio": 1.08,
            "account_receivable_turnover_ratio": 0.85,
            "reinvestment_rate": null,
            "research_to_sale_ratio": 5.4,
            "price_fair": 30.1,
            "eps_avg_yearly": 0.86,
            "eps_latest_yearly": 0.96,
            "eps_growth_yearly": 161.95
        },
        "20181": {
            "year_quarter": 20181,
            "year": 2018,
            "quarter": 1,
            "eps": 1.56,
            "eps_growth_year": 1100,
            "eps_4q": 1.94,
            "eps_4q_growth_year": null,
            "roe": 6.2,
            "roe_4q": 8.16,
            "gross_profit": 83542,
            "gross_margin": 35.09,
            "gross_margin_4q_avg": 34.95,
            "net_income": 40478,
            "revenue": 238070,
            "common_shares": 264620,
            "book_valuer_per_share": 25.19,
            "book_valuer_per_share_4q_avg": 23.95,
            "equity": 672681,
            "current_ratio": 140.09,
            "debt_ratio": 64.6,
            "inventory_turnover_ratio": 0.78,
            "account_receivable_turnover_ratio": 1.22,
            "reinvestment_rate": null,
            "research_to_sale_ratio": 2.93,
            "price_fair": 57,
            "eps_avg_yearly": 1.63,
            "eps_latest_yearly": 6.24,
            "eps_growth_yearly": 453.1
        },
        "20182": {
            "year_quarter": 20182,
            "year": 2018,
            "quarter": 2,
            "eps": 2.82,
            "eps_growth_year": 5540,
            "eps_4q": 4.72,
            "eps_4q_growth_year": 475.89,
            "roe": 10.53,
            "roe_4q": 18.500000000000004,
            "gross_profit": 119572,
            "gross_margin": 30.39,
            "gross_margin_4q_avg": 34.12,
            "net_income": 74155,
            "revenue": 393517,
            "common_shares": 264620,
            "book_valuer_per_share": 27.59,
            "book_valuer_per_share_4q_avg": 24.98,
            "equity": 735699,
            "current_ratio": 155.77,
            "debt_ratio": 61.35,
            "inventory_turnover_ratio": 0.97,
            "account_receivable_turnover_ratio": 1.28,
            "reinvestment_rate": null,
            "research_to_sale_ratio": 2.48,
            "price_fair": 99.23,
            "eps_avg_yearly": 2.84,
            "eps_latest_yearly": 11.28,
            "eps_growth_yearly": 436.85
        },
        "20183": {
            "year_quarter": 20183,
            "year": 2018,
            "quarter": 3,
            "eps": 8.66,
            "eps_growth_year": 6085.71,
            "eps_4q": 11.97,
            "eps_4q_growth_year": 1737.52,
            "roe": 23.61,
            "roe_4q": 41.42,
            "gross_profit": 111889,
            "gross_margin": 30.94,
            "gross_margin_4q_avg": 33.09,
            "net_income": 231346,
            "revenue": 361592,
            "common_shares": 294620,
            "book_valuer_per_share": 41.81,
            "book_valuer_per_share_4q_avg": 29.57,
            "equity": 1223865,
            "current_ratio": 256.87,
            "debt_ratio": 43.06,
            "inventory_turnover_ratio": 1.12,
            "account_receivable_turnover_ratio": 1.12,
            "reinvestment_rate": null,
            "research_to_sale_ratio": 3.53,
            "price_fair": 222.91,
            "eps_avg_yearly": 6.37,
            "eps_latest_yearly": 34.64,
            "eps_growth_yearly": 480.35
        },
        "20184": {
            "year_quarter": 20184,
            "year": 2018,
            "quarter": 4,
            "eps": 3.37,
            "eps_growth_year": 1277.51,
            "eps_4q": 15.11,
            "eps_4q_growth_year": 2702.53,
            "roe": 7.76,
            "roe_4q": 48.1,
            "gross_profit": 130448,
            "gross_margin": 34.4,
            "gross_margin_4q_avg": 32.71,
            "net_income": 98672,
            "revenue": 379249,
            "common_shares": 294620,
            "book_valuer_per_share": 45.07,
            "book_valuer_per_share_4q_avg": 34.92,
            "equity": 1320880,
            "current_ratio": 269.12,
            "debt_ratio": 40.82,
            "inventory_turnover_ratio": 1.25,
            "account_receivable_turnover_ratio": 1.47,
            "reinvestment_rate": null,
            "research_to_sale_ratio": 2.32,
            "price_fair": 247.8,
            "eps_avg_yearly": 7.08,
            "eps_latest_yearly": 13.48,
            "eps_growth_yearly": 407.88
        },
        "20191": {
            "year_quarter": 20191,
            "year": 2019,
            "quarter": 1,
            "eps": 2.98,
            "eps_growth_year": 91.03,
            "eps_4q": 16.74,
            "eps_4q_growth_year": 761.97,
            "roe": 6.39,
            "roe_4q": 48.29,
            "gross_profit": 159034,
            "gross_margin": 41.8,
            "gross_margin_4q_avg": 34.38,
            "net_income": 87246,
            "revenue": 380451,
            "common_shares": 294646,
            "book_valuer_per_share": 48.06,
            "book_valuer_per_share_4q_avg": 40.63,
            "equity": 1408637,
            "current_ratio": 277.16,
            "debt_ratio": 46.27,
            "inventory_turnover_ratio": 1.11,
            "account_receivable_turnover_ratio": 1.15,
            "reinvestment_rate": null,
            "research_to_sale_ratio": 2.45,
            "price_fair": 263.2,
            "eps_avg_yearly": 7.52,
            "eps_latest_yearly": 11.92,
            "eps_growth_yearly": 366.59
        },
        "20192": {
            "year_quarter": 20192,
            "year": 2019,
            "quarter": 2,
            "eps": 2.5,
            "eps_growth_year": -11.35,
            "eps_4q": 12.81,
            "eps_4q_growth_year": 171.48,
            "roe": 5.22,
            "roe_4q": 42.98,
            "gross_profit": 155944,
            "gross_margin": 42.08,
            "gross_margin_4q_avg": 37.31,
            "net_income": 73626,
            "revenue": 370609,
            "common_shares": 295620,
            "book_valuer_per_share": 47.93,
            "book_valuer_per_share_4q_avg": 45.72,
            "equity": 1412054,
            "current_ratio": 259.34,
            "debt_ratio": 46.33,
            "inventory_turnover_ratio": 0.94,
            "account_receivable_turnover_ratio": 0.9,
            "reinvestment_rate": null,
            "research_to_sale_ratio": 2.65,
            "price_fair": 270.43,
            "eps_avg_yearly": 7.73,
            "eps_latest_yearly": 10,
            "eps_growth_yearly": 330.67
        },
        "20193": {
            "year_quarter": 20193,
            "year": 2019,
            "quarter": 3,
            "eps": 2.48,
            "eps_growth_year": -71.36,
            "eps_4q": 9.05,
            "eps_4q_growth_year": -24.45,
            "roe": 6.38,
            "roe_4q": 25.75,
            "gross_profit": 179381,
            "gross_margin": 46.35,
            "gross_margin_4q_avg": 41.16,
            "net_income": 95933,
            "revenue": 387045,
            "common_shares": 393616,
            "book_valuer_per_share": 40.56,
            "book_valuer_per_share_4q_avg": 45.41,
            "equity": 1593896,
            "current_ratio": 270.87,
            "debt_ratio": 41.19,
            "inventory_turnover_ratio": 0.8,
            "account_receivable_turnover_ratio": 1.2,
            "reinvestment_rate": null,
            "research_to_sale_ratio": 2.54,
            "price_fair": 276.34,
            "eps_avg_yearly": 7.9,
            "eps_latest_yearly": 9.92,
            "eps_growth_yearly": 304.99
        },
        "20194": {
            "year_quarter": 20194,
            "year": 2019,
            "quarter": 4,
            "eps": 1.23,
            "eps_growth_year": -63.61,
            "eps_4q": 7.75,
            "eps_4q_growth_year": -48.71,
            "roe": 2.97,
            "roe_4q": 20.96,
            "gross_profit": 148675,
            "gross_margin": 38.01,
            "gross_margin_4q_avg": 42.06,
            "net_income": 48226,
            "revenue": 391111,
            "common_shares": 394272,
            "book_valuer_per_share": 42.02,
            "book_valuer_per_share_4q_avg": 44.64,
            "equity": 1653751,
            "current_ratio": 223.73,
            "debt_ratio": 51.11,
            "inventory_turnover_ratio": 0.86,
            "account_receivable_turnover_ratio": 1.31,
            "reinvestment_rate": null,
            "research_to_sale_ratio": 2.73,
            "price_fair": 286.03,
            "eps_avg_yearly": 8.17,
            "eps_latest_yearly": 4.92,
            "eps_growth_yearly": 256.79
        },
        "20201": {
            "year_quarter": 20201,
            "year": 2020,
            "quarter": 1,
            "eps": 1.1,
            "eps_growth_year": -63.09,
            "eps_4q": 6.3,
            "eps_4q_growth_year": -62.36,
            "roe": 2.45,
            "roe_4q": 17.02,
            "gross_profit": 129744,
            "gross_margin": 34.82,
            "gross_margin_4q_avg": 40.32,
            "net_income": 44469,
            "revenue": 372603,
            "common_shares": 416272,
            "book_valuer_per_share": 47.59,
            "book_valuer_per_share_4q_avg": 44.53,
            "equity": 1981053,
            "current_ratio": 206.81,
            "debt_ratio": 44.39,
            "inventory_turnover_ratio": 0.87,
            "account_receivable_turnover_ratio": 1.18,
            "reinvestment_rate": null,
            "research_to_sale_ratio": 2.41,
            "price_fair": 276.6,
            "eps_avg_yearly": 7.9,
            "eps_latest_yearly": 4.4,
            "eps_growth_yearly": 235.43
        },
        "20202": {
            "year_quarter": 20202,
            "year": 2020,
            "quarter": 2,
            "eps": 1.04,
            "eps_growth_year": -58.4,
            "eps_4q": 4.29,
            "eps_4q_growth_year": -66.54,
            "roe": 2.21,
            "roe_4q": 14.010000000000002,
            "gross_profit": 131394,
            "gross_margin": 36.29,
            "gross_margin_4q_avg": 38.87,
            "net_income": 43368,
            "revenue": 362109,
            "common_shares": 416272,
            "book_valuer_per_share": 46.79,
            "book_valuer_per_share_4q_avg": 44.24,
            "equity": 1947823,
            "current_ratio": 248.47,
            "debt_ratio": 46.52,
            "inventory_turnover_ratio": 0.83,
            "account_receivable_turnover_ratio": 1.22,
            "reinvestment_rate": 146.84,
            "research_to_sale_ratio": 2.28,
            "price_fair": 267.87,
            "eps_avg_yearly": 7.65,
            "eps_latest_yearly": 4.16,
            "eps_growth_yearly": 218.28
        },
        "20203": {
            "year_quarter": 20203,
            "year": 2020,
            "quarter": 3,
            "eps": 1.33,
            "eps_growth_year": -46.37,
            "eps_4q": 3.53,
            "eps_4q_growth_year": -60.93,
            "roe": 2.79,
            "roe_4q": 10.42,
            "gross_profit": 152258,
            "gross_margin": 38.33,
            "gross_margin_4q_avg": 36.86,
            "net_income": 55231,
            "revenue": 397207,
            "common_shares": 416272,
            "book_valuer_per_share": 48.23,
            "book_valuer_per_share_4q_avg": 46.16,
            "equity": 2007566,
            "current_ratio": 232.36,
            "debt_ratio": 46.37,
            "inventory_turnover_ratio": 0.83,
            "account_receivable_turnover_ratio": 1.31,
            "reinvestment_rate": 139.19,
            "research_to_sale_ratio": 2.29,
            "price_fair": 262.76,
            "eps_avg_yearly": 7.51,
            "eps_latest_yearly": 5.32,
            "eps_growth_yearly": 211.61
        },
        "20204": {
            "year_quarter": 20204,
            "year": 2020,
            "quarter": 4,
            "eps": 8.04,
            "eps_growth_year": 556.57,
            "eps_4q": 10.69,
            "eps_4q_growth_year": 37.92,
            "roe": 19.47,
            "roe_4q": 26.919999999999998,
            "gross_profit": 290488,
            "gross_margin": 43.51,
            "gross_margin_4q_avg": 38.24,
            "net_income": 435358,
            "revenue": 667651,
            "common_shares": 541154,
            "book_valuer_per_share": 45.55,
            "book_valuer_per_share_4q_avg": 47.04,
            "equity": 2464764,
            "current_ratio": 114.89,
            "debt_ratio": 64.81,
            "inventory_turnover_ratio": 0.54,
            "account_receivable_turnover_ratio": 1.58,
            "reinvestment_rate": 253.85,
            "research_to_sale_ratio": 1.54,
            "price_fair": 329.61,
            "eps_avg_yearly": 9.42,
            "eps_latest_yearly": 32.16,
            "eps_growth_yearly": 334.16
        },
        "20211": {
            "year_quarter": 20211,
            "year": 2021,
            "quarter": 1,
            "eps": 6.18,
            "eps_growth_year": 461.82,
            "eps_4q": 16.05,
            "eps_4q_growth_year": 154.71,
            "roe": 12.67,
            "roe_4q": 37.14,
            "gross_profit": 601537,
            "gross_margin": 44,
            "gross_margin_4q_avg": 40.53,
            "net_income": 334440,
            "revenue": 1367056,
            "common_shares": 541154,
            "book_valuer_per_share": 52,
            "book_valuer_per_share_4q_avg": 48.14,
            "equity": 2813957,
            "current_ratio": 124.83,
            "debt_ratio": 64.07,
            "inventory_turnover_ratio": 0.71,
            "account_receivable_turnover_ratio": 1.52,
            "reinvestment_rate": 203.28,
            "research_to_sale_ratio": 0.7,
            "price_fair": 382.55,
            "eps_avg_yearly": 10.93,
            "eps_latest_yearly": 24.72,
            "eps_growth_yearly": 345.26
        },
        "20212": {
            "year_quarter": 20212,
            "year": 2021,
            "quarter": 2,
            "eps": 2.54,
            "eps_growth_year": 144.23,
            "eps_4q": 17.79,
            "eps_4q_growth_year": 314.89,
            "roe": 4.87,
            "roe_4q": 39.8,
            "gross_profit": 339567,
            "gross_margin": 28.44,
            "gross_margin_4q_avg": 38.57,
            "net_income": 137500,
            "revenue": 1194049,
            "common_shares": 541154,
            "book_valuer_per_share": 52.44,
            "book_valuer_per_share_4q_avg": 49.56,
            "equity": 2838082,
            "current_ratio": 120.85,
            "debt_ratio": 63.36,
            "inventory_turnover_ratio": 0.83,
            "account_receivable_turnover_ratio": 1.1,
            "reinvestment_rate": 186.86,
            "research_to_sale_ratio": 0.88,
            "price_fair": 404.34,
            "eps_avg_yearly": 11.55,
            "eps_latest_yearly": 10.16,
            "eps_growth_yearly": 345.91
        },
        "20213": {
            "year_quarter": 20213,
            "year": 2021,
            "quarter": 3,
            "eps": 2.02,
            "eps_growth_year": 51.88,
            "eps_4q": 15.28,
            "eps_4q_growth_year": 332.14,
            "roe": 4.7,
            "roe_4q": 41.71,
            "gross_profit": 355896,
            "gross_margin": 29.93,
            "gross_margin_4q_avg": 36.47,
            "net_income": 137745,
            "revenue": 1189075,
            "common_shares": 676443,
            "book_valuer_per_share": 44.12,
            "book_valuer_per_share_4q_avg": 48.53,
            "equity": 3018450,
            "current_ratio": 124.85,
            "debt_ratio": 61.91,
            "inventory_turnover_ratio": 0.84,
            "account_receivable_turnover_ratio": 1.38,
            "reinvestment_rate": 172.05,
            "research_to_sale_ratio": 0.85,
            "price_fair": 420.79,
            "eps_avg_yearly": 12.02,
            "eps_latest_yearly": 8.08,
            "eps_growth_yearly": 295.8
        },
        "20214": {
            "year_quarter": 20214,
            "year": 2021,
            "quarter": 4,
            "eps": 2.05,
            "eps_growth_year": -74.58,
            "eps_4q": 10.95,
            "eps_4q_growth_year": 2.43,
            "roe": 4.54,
            "roe_4q": 26.78,
            "gross_profit": 374778,
            "gross_margin": 32.6,
            "gross_margin_4q_avg": 33.74,
            "net_income": 140051,
            "revenue": 1149705,
            "common_shares": 684123,
            "book_valuer_per_share": 46.04,
            "book_valuer_per_share_4q_avg": 48.65,
            "equity": 3152541,
            "current_ratio": 151.66,
            "debt_ratio": 57.24,
            "inventory_turnover_ratio": 0.81,
            "account_receivable_turnover_ratio": 1.4,
            "reinvestment_rate": 160.7,
            "research_to_sale_ratio": 0.96,
            "price_fair": 436.63,
            "eps_avg_yearly": 12.48,
            "eps_latest_yearly": 8.2,
            "eps_growth_yearly": 278.31
        },
        "20221": {
            "year_quarter": 20221,
            "year": 2022,
            "quarter": 1,
            "eps": 2.62,
            "eps_growth_year": -57.61,
            "eps_4q": 8.71,
            "eps_4q_growth_year": -45.7,
            "roe": 5.71,
            "roe_4q": 19.82,
            "gross_profit": 389456,
            "gross_margin": 34.86,
            "gross_margin_4q_avg": 31.46,
            "net_income": 179178,
            "revenue": 1117249,
            "common_shares": 684783,
            "book_valuer_per_share": 45.74,
            "book_valuer_per_share_4q_avg": 47.09,
            "equity": 3118671,
            "current_ratio": 141.04,
            "debt_ratio": 58.7,
            "inventory_turnover_ratio": 0.78,
            "account_receivable_turnover_ratio": 1.33,
            "reinvestment_rate": 131.53,
            "research_to_sale_ratio": 0.81,
            "price_fair": 445.9,
            "eps_avg_yearly": 12.74,
            "eps_latest_yearly": 10.48,
            "eps_growth_yearly": 147.76
        },
        "20222": {
            "year_quarter": 20222,
            "year": 2022,
            "quarter": 2,
            "eps": 3.52,
            "eps_growth_year": 38.58,
            "eps_4q": 9.28,
            "eps_4q_growth_year": -47.81,
            "roe": 6.79,
            "roe_4q": 21.74,
            "gross_profit": 528128,
            "gross_margin": 38.99,
            "gross_margin_4q_avg": 34.1,
            "net_income": 239987,
            "revenue": 1354636,
            "common_shares": 685293,
            "book_valuer_per_share": 49.43,
            "book_valuer_per_share_4q_avg": 46.33,
            "equity": 3949051,
            "current_ratio": 201.46,
            "debt_ratio": 61.46,
            "inventory_turnover_ratio": 0.83,
            "account_receivable_turnover_ratio": 1.65,
            "reinvestment_rate": 123.36,
            "research_to_sale_ratio": 0.61,
            "price_fair": 452.03,
            "eps_avg_yearly": 12.92,
            "eps_latest_yearly": 14.08,
            "eps_growth_yearly": 136.16
        },
        "20223": {
            "year_quarter": 20223,
            "year": 2022,
            "quarter": 3,
            "eps": 7.58,
            "eps_growth_year": 275.25,
            "eps_4q": 15.02,
            "eps_4q_growth_year": -1.64,
            "roe": 13.28,
            "roe_4q": 30.32,
            "gross_profit": 901984,
            "gross_margin": 33.11,
            "gross_margin_4q_avg": 34.89,
            "net_income": 574126,
            "revenue": 2724136,
            "common_shares": 753815,
            "book_valuer_per_share": 54.46,
            "book_valuer_per_share_4q_avg": 48.92,
            "equity": 4694160,
            "current_ratio": 116.29,
            "debt_ratio": 79.63,
            "inventory_turnover_ratio": 1.08,
            "account_receivable_turnover_ratio": 0.83,
            "reinvestment_rate": 192.49,
            "research_to_sale_ratio": 1.04,
            "price_fair": 442.58,
            "eps_avg_yearly": 12.65,
            "eps_latest_yearly": 30.32,
            "eps_growth_yearly": 113.22
        },
        "20224": {
            "year_quarter": 20224,
            "year": 2022,
            "quarter": 4,
            "eps": 5.36,
            "eps_growth_year": 161.93,
            "eps_4q": 18.46,
            "eps_4q_growth_year": 68.63,
            "roe": 8.3,
            "roe_4q": 34.08,
            "gross_profit": 1093207,
            "gross_margin": 20.63,
            "gross_margin_4q_avg": 31.9,
            "net_income": 408234,
            "revenue": 5298449,
            "common_shares": 753815,
            "book_valuer_per_share": 60.06,
            "book_valuer_per_share_4q_avg": 52.42,
            "equity": 5140456,
            "current_ratio": 116.63,
            "debt_ratio": 77.42,
            "inventory_turnover_ratio": 1.97,
            "account_receivable_turnover_ratio": 0.89,
            "reinvestment_rate": 181.65,
            "research_to_sale_ratio": 1.57,
            "price_fair": 459.99,
            "eps_avg_yearly": 13.14,
            "eps_latest_yearly": 21.44,
            "eps_growth_yearly": 121.17
        },
        "20231": {
            "year_quarter": 20231,
            "year": 2023,
            "quarter": 1,
            "eps": 13.62,
            "eps_growth_year": 419.85,
            "eps_4q": 29.14,
            "eps_4q_growth_year": 234.48,
            "roe": 18.59,
            "roe_4q": 46.96,
            "gross_profit": 1925732,
            "gross_margin": 40.28,
            "gross_margin_4q_avg": 33.25,
            "net_income": 1043267,
            "revenue": 4780532,
            "common_shares": 753815,
            "book_valuer_per_share": 70.74,
            "book_valuer_per_share_4q_avg": 58.67,
            "equity": 6083788,
            "current_ratio": 117.06,
            "debt_ratio": 73.33,
            "inventory_turnover_ratio": 1.53,
            "account_receivable_turnover_ratio": 0.86,
            "reinvestment_rate": 137.01,
            "research_to_sale_ratio": 1.16,
            "price_fair": 553.09,
            "eps_avg_yearly": 15.8,
            "eps_latest_yearly": 54.48,
            "eps_growth_yearly": 162.59
        }
    },
    "months": {
        "2014-10": {
            "month": "2014-10",
            "price": "131.05",
            "revenue": 20045
        },
        "2014-11": {
            "month": "2014-11",
            "price": "121.05",
            "revenue": 22418
        },
        "2014-12": {
            "month": "2014-12",
            "price": "119.78",
            "revenue": 14510
        },
        "2015-01": {
            "month": "2015-01",
            "price": "119.88",
            "revenue": 12866
        },
        "2015-02": {
            "month": "2015-02",
            "price": "119.92",
            "revenue": 21508
        },
        "2015-03": {
            "month": "2015-03",
            "price": "118.90",
            "revenue": 21040
        },
        "2015-04": {
            "month": "2015-04",
            "price": "117.99",
            "revenue": 17461
        },
        "2015-05": {
            "month": "2015-05",
            "price": "117.99",
            "revenue": 17433
        },
        "2015-06": {
            "month": "2015-06",
            "price": "117.16",
            "revenue": 16947
        },
        "2015-07": {
            "month": "2015-07",
            "price": "116.26",
            "revenue": 19439
        },
        "2015-08": {
            "month": "2015-08",
            "price": "109.32",
            "revenue": 19606
        },
        "2015-09": {
            "month": "2015-09",
            "price": "102.71",
            "revenue": 22549
        },
        "2015-10": {
            "month": "2015-10",
            "price": "102.34",
            "revenue": 22844
        },
        "2015-11": {
            "month": "2015-11",
            "price": "101.66",
            "revenue": 21093
        },
        "2015-12": {
            "month": "2015-12",
            "price": "101.70",
            "revenue": 25200
        },
        "2016-01": {
            "month": "2016-01",
            "price": "76.24",
            "revenue": 21771
        },
        "2016-02": {
            "month": "2016-02",
            "price": "59.95",
            "revenue": 17439
        },
        "2016-03": {
            "month": "2016-03",
            "price": "57.19",
            "revenue": 22645
        },
        "2016-04": {
            "month": "2016-04",
            "price": "56.28",
            "revenue": 20966
        },
        "2016-05": {
            "month": "2016-05",
            "price": "59.67",
            "revenue": 20926
        },
        "2016-06": {
            "month": "2016-06",
            "price": "60.02",
            "revenue": 24064
        },
        "2016-07": {
            "month": "2016-07",
            "price": "63.15",
            "revenue": 24154
        },
        "2016-08": {
            "month": "2016-08",
            "price": "67.06",
            "revenue": 25620
        },
        "2016-09": {
            "month": "2016-09",
            "price": "63.48",
            "revenue": 26703
        },
        "2016-10": {
            "month": "2016-10",
            "price": "66.39",
            "revenue": 23409
        },
        "2016-11": {
            "month": "2016-11",
            "price": "66.73",
            "revenue": 27210
        },
        "2016-12": {
            "month": "2016-12",
            "price": "63.72",
            "revenue": 28671
        },
        "2017-01": {
            "month": "2017-01",
            "price": "62.95",
            "revenue": 24555
        },
        "2017-02": {
            "month": "2017-02",
            "price": "57.00",
            "revenue": 22265
        },
        "2017-03": {
            "month": "2017-03",
            "price": "66.73",
            "revenue": 24836
        },
        "2017-04": {
            "month": "2017-04",
            "price": "63.94",
            "revenue": 22579
        },
        "2017-05": {
            "month": "2017-05",
            "price": "40.88",
            "revenue": 23247
        },
        "2017-06": {
            "month": "2017-06",
            "price": "40.32",
            "revenue": 25528
        },
        "2017-07": {
            "month": "2017-07",
            "price": "35.78",
            "revenue": 27031
        },
        "2017-08": {
            "month": "2017-08",
            "price": "32.69",
            "revenue": 41660
        },
        "2017-09": {
            "month": "2017-09",
            "price": "35.26",
            "revenue": 32140
        },
        "2017-10": {
            "month": "2017-10",
            "price": "34.53",
            "revenue": 33419
        },
        "2017-11": {
            "month": "2017-11",
            "price": "33.22",
            "revenue": 38927
        },
        "2017-12": {
            "month": "2017-12",
            "price": "34.48",
            "revenue": 42031
        },
        "2018-01": {
            "month": "2018-01",
            "price": "37.81",
            "revenue": 38076
        },
        "2018-02": {
            "month": "2018-02",
            "price": "38.74",
            "revenue": 27238
        },
        "2018-03": {
            "month": "2018-03",
            "price": "71.86",
            "revenue": 172695
        },
        "2018-04": {
            "month": "2018-04",
            "price": "125.19",
            "revenue": 132653
        },
        "2018-05": {
            "month": "2018-05",
            "price": "119.20",
            "revenue": 127654
        },
        "2018-06": {
            "month": "2018-06",
            "price": "123.18",
            "revenue": 133007
        },
        "2018-07": {
            "month": "2018-07",
            "price": "128.27",
            "revenue": 110191
        },
        "2018-08": {
            "month": "2018-08",
            "price": "127.35",
            "revenue": 123304
        },
        "2018-09": {
            "month": "2018-09",
            "price": "112.97",
            "revenue": 128148
        },
        "2018-10": {
            "month": "2018-10",
            "price": "102.18",
            "revenue": 140328
        },
        "2018-11": {
            "month": "2018-11",
            "price": "114.97",
            "revenue": 125223
        },
        "2018-12": {
            "month": "2018-12",
            "price": "114.33",
            "revenue": 113911
        },
        "2019-01": {
            "month": "2019-01",
            "price": "114.33",
            "revenue": 129974
        },
        "2019-02": {
            "month": "2019-02",
            "price": "123.46",
            "revenue": 95011
        },
        "2019-03": {
            "month": "2019-03",
            "price": "129.58",
            "revenue": 156797
        },
        "2019-04": {
            "month": "2019-04",
            "price": "138.92",
            "revenue": 127366
        },
        "2019-05": {
            "month": "2019-05",
            "price": "140.82",
            "revenue": 125190
        },
        "2019-06": {
            "month": "2019-06",
            "price": "144.42",
            "revenue": 118053
        },
        "2019-07": {
            "month": "2019-07",
            "price": "168.24",
            "revenue": 104555
        },
        "2019-08": {
            "month": "2019-08",
            "price": "149.33",
            "revenue": 169585
        },
        "2019-09": {
            "month": "2019-09",
            "price": "158.24",
            "revenue": 111573
        },
        "2019-10": {
            "month": "2019-10",
            "price": "167.67",
            "revenue": 115780
        },
        "2019-11": {
            "month": "2019-11",
            "price": "160.62",
            "revenue": 130753
        },
        "2019-12": {
            "month": "2019-12",
            "price": "153.00",
            "revenue": 144579
        },
        "2020-01": {
            "month": "2020-01",
            "price": "145.93",
            "revenue": 133369
        },
        "2020-02": {
            "month": "2020-02",
            "price": "155.42",
            "revenue": 117793
        },
        "2020-03": {
            "month": "2020-03",
            "price": "139.11",
            "revenue": 121441
        },
        "2020-04": {
            "month": "2020-04",
            "price": "142.25",
            "revenue": 108293
        },
        "2020-05": {
            "month": "2020-05",
            "price": "149.45",
            "revenue": 124188
        },
        "2020-06": {
            "month": "2020-06",
            "price": "165.45",
            "revenue": 129649
        },
        "2020-07": {
            "month": "2020-07",
            "price": "162.43",
            "revenue": 118509
        },
        "2020-08": {
            "month": "2020-08",
            "price": "152.74",
            "revenue": 132101
        },
        "2020-09": {
            "month": "2020-09",
            "price": "171.30",
            "revenue": 146595
        },
        "2020-10": {
            "month": "2020-10",
            "price": "194.37",
            "revenue": 148806
        },
        "2020-11": {
            "month": "2020-11",
            "price": "190.02",
            "revenue": 152666
        },
        "2020-12": {
            "month": "2020-12",
            "price": "192.70",
            "revenue": 356676
        },
        "2021-01": {
            "month": "2021-01",
            "price": "175.50",
            "revenue": 427507
        },
        "2021-02": {
            "month": "2021-02",
            "price": "184.31",
            "revenue": 395425
        },
        "2021-03": {
            "month": "2021-03",
            "price": "189.73",
            "revenue": 544124
        },
        "2021-04": {
            "month": "2021-04",
            "price": "241.84",
            "revenue": 414039
        },
        "2021-05": {
            "month": "2021-05",
            "price": "271.17",
            "revenue": 424683
        },
        "2021-06": {
            "month": "2021-06",
            "price": "264.90",
            "revenue": 366295
        },
        "2021-07": {
            "month": "2021-07",
            "price": "277.05",
            "revenue": 338184
        },
        "2021-08": {
            "month": "2021-08",
            "price": "274.95",
            "revenue": 404817
        },
        "2021-09": {
            "month": "2021-09",
            "price": "238.98",
            "revenue": 441677
        },
        "2021-10": {
            "month": "2021-10",
            "price": "207.42",
            "revenue": 408100
        },
        "2021-11": {
            "month": "2021-11",
            "price": "207.55",
            "revenue": 377716
        },
        "2021-12": {
            "month": "2021-12",
            "price": "192.55",
            "revenue": 363720
        },
        "2022-01": {
            "month": "2022-01",
            "price": "175.42",
            "revenue": 378805
        },
        "2022-02": {
            "month": "2022-02",
            "price": "179.50",
            "revenue": 330308
        },
        "2022-03": {
            "month": "2022-03",
            "price": "175.30",
            "revenue": 409448
        },
        "2022-04": {
            "month": "2022-04",
            "price": "166.97",
            "revenue": 449252
        },
        "2022-05": {
            "month": "2022-05",
            "price": "158.24",
            "revenue": 501798
        },
        "2022-06": {
            "month": "2022-06",
            "price": "213.00",
            "revenue": 400904
        },
        "2022-07": {
            "month": "2022-07",
            "price": "232.69",
            "revenue": 437802
        },
        "2022-08": {
            "month": "2022-08",
            "price": "287.43",
            "revenue": 469376
        },
        "2022-09": {
            "month": "2022-09",
            "price": "306.05",
            "revenue": 1804935
        },
        "2022-10": {
            "month": "2022-10",
            "price": "296.58",
            "revenue": 1965097
        },
        "2022-11": {
            "month": "2022-11",
            "price": "382.73",
            "revenue": 1668017
        },
        "2022-12": {
            "month": "2022-12",
            "price": "411.00",
            "revenue": 1503816
        },
        "2023-01": {
            "month": "2023-01",
            "price": "405.35",
            "revenue": 1895594
        },
        "2023-02": {
            "month": "2023-02",
            "price": "480.22",
            "revenue": 1575307
        },
        "2023-03": {
            "month": "2023-03",
            "price": "587.80",
            "revenue": 1392805
        },
        "2023-04": {
            "month": "2023-04",
            "price": "770.18",
            "revenue": 912106
        }
    }
}
