{
    "summary": {
        "stock_name": "安集",
        "stock_id": "6477",
        "category": "光電",
        "main_business": "太陽能電池模組設計、生產及銷售<br>能源技術服務<br>其他",
        "website_url": "http://www.anjitek.com",
        "ceo": "許家榮",
        "pe_ratio": 16,
        "report_year_from": 2012,
        "report_year_to": 2023,
        "age": 12,
        "eps_negative_percentage": 11,
        "eps_growth_avg": {
            "last_all": 1.05,
            "last_2y": -1.41,
            "last_4y": 1.48,
            "last_8y": null,
            "last_12y": null,
            "last_16y": null,
            "last_20y": null,
            "at_2006_last_3y": null,
            "at_2007_last_3y": null,
            "at_2008_last_3y": null,
            "at_2009_last_3y": null,
            "at_2010_last_3y": null,
            "at_2011_last_3y": null,
            "at_2012_last_3y": null,
            "at_2013_last_3y": null,
            "at_2014_last_3y": null,
            "at_2015_last_3y": null,
            "at_2016_last_3y": null,
            "at_2017_last_3y": null,
            "at_2018_last_3y": null,
            "at_2019_last_3y": -2.77,
            "at_2020_last_3y": 37.2,
            "at_2021_last_3y": 13.75,
            "at_2022_last_3y": 5.49,
            "at_2023_last_3y": 3.92,
            "at_2024_last_3y": 3.92,
            "at_2006_last_all": null,
            "at_2007_last_all": null,
            "at_2008_last_all": null,
            "at_2009_last_all": null,
            "at_2010_last_all": null,
            "at_2011_last_all": null,
            "at_2012_last_all": null,
            "at_2013_last_all": null,
            "at_2014_last_all": null,
            "at_2015_last_all": null,
            "at_2016_last_all": null,
            "at_2017_last_all": -100,
            "at_2018_last_all": 0,
            "at_2019_last_all": -2.77,
            "at_2020_last_all": 2.9,
            "at_2021_last_all": -9,
            "at_2022_last_all": 3.66,
            "at_2023_last_all": 1.05,
            "at_2024_last_all": 1.05
        },
        "latest_eps": 2.3,
        "latest_price": 37.5,
        "latest_roe": 8.47,
        "latest_gross_margin": 40.16,
        "latest_equity": 3542587,
        "latest_revenue": 255372,
        "latest_gross_profit": 102569,
        "latest_net_income": 48783,
        "latest_debt_ratio": 54.4,
        "latest_current_ratio": 145.52,
        "latest_account_receivable_turnover_ratio": 1.13,
        "latest_inventory_turnover_ratio": 0.36,
        "latest_reinvestment_rate": 361.94,
        "latest_research_to_sale_ratio": 2.05
    },
    "eps_dividends": {
        "2001": {
            "cash": 0,
            "stock": 0,
            "eps": 0
        },
        "2002": {
            "cash": 0,
            "stock": 0,
            "eps": 0
        },
        "2003": {
            "cash": 0,
            "stock": 0,
            "eps": 0
        },
        "2004": {
            "cash": 0,
            "stock": 0,
            "eps": 0
        },
        "2005": {
            "cash": 0,
            "stock": 0,
            "eps": 0
        },
        "2006": {
            "cash": 0,
            "stock": 0,
            "eps": 0
        },
        "2007": {
            "cash": 0,
            "stock": 0,
            "eps": 0
        },
        "2008": {
            "cash": 0,
            "stock": 0,
            "eps": 0
        },
        "2009": {
            "cash": 0,
            "stock": 0,
            "eps": 0
        },
        "2010": {
            "cash": 0,
            "stock": 0,
            "eps": 0
        },
        "2011": {
            "cash": 0,
            "stock": 0,
            "eps": 0
        },
        "2012": {
            "cash": 0,
            "stock": 0,
            "eps": 0
        },
        "2013": {
            "cash": 0,
            "stock": 0,
            "eps": 0
        },
        "2014": {
            "cash": 0,
            "stock": 0,
            "eps": 0
        },
        "2015": {
            "cash": 0.65,
            "stock": 0,
            "eps": 0.28
        },
        "2016": {
            "cash": 0.39,
            "stock": 0.17,
            "eps": -0.67
        },
        "2017": {
            "cash": 0.2,
            "stock": 0,
            "eps": 0.91
        },
        "2018": {
            "cash": 0.42,
            "stock": 0,
            "eps": 2.41
        },
        "2019": {
            "cash": 0.8,
            "stock": 0,
            "eps": 2.21
        },
        "2020": {
            "cash": 1,
            "stock": 0,
            "eps": 2.65
        },
        "2021": {
            "cash": 1.14,
            "stock": 0,
            "eps": 1.15
        },
        "2022": {
            "cash": 0.52,
            "stock": 0,
            "eps": 1.92
        },
        "2023": {
            "cash": 0.8,
            "stock": 0.2,
            "eps": 1.64
        }
    },
    "dividends": {
        "2015-08-31": {
            "cash": 0.65,
            "stock": 0
        },
        "2016-10-07": {
            "cash": 0.39,
            "stock": 0.17
        },
        "2017-08-31": {
            "cash": 0.2,
            "stock": 0
        },
        "2018-08-08": {
            "cash": 0.42,
            "stock": 0
        },
        "2019-08-08": {
            "cash": 0.8,
            "stock": 0
        },
        "2020-08-31": {
            "cash": 1,
            "stock": 0
        },
        "2021-08-04": {
            "cash": 1.14,
            "stock": 0
        },
        "2022-07-18": {
            "cash": 0.52,
            "stock": 0
        },
        "2023-08-28": {
            "cash": 0.8,
            "stock": 0.2
        }
    },
    "prices": {
        "200101": "無",
        "200102": "無",
        "200103": "無",
        "200104": "無",
        "200105": "無",
        "200106": "無",
        "200107": "無",
        "200108": "無",
        "200109": "無",
        "200110": "無",
        "200111": "無",
        "200112": "無",
        "200201": "無",
        "200202": "無",
        "200203": "無",
        "200204": "無",
        "200205": "無",
        "200206": "無",
        "200207": "無",
        "200208": "無",
        "200209": "無",
        "200210": "無",
        "200211": "無",
        "200212": "無",
        "200301": "無",
        "200302": "無",
        "200303": "無",
        "200304": "無",
        "200305": "無",
        "200306": "無",
        "200307": "無",
        "200308": "無",
        "200309": "無",
        "200310": "無",
        "200311": "無",
        "200312": "無",
        "200401": "無",
        "200402": "無",
        "200403": "無",
        "200404": "無",
        "200405": "無",
        "200406": "無",
        "200407": "無",
        "200408": "無",
        "200409": "無",
        "200410": "無",
        "200411": "無",
        "200412": "無",
        "200501": "無",
        "200502": "無",
        "200503": "無",
        "200504": "無",
        "200505": "無",
        "200506": "無",
        "200507": "無",
        "200508": "無",
        "200509": "無",
        "200510": "無",
        "200511": "無",
        "200512": "無",
        "200601": "無",
        "200602": "無",
        "200603": "無",
        "200604": "無",
        "200605": "無",
        "200606": "無",
        "200607": "無",
        "200608": "無",
        "200609": "無",
        "200610": "無",
        "200611": "無",
        "200612": "無",
        "200701": "無",
        "200702": "無",
        "200703": "無",
        "200704": "無",
        "200705": "無",
        "200706": "無",
        "200707": "無",
        "200708": "無",
        "200709": "無",
        "200710": "無",
        "200711": "無",
        "200712": "無",
        "200801": "無",
        "200802": "無",
        "200803": "無",
        "200804": "無",
        "200805": "無",
        "200806": "無",
        "200807": "無",
        "200808": "無",
        "200809": "無",
        "200810": "無",
        "200811": "無",
        "200812": "無",
        "200901": "無",
        "200902": "無",
        "200903": "無",
        "200904": "無",
        "200905": "無",
        "200906": "無",
        "200907": "無",
        "200908": "無",
        "200909": "無",
        "200910": "無",
        "200911": "無",
        "200912": "無",
        "201001": "無",
        "201002": "無",
        "201003": "無",
        "201004": "無",
        "201005": "無",
        "201006": "無",
        "201007": "無",
        "201008": "無",
        "201009": "無",
        "201010": "無",
        "201011": "無",
        "201012": "無",
        "201101": "無",
        "201102": "無",
        "201103": "無",
        "201104": "無",
        "201105": "無",
        "201106": "無",
        "201107": "無",
        "201108": "無",
        "201109": "無",
        "201110": "無",
        "201111": "無",
        "201112": "無",
        "201201": "無",
        "201202": "無",
        "201203": "無",
        "201204": "無",
        "201205": "無",
        "201206": "無",
        "201207": "無",
        "201208": "無",
        "201209": "無",
        "201210": "無",
        "201211": "無",
        "201212": "無",
        "201301": "無",
        "201302": "無",
        "201303": "無",
        "201304": "無",
        "201305": "無",
        "201306": "無",
        "201307": "無",
        "201308": "無",
        "201309": "無",
        "201310": "無",
        "201311": "無",
        "201312": "無",
        "201401": "無",
        "201402": "無",
        "201403": "無",
        "201404": "無",
        "201405": "無",
        "201406": "無",
        "201407": "無",
        "201408": "無",
        "201409": "無",
        "201410": "24.89",
        "201411": "23.33",
        "201412": "24.48",
        "201501": "24.80",
        "201502": "24.84",
        "201503": "25.89",
        "201504": "25.38",
        "201505": "23.42",
        "201506": "23.90",
        "201507": "24.11",
        "201508": "21.58",
        "201509": "22.94",
        "201510": "22.77",
        "201511": "21.48",
        "201512": "24.53",
        "201601": "23.77",
        "201602": "22.76",
        "201603": "23.63",
        "201604": "24.45",
        "201605": "22.82",
        "201606": "22.98",
        "201607": "21.74",
        "201608": "19.65",
        "201609": "16.32",
        "201610": "17.92",
        "201611": "17.49",
        "201612": "18.83",
        "201701": "18.66",
        "201702": "18.35",
        "201703": "17.97",
        "201704": "17.70",
        "201705": "16.67",
        "201706": "15.96",
        "201707": "15.58",
        "201708": "16.06",
        "201709": "21.67",
        "201710": "22.97",
        "201711": "24.64",
        "201712": "23.84",
        "201801": "23.17",
        "201802": "20.71",
        "201803": "21.47",
        "201804": "23.12",
        "201805": "25.10",
        "201806": "23.18",
        "201807": "21.08",
        "201808": "22.54",
        "201809": "23.85",
        "201810": "19.76",
        "201811": "19.94",
        "201812": "20.49",
        "201901": "21.15",
        "201902": "22.28",
        "201903": "23.93",
        "201904": "24.36",
        "201905": "23.91",
        "201906": "23.13",
        "201907": "22.14",
        "201908": "21.04",
        "201909": "21.77",
        "201910": "21.48",
        "201911": "21.79",
        "201912": "22.68",
        "202001": "23.36",
        "202002": "22.62",
        "202003": "18.71",
        "202004": "18.79",
        "202005": "20.48",
        "202006": "22.67",
        "202007": "32.14",
        "202008": "37.71",
        "202009": "38.12",
        "202010": "54.19",
        "202011": "61.06",
        "202012": "64.55",
        "202101": "63.23",
        "202102": "60.06",
        "202103": "64.72",
        "202104": "65.21",
        "202105": "47.81",
        "202106": "47.55",
        "202107": "46.43",
        "202108": "40.14",
        "202109": "34.96",
        "202110": "40.02",
        "202111": "43.90",
        "202112": "46.55",
        "202201": "51.75",
        "202202": "48.21",
        "202203": "58.38",
        "202204": "62.39",
        "202205": "53.75",
        "202206": "49.57",
        "202207": "52.66",
        "202208": "55.23",
        "202209": "52.65",
        "202210": "43.22",
        "202211": "44.94",
        "202212": "47.00",
        "202301": "46.34",
        "202302": "47.28",
        "202303": "48.05",
        "202304": "53.94",
        "202305": "52.08",
        "202306": "50.42",
        "202307": "48.05",
        "202308": "42.35",
        "202309": "41.14",
        "202310": "37.28",
        "202311": "37.29",
        "202312": "38.16"
    },
    "quarters": {
        "20011": {
            "year_quarter": 20011,
            "year": 2001,
            "quarter": 1,
            "eps": null,
            "eps_growth_year": null,
            "eps_4q": null,
            "eps_4q_growth_year": null,
            "roe": null,
            "roe_4q": 0,
            "gross_profit": null,
            "gross_margin": null,
            "gross_margin_4q_avg": 0,
            "net_income": null,
            "net_income_4q": null,
            "revenue": null,
            "revenue_4q": null,
            "common_shares": null,
            "book_valuer_per_share": null,
            "book_valuer_per_share_4q_avg": 0,
            "equity": null,
            "current_ratio": null,
            "debt_ratio": null,
            "inventory_turnover_ratio": null,
            "account_receivable_turnover_ratio": null,
            "reinvestment_rate": null,
            "research_to_sale_ratio": null,
            "price_fair": 0,
            "eps_avg_yearly": 0,
            "eps_latest_yearly": 0,
            "eps_growth_yearly": 0
        },
        "20012": {
            "year_quarter": 20012,
            "year": 2001,
            "quarter": 2,
            "eps": null,
            "eps_growth_year": null,
            "eps_4q": null,
            "eps_4q_growth_year": null,
            "roe": null,
            "roe_4q": 0,
            "gross_profit": null,
            "gross_margin": null,
            "gross_margin_4q_avg": 0,
            "net_income": null,
            "net_income_4q": null,
            "revenue": null,
            "revenue_4q": null,
            "common_shares": null,
            "book_valuer_per_share": null,
            "book_valuer_per_share_4q_avg": 0,
            "equity": null,
            "current_ratio": null,
            "debt_ratio": null,
            "inventory_turnover_ratio": null,
            "account_receivable_turnover_ratio": null,
            "reinvestment_rate": null,
            "research_to_sale_ratio": null,
            "price_fair": 0,
            "eps_avg_yearly": 0,
            "eps_latest_yearly": 0,
            "eps_growth_yearly": 0
        },
        "20013": {
            "year_quarter": 20013,
            "year": 2001,
            "quarter": 3,
            "eps": null,
            "eps_growth_year": null,
            "eps_4q": null,
            "eps_4q_growth_year": null,
            "roe": null,
            "roe_4q": 0,
            "gross_profit": null,
            "gross_margin": null,
            "gross_margin_4q_avg": 0,
            "net_income": null,
            "net_income_4q": null,
            "revenue": null,
            "revenue_4q": null,
            "common_shares": null,
            "book_valuer_per_share": null,
            "book_valuer_per_share_4q_avg": 0,
            "equity": null,
            "current_ratio": null,
            "debt_ratio": null,
            "inventory_turnover_ratio": null,
            "account_receivable_turnover_ratio": null,
            "reinvestment_rate": null,
            "research_to_sale_ratio": null,
            "price_fair": 0,
            "eps_avg_yearly": 0,
            "eps_latest_yearly": 0,
            "eps_growth_yearly": 0
        },
        "20014": {
            "year_quarter": 20014,
            "year": 2001,
            "quarter": 4,
            "eps": null,
            "eps_growth_year": null,
            "eps_4q": null,
            "eps_4q_growth_year": null,
            "roe": null,
            "roe_4q": 0,
            "gross_profit": null,
            "gross_margin": null,
            "gross_margin_4q_avg": 0,
            "net_income": null,
            "net_income_4q": null,
            "revenue": null,
            "revenue_4q": null,
            "common_shares": null,
            "book_valuer_per_share": null,
            "book_valuer_per_share_4q_avg": 0,
            "equity": null,
            "current_ratio": null,
            "debt_ratio": null,
            "inventory_turnover_ratio": null,
            "account_receivable_turnover_ratio": null,
            "reinvestment_rate": null,
            "research_to_sale_ratio": null,
            "price_fair": 0,
            "eps_avg_yearly": 0,
            "eps_latest_yearly": 0,
            "eps_growth_yearly": 0
        },
        "20021": {
            "year_quarter": 20021,
            "year": 2002,
            "quarter": 1,
            "eps": null,
            "eps_growth_year": null,
            "eps_4q": null,
            "eps_4q_growth_year": null,
            "roe": null,
            "roe_4q": 0,
            "gross_profit": null,
            "gross_margin": null,
            "gross_margin_4q_avg": 0,
            "net_income": null,
            "net_income_4q": null,
            "revenue": null,
            "revenue_4q": null,
            "common_shares": null,
            "book_valuer_per_share": null,
            "book_valuer_per_share_4q_avg": 0,
            "equity": null,
            "current_ratio": null,
            "debt_ratio": null,
            "inventory_turnover_ratio": null,
            "account_receivable_turnover_ratio": null,
            "reinvestment_rate": null,
            "research_to_sale_ratio": null,
            "price_fair": 0,
            "eps_avg_yearly": 0,
            "eps_latest_yearly": 0,
            "eps_growth_yearly": 0
        },
        "20022": {
            "year_quarter": 20022,
            "year": 2002,
            "quarter": 2,
            "eps": null,
            "eps_growth_year": null,
            "eps_4q": null,
            "eps_4q_growth_year": null,
            "roe": null,
            "roe_4q": 0,
            "gross_profit": null,
            "gross_margin": null,
            "gross_margin_4q_avg": 0,
            "net_income": null,
            "net_income_4q": null,
            "revenue": null,
            "revenue_4q": null,
            "common_shares": null,
            "book_valuer_per_share": null,
            "book_valuer_per_share_4q_avg": 0,
            "equity": null,
            "current_ratio": null,
            "debt_ratio": null,
            "inventory_turnover_ratio": null,
            "account_receivable_turnover_ratio": null,
            "reinvestment_rate": null,
            "research_to_sale_ratio": null,
            "price_fair": 0,
            "eps_avg_yearly": 0,
            "eps_latest_yearly": 0,
            "eps_growth_yearly": 0
        },
        "20023": {
            "year_quarter": 20023,
            "year": 2002,
            "quarter": 3,
            "eps": null,
            "eps_growth_year": null,
            "eps_4q": null,
            "eps_4q_growth_year": null,
            "roe": null,
            "roe_4q": 0,
            "gross_profit": null,
            "gross_margin": null,
            "gross_margin_4q_avg": 0,
            "net_income": null,
            "net_income_4q": null,
            "revenue": null,
            "revenue_4q": null,
            "common_shares": null,
            "book_valuer_per_share": null,
            "book_valuer_per_share_4q_avg": 0,
            "equity": null,
            "current_ratio": null,
            "debt_ratio": null,
            "inventory_turnover_ratio": null,
            "account_receivable_turnover_ratio": null,
            "reinvestment_rate": null,
            "research_to_sale_ratio": null,
            "price_fair": 0,
            "eps_avg_yearly": 0,
            "eps_latest_yearly": 0,
            "eps_growth_yearly": 0
        },
        "20024": {
            "year_quarter": 20024,
            "year": 2002,
            "quarter": 4,
            "eps": null,
            "eps_growth_year": null,
            "eps_4q": null,
            "eps_4q_growth_year": null,
            "roe": null,
            "roe_4q": 0,
            "gross_profit": null,
            "gross_margin": null,
            "gross_margin_4q_avg": 0,
            "net_income": null,
            "net_income_4q": null,
            "revenue": null,
            "revenue_4q": null,
            "common_shares": null,
            "book_valuer_per_share": null,
            "book_valuer_per_share_4q_avg": 0,
            "equity": null,
            "current_ratio": null,
            "debt_ratio": null,
            "inventory_turnover_ratio": null,
            "account_receivable_turnover_ratio": null,
            "reinvestment_rate": null,
            "research_to_sale_ratio": null,
            "price_fair": 0,
            "eps_avg_yearly": 0,
            "eps_latest_yearly": 0,
            "eps_growth_yearly": 0
        },
        "20031": {
            "year_quarter": 20031,
            "year": 2003,
            "quarter": 1,
            "eps": null,
            "eps_growth_year": null,
            "eps_4q": null,
            "eps_4q_growth_year": null,
            "roe": null,
            "roe_4q": 0,
            "gross_profit": null,
            "gross_margin": null,
            "gross_margin_4q_avg": 0,
            "net_income": null,
            "net_income_4q": null,
            "revenue": null,
            "revenue_4q": null,
            "common_shares": null,
            "book_valuer_per_share": null,
            "book_valuer_per_share_4q_avg": 0,
            "equity": null,
            "current_ratio": null,
            "debt_ratio": null,
            "inventory_turnover_ratio": null,
            "account_receivable_turnover_ratio": null,
            "reinvestment_rate": null,
            "research_to_sale_ratio": null,
            "price_fair": 0,
            "eps_avg_yearly": 0,
            "eps_latest_yearly": 0,
            "eps_growth_yearly": 0
        },
        "20032": {
            "year_quarter": 20032,
            "year": 2003,
            "quarter": 2,
            "eps": null,
            "eps_growth_year": null,
            "eps_4q": null,
            "eps_4q_growth_year": null,
            "roe": null,
            "roe_4q": 0,
            "gross_profit": null,
            "gross_margin": null,
            "gross_margin_4q_avg": 0,
            "net_income": null,
            "net_income_4q": null,
            "revenue": null,
            "revenue_4q": null,
            "common_shares": null,
            "book_valuer_per_share": null,
            "book_valuer_per_share_4q_avg": 0,
            "equity": null,
            "current_ratio": null,
            "debt_ratio": null,
            "inventory_turnover_ratio": null,
            "account_receivable_turnover_ratio": null,
            "reinvestment_rate": null,
            "research_to_sale_ratio": null,
            "price_fair": 0,
            "eps_avg_yearly": 0,
            "eps_latest_yearly": 0,
            "eps_growth_yearly": 0
        },
        "20033": {
            "year_quarter": 20033,
            "year": 2003,
            "quarter": 3,
            "eps": null,
            "eps_growth_year": null,
            "eps_4q": null,
            "eps_4q_growth_year": null,
            "roe": null,
            "roe_4q": 0,
            "gross_profit": null,
            "gross_margin": null,
            "gross_margin_4q_avg": 0,
            "net_income": null,
            "net_income_4q": null,
            "revenue": null,
            "revenue_4q": null,
            "common_shares": null,
            "book_valuer_per_share": null,
            "book_valuer_per_share_4q_avg": 0,
            "equity": null,
            "current_ratio": null,
            "debt_ratio": null,
            "inventory_turnover_ratio": null,
            "account_receivable_turnover_ratio": null,
            "reinvestment_rate": null,
            "research_to_sale_ratio": null,
            "price_fair": 0,
            "eps_avg_yearly": 0,
            "eps_latest_yearly": 0,
            "eps_growth_yearly": 0
        },
        "20034": {
            "year_quarter": 20034,
            "year": 2003,
            "quarter": 4,
            "eps": null,
            "eps_growth_year": null,
            "eps_4q": null,
            "eps_4q_growth_year": null,
            "roe": null,
            "roe_4q": 0,
            "gross_profit": null,
            "gross_margin": null,
            "gross_margin_4q_avg": 0,
            "net_income": null,
            "net_income_4q": null,
            "revenue": null,
            "revenue_4q": null,
            "common_shares": null,
            "book_valuer_per_share": null,
            "book_valuer_per_share_4q_avg": 0,
            "equity": null,
            "current_ratio": null,
            "debt_ratio": null,
            "inventory_turnover_ratio": null,
            "account_receivable_turnover_ratio": null,
            "reinvestment_rate": null,
            "research_to_sale_ratio": null,
            "price_fair": 0,
            "eps_avg_yearly": 0,
            "eps_latest_yearly": 0,
            "eps_growth_yearly": 0
        },
        "20041": {
            "year_quarter": 20041,
            "year": 2004,
            "quarter": 1,
            "eps": null,
            "eps_growth_year": null,
            "eps_4q": null,
            "eps_4q_growth_year": null,
            "roe": null,
            "roe_4q": 0,
            "gross_profit": null,
            "gross_margin": null,
            "gross_margin_4q_avg": 0,
            "net_income": null,
            "net_income_4q": null,
            "revenue": null,
            "revenue_4q": null,
            "common_shares": null,
            "book_valuer_per_share": null,
            "book_valuer_per_share_4q_avg": 0,
            "equity": null,
            "current_ratio": null,
            "debt_ratio": null,
            "inventory_turnover_ratio": null,
            "account_receivable_turnover_ratio": null,
            "reinvestment_rate": null,
            "research_to_sale_ratio": null,
            "price_fair": 0,
            "eps_avg_yearly": 0,
            "eps_latest_yearly": 0,
            "eps_growth_yearly": 0
        },
        "20042": {
            "year_quarter": 20042,
            "year": 2004,
            "quarter": 2,
            "eps": null,
            "eps_growth_year": null,
            "eps_4q": null,
            "eps_4q_growth_year": null,
            "roe": null,
            "roe_4q": 0,
            "gross_profit": null,
            "gross_margin": null,
            "gross_margin_4q_avg": 0,
            "net_income": null,
            "net_income_4q": null,
            "revenue": null,
            "revenue_4q": null,
            "common_shares": null,
            "book_valuer_per_share": null,
            "book_valuer_per_share_4q_avg": 0,
            "equity": null,
            "current_ratio": null,
            "debt_ratio": null,
            "inventory_turnover_ratio": null,
            "account_receivable_turnover_ratio": null,
            "reinvestment_rate": null,
            "research_to_sale_ratio": null,
            "price_fair": 0,
            "eps_avg_yearly": 0,
            "eps_latest_yearly": 0,
            "eps_growth_yearly": 0
        },
        "20043": {
            "year_quarter": 20043,
            "year": 2004,
            "quarter": 3,
            "eps": null,
            "eps_growth_year": null,
            "eps_4q": null,
            "eps_4q_growth_year": null,
            "roe": null,
            "roe_4q": 0,
            "gross_profit": null,
            "gross_margin": null,
            "gross_margin_4q_avg": 0,
            "net_income": null,
            "net_income_4q": null,
            "revenue": null,
            "revenue_4q": null,
            "common_shares": null,
            "book_valuer_per_share": null,
            "book_valuer_per_share_4q_avg": 0,
            "equity": null,
            "current_ratio": null,
            "debt_ratio": null,
            "inventory_turnover_ratio": null,
            "account_receivable_turnover_ratio": null,
            "reinvestment_rate": null,
            "research_to_sale_ratio": null,
            "price_fair": 0,
            "eps_avg_yearly": 0,
            "eps_latest_yearly": 0,
            "eps_growth_yearly": 0
        },
        "20044": {
            "year_quarter": 20044,
            "year": 2004,
            "quarter": 4,
            "eps": null,
            "eps_growth_year": null,
            "eps_4q": null,
            "eps_4q_growth_year": null,
            "roe": null,
            "roe_4q": 0,
            "gross_profit": null,
            "gross_margin": null,
            "gross_margin_4q_avg": 0,
            "net_income": null,
            "net_income_4q": null,
            "revenue": null,
            "revenue_4q": null,
            "common_shares": null,
            "book_valuer_per_share": null,
            "book_valuer_per_share_4q_avg": 0,
            "equity": null,
            "current_ratio": null,
            "debt_ratio": null,
            "inventory_turnover_ratio": null,
            "account_receivable_turnover_ratio": null,
            "reinvestment_rate": null,
            "research_to_sale_ratio": null,
            "price_fair": 0,
            "eps_avg_yearly": 0,
            "eps_latest_yearly": 0,
            "eps_growth_yearly": 0
        },
        "20051": {
            "year_quarter": 20051,
            "year": 2005,
            "quarter": 1,
            "eps": null,
            "eps_growth_year": null,
            "eps_4q": null,
            "eps_4q_growth_year": null,
            "roe": null,
            "roe_4q": 0,
            "gross_profit": null,
            "gross_margin": null,
            "gross_margin_4q_avg": 0,
            "net_income": null,
            "net_income_4q": null,
            "revenue": null,
            "revenue_4q": null,
            "common_shares": null,
            "book_valuer_per_share": null,
            "book_valuer_per_share_4q_avg": 0,
            "equity": null,
            "current_ratio": null,
            "debt_ratio": null,
            "inventory_turnover_ratio": null,
            "account_receivable_turnover_ratio": null,
            "reinvestment_rate": null,
            "research_to_sale_ratio": null,
            "price_fair": 0,
            "eps_avg_yearly": 0,
            "eps_latest_yearly": 0,
            "eps_growth_yearly": 0
        },
        "20052": {
            "year_quarter": 20052,
            "year": 2005,
            "quarter": 2,
            "eps": null,
            "eps_growth_year": null,
            "eps_4q": null,
            "eps_4q_growth_year": null,
            "roe": null,
            "roe_4q": 0,
            "gross_profit": null,
            "gross_margin": null,
            "gross_margin_4q_avg": 0,
            "net_income": null,
            "net_income_4q": null,
            "revenue": null,
            "revenue_4q": null,
            "common_shares": null,
            "book_valuer_per_share": null,
            "book_valuer_per_share_4q_avg": 0,
            "equity": null,
            "current_ratio": null,
            "debt_ratio": null,
            "inventory_turnover_ratio": null,
            "account_receivable_turnover_ratio": null,
            "reinvestment_rate": null,
            "research_to_sale_ratio": null,
            "price_fair": 0,
            "eps_avg_yearly": 0,
            "eps_latest_yearly": 0,
            "eps_growth_yearly": 0
        },
        "20053": {
            "year_quarter": 20053,
            "year": 2005,
            "quarter": 3,
            "eps": null,
            "eps_growth_year": null,
            "eps_4q": null,
            "eps_4q_growth_year": null,
            "roe": null,
            "roe_4q": 0,
            "gross_profit": null,
            "gross_margin": null,
            "gross_margin_4q_avg": 0,
            "net_income": null,
            "net_income_4q": null,
            "revenue": null,
            "revenue_4q": null,
            "common_shares": null,
            "book_valuer_per_share": null,
            "book_valuer_per_share_4q_avg": 0,
            "equity": null,
            "current_ratio": null,
            "debt_ratio": null,
            "inventory_turnover_ratio": null,
            "account_receivable_turnover_ratio": null,
            "reinvestment_rate": null,
            "research_to_sale_ratio": null,
            "price_fair": 0,
            "eps_avg_yearly": 0,
            "eps_latest_yearly": 0,
            "eps_growth_yearly": 0
        },
        "20054": {
            "year_quarter": 20054,
            "year": 2005,
            "quarter": 4,
            "eps": null,
            "eps_growth_year": null,
            "eps_4q": null,
            "eps_4q_growth_year": null,
            "roe": null,
            "roe_4q": 0,
            "gross_profit": null,
            "gross_margin": null,
            "gross_margin_4q_avg": 0,
            "net_income": null,
            "net_income_4q": null,
            "revenue": null,
            "revenue_4q": null,
            "common_shares": null,
            "book_valuer_per_share": null,
            "book_valuer_per_share_4q_avg": 0,
            "equity": null,
            "current_ratio": null,
            "debt_ratio": null,
            "inventory_turnover_ratio": null,
            "account_receivable_turnover_ratio": null,
            "reinvestment_rate": null,
            "research_to_sale_ratio": null,
            "price_fair": 0,
            "eps_avg_yearly": 0,
            "eps_latest_yearly": 0,
            "eps_growth_yearly": 0
        },
        "20061": {
            "year_quarter": 20061,
            "year": 2006,
            "quarter": 1,
            "eps": null,
            "eps_growth_year": null,
            "eps_4q": null,
            "eps_4q_growth_year": null,
            "roe": null,
            "roe_4q": 0,
            "gross_profit": null,
            "gross_margin": null,
            "gross_margin_4q_avg": 0,
            "net_income": null,
            "net_income_4q": null,
            "revenue": null,
            "revenue_4q": null,
            "common_shares": null,
            "book_valuer_per_share": null,
            "book_valuer_per_share_4q_avg": 0,
            "equity": null,
            "current_ratio": null,
            "debt_ratio": null,
            "inventory_turnover_ratio": null,
            "account_receivable_turnover_ratio": null,
            "reinvestment_rate": null,
            "research_to_sale_ratio": null,
            "price_fair": 0,
            "eps_avg_yearly": 0,
            "eps_latest_yearly": 0,
            "eps_growth_yearly": 0
        },
        "20062": {
            "year_quarter": 20062,
            "year": 2006,
            "quarter": 2,
            "eps": null,
            "eps_growth_year": null,
            "eps_4q": null,
            "eps_4q_growth_year": null,
            "roe": null,
            "roe_4q": 0,
            "gross_profit": null,
            "gross_margin": null,
            "gross_margin_4q_avg": 0,
            "net_income": null,
            "net_income_4q": null,
            "revenue": null,
            "revenue_4q": null,
            "common_shares": null,
            "book_valuer_per_share": null,
            "book_valuer_per_share_4q_avg": 0,
            "equity": null,
            "current_ratio": null,
            "debt_ratio": null,
            "inventory_turnover_ratio": null,
            "account_receivable_turnover_ratio": null,
            "reinvestment_rate": null,
            "research_to_sale_ratio": null,
            "price_fair": 0,
            "eps_avg_yearly": 0,
            "eps_latest_yearly": 0,
            "eps_growth_yearly": 0
        },
        "20063": {
            "year_quarter": 20063,
            "year": 2006,
            "quarter": 3,
            "eps": null,
            "eps_growth_year": null,
            "eps_4q": null,
            "eps_4q_growth_year": null,
            "roe": null,
            "roe_4q": 0,
            "gross_profit": null,
            "gross_margin": null,
            "gross_margin_4q_avg": 0,
            "net_income": null,
            "net_income_4q": null,
            "revenue": null,
            "revenue_4q": null,
            "common_shares": null,
            "book_valuer_per_share": null,
            "book_valuer_per_share_4q_avg": 0,
            "equity": null,
            "current_ratio": null,
            "debt_ratio": null,
            "inventory_turnover_ratio": null,
            "account_receivable_turnover_ratio": null,
            "reinvestment_rate": null,
            "research_to_sale_ratio": null,
            "price_fair": 0,
            "eps_avg_yearly": 0,
            "eps_latest_yearly": 0,
            "eps_growth_yearly": 0
        },
        "20064": {
            "year_quarter": 20064,
            "year": 2006,
            "quarter": 4,
            "eps": null,
            "eps_growth_year": null,
            "eps_4q": null,
            "eps_4q_growth_year": null,
            "roe": null,
            "roe_4q": 0,
            "gross_profit": null,
            "gross_margin": null,
            "gross_margin_4q_avg": 0,
            "net_income": null,
            "net_income_4q": null,
            "revenue": null,
            "revenue_4q": null,
            "common_shares": null,
            "book_valuer_per_share": null,
            "book_valuer_per_share_4q_avg": 0,
            "equity": null,
            "current_ratio": null,
            "debt_ratio": null,
            "inventory_turnover_ratio": null,
            "account_receivable_turnover_ratio": null,
            "reinvestment_rate": null,
            "research_to_sale_ratio": null,
            "price_fair": 0,
            "eps_avg_yearly": 0,
            "eps_latest_yearly": 0,
            "eps_growth_yearly": 0
        },
        "20071": {
            "year_quarter": 20071,
            "year": 2007,
            "quarter": 1,
            "eps": null,
            "eps_growth_year": null,
            "eps_4q": null,
            "eps_4q_growth_year": null,
            "roe": null,
            "roe_4q": 0,
            "gross_profit": null,
            "gross_margin": null,
            "gross_margin_4q_avg": 0,
            "net_income": null,
            "net_income_4q": null,
            "revenue": null,
            "revenue_4q": null,
            "common_shares": null,
            "book_valuer_per_share": null,
            "book_valuer_per_share_4q_avg": 0,
            "equity": null,
            "current_ratio": null,
            "debt_ratio": null,
            "inventory_turnover_ratio": null,
            "account_receivable_turnover_ratio": null,
            "reinvestment_rate": null,
            "research_to_sale_ratio": null,
            "price_fair": 0,
            "eps_avg_yearly": 0,
            "eps_latest_yearly": 0,
            "eps_growth_yearly": 0
        },
        "20072": {
            "year_quarter": 20072,
            "year": 2007,
            "quarter": 2,
            "eps": null,
            "eps_growth_year": null,
            "eps_4q": null,
            "eps_4q_growth_year": null,
            "roe": null,
            "roe_4q": 0,
            "gross_profit": null,
            "gross_margin": null,
            "gross_margin_4q_avg": 0,
            "net_income": null,
            "net_income_4q": null,
            "revenue": null,
            "revenue_4q": null,
            "common_shares": null,
            "book_valuer_per_share": null,
            "book_valuer_per_share_4q_avg": 0,
            "equity": null,
            "current_ratio": null,
            "debt_ratio": null,
            "inventory_turnover_ratio": null,
            "account_receivable_turnover_ratio": null,
            "reinvestment_rate": null,
            "research_to_sale_ratio": null,
            "price_fair": 0,
            "eps_avg_yearly": 0,
            "eps_latest_yearly": 0,
            "eps_growth_yearly": 0
        },
        "20073": {
            "year_quarter": 20073,
            "year": 2007,
            "quarter": 3,
            "eps": null,
            "eps_growth_year": null,
            "eps_4q": null,
            "eps_4q_growth_year": null,
            "roe": null,
            "roe_4q": 0,
            "gross_profit": null,
            "gross_margin": null,
            "gross_margin_4q_avg": 0,
            "net_income": null,
            "net_income_4q": null,
            "revenue": null,
            "revenue_4q": null,
            "common_shares": null,
            "book_valuer_per_share": null,
            "book_valuer_per_share_4q_avg": 0,
            "equity": null,
            "current_ratio": null,
            "debt_ratio": null,
            "inventory_turnover_ratio": null,
            "account_receivable_turnover_ratio": null,
            "reinvestment_rate": null,
            "research_to_sale_ratio": null,
            "price_fair": 0,
            "eps_avg_yearly": 0,
            "eps_latest_yearly": 0,
            "eps_growth_yearly": 0
        },
        "20074": {
            "year_quarter": 20074,
            "year": 2007,
            "quarter": 4,
            "eps": null,
            "eps_growth_year": null,
            "eps_4q": null,
            "eps_4q_growth_year": null,
            "roe": null,
            "roe_4q": 0,
            "gross_profit": null,
            "gross_margin": null,
            "gross_margin_4q_avg": 0,
            "net_income": null,
            "net_income_4q": null,
            "revenue": null,
            "revenue_4q": null,
            "common_shares": null,
            "book_valuer_per_share": null,
            "book_valuer_per_share_4q_avg": 0,
            "equity": null,
            "current_ratio": null,
            "debt_ratio": null,
            "inventory_turnover_ratio": null,
            "account_receivable_turnover_ratio": null,
            "reinvestment_rate": null,
            "research_to_sale_ratio": null,
            "price_fair": 0,
            "eps_avg_yearly": 0,
            "eps_latest_yearly": 0,
            "eps_growth_yearly": 0
        },
        "20081": {
            "year_quarter": 20081,
            "year": 2008,
            "quarter": 1,
            "eps": null,
            "eps_growth_year": null,
            "eps_4q": null,
            "eps_4q_growth_year": null,
            "roe": null,
            "roe_4q": 0,
            "gross_profit": null,
            "gross_margin": null,
            "gross_margin_4q_avg": 0,
            "net_income": null,
            "net_income_4q": null,
            "revenue": null,
            "revenue_4q": null,
            "common_shares": null,
            "book_valuer_per_share": null,
            "book_valuer_per_share_4q_avg": 0,
            "equity": null,
            "current_ratio": null,
            "debt_ratio": null,
            "inventory_turnover_ratio": null,
            "account_receivable_turnover_ratio": null,
            "reinvestment_rate": null,
            "research_to_sale_ratio": null,
            "price_fair": 0,
            "eps_avg_yearly": 0,
            "eps_latest_yearly": 0,
            "eps_growth_yearly": 0
        },
        "20082": {
            "year_quarter": 20082,
            "year": 2008,
            "quarter": 2,
            "eps": null,
            "eps_growth_year": null,
            "eps_4q": null,
            "eps_4q_growth_year": null,
            "roe": null,
            "roe_4q": 0,
            "gross_profit": null,
            "gross_margin": null,
            "gross_margin_4q_avg": 0,
            "net_income": null,
            "net_income_4q": null,
            "revenue": null,
            "revenue_4q": null,
            "common_shares": null,
            "book_valuer_per_share": null,
            "book_valuer_per_share_4q_avg": 0,
            "equity": null,
            "current_ratio": null,
            "debt_ratio": null,
            "inventory_turnover_ratio": null,
            "account_receivable_turnover_ratio": null,
            "reinvestment_rate": null,
            "research_to_sale_ratio": null,
            "price_fair": 0,
            "eps_avg_yearly": 0,
            "eps_latest_yearly": 0,
            "eps_growth_yearly": 0
        },
        "20083": {
            "year_quarter": 20083,
            "year": 2008,
            "quarter": 3,
            "eps": null,
            "eps_growth_year": null,
            "eps_4q": null,
            "eps_4q_growth_year": null,
            "roe": null,
            "roe_4q": 0,
            "gross_profit": null,
            "gross_margin": null,
            "gross_margin_4q_avg": 0,
            "net_income": null,
            "net_income_4q": null,
            "revenue": null,
            "revenue_4q": null,
            "common_shares": null,
            "book_valuer_per_share": null,
            "book_valuer_per_share_4q_avg": 0,
            "equity": null,
            "current_ratio": null,
            "debt_ratio": null,
            "inventory_turnover_ratio": null,
            "account_receivable_turnover_ratio": null,
            "reinvestment_rate": null,
            "research_to_sale_ratio": null,
            "price_fair": 0,
            "eps_avg_yearly": 0,
            "eps_latest_yearly": 0,
            "eps_growth_yearly": 0
        },
        "20084": {
            "year_quarter": 20084,
            "year": 2008,
            "quarter": 4,
            "eps": null,
            "eps_growth_year": null,
            "eps_4q": null,
            "eps_4q_growth_year": null,
            "roe": null,
            "roe_4q": 0,
            "gross_profit": null,
            "gross_margin": null,
            "gross_margin_4q_avg": 0,
            "net_income": null,
            "net_income_4q": null,
            "revenue": null,
            "revenue_4q": null,
            "common_shares": null,
            "book_valuer_per_share": null,
            "book_valuer_per_share_4q_avg": 0,
            "equity": null,
            "current_ratio": null,
            "debt_ratio": null,
            "inventory_turnover_ratio": null,
            "account_receivable_turnover_ratio": null,
            "reinvestment_rate": null,
            "research_to_sale_ratio": null,
            "price_fair": 0,
            "eps_avg_yearly": 0,
            "eps_latest_yearly": 0,
            "eps_growth_yearly": 0
        },
        "20091": {
            "year_quarter": 20091,
            "year": 2009,
            "quarter": 1,
            "eps": null,
            "eps_growth_year": null,
            "eps_4q": null,
            "eps_4q_growth_year": null,
            "roe": null,
            "roe_4q": 0,
            "gross_profit": null,
            "gross_margin": null,
            "gross_margin_4q_avg": 0,
            "net_income": null,
            "net_income_4q": null,
            "revenue": null,
            "revenue_4q": null,
            "common_shares": null,
            "book_valuer_per_share": null,
            "book_valuer_per_share_4q_avg": 0,
            "equity": null,
            "current_ratio": null,
            "debt_ratio": null,
            "inventory_turnover_ratio": null,
            "account_receivable_turnover_ratio": null,
            "reinvestment_rate": null,
            "research_to_sale_ratio": null,
            "price_fair": 0,
            "eps_avg_yearly": 0,
            "eps_latest_yearly": 0,
            "eps_growth_yearly": 0
        },
        "20092": {
            "year_quarter": 20092,
            "year": 2009,
            "quarter": 2,
            "eps": null,
            "eps_growth_year": null,
            "eps_4q": null,
            "eps_4q_growth_year": null,
            "roe": null,
            "roe_4q": 0,
            "gross_profit": null,
            "gross_margin": null,
            "gross_margin_4q_avg": 0,
            "net_income": null,
            "net_income_4q": null,
            "revenue": null,
            "revenue_4q": null,
            "common_shares": null,
            "book_valuer_per_share": null,
            "book_valuer_per_share_4q_avg": 0,
            "equity": null,
            "current_ratio": null,
            "debt_ratio": null,
            "inventory_turnover_ratio": null,
            "account_receivable_turnover_ratio": null,
            "reinvestment_rate": null,
            "research_to_sale_ratio": null,
            "price_fair": 0,
            "eps_avg_yearly": 0,
            "eps_latest_yearly": 0,
            "eps_growth_yearly": 0
        },
        "20093": {
            "year_quarter": 20093,
            "year": 2009,
            "quarter": 3,
            "eps": null,
            "eps_growth_year": null,
            "eps_4q": null,
            "eps_4q_growth_year": null,
            "roe": null,
            "roe_4q": 0,
            "gross_profit": null,
            "gross_margin": null,
            "gross_margin_4q_avg": 0,
            "net_income": null,
            "net_income_4q": null,
            "revenue": null,
            "revenue_4q": null,
            "common_shares": null,
            "book_valuer_per_share": null,
            "book_valuer_per_share_4q_avg": 0,
            "equity": null,
            "current_ratio": null,
            "debt_ratio": null,
            "inventory_turnover_ratio": null,
            "account_receivable_turnover_ratio": null,
            "reinvestment_rate": null,
            "research_to_sale_ratio": null,
            "price_fair": 0,
            "eps_avg_yearly": 0,
            "eps_latest_yearly": 0,
            "eps_growth_yearly": 0
        },
        "20094": {
            "year_quarter": 20094,
            "year": 2009,
            "quarter": 4,
            "eps": null,
            "eps_growth_year": null,
            "eps_4q": null,
            "eps_4q_growth_year": null,
            "roe": null,
            "roe_4q": 0,
            "gross_profit": null,
            "gross_margin": null,
            "gross_margin_4q_avg": 0,
            "net_income": null,
            "net_income_4q": null,
            "revenue": null,
            "revenue_4q": null,
            "common_shares": null,
            "book_valuer_per_share": null,
            "book_valuer_per_share_4q_avg": 0,
            "equity": null,
            "current_ratio": null,
            "debt_ratio": null,
            "inventory_turnover_ratio": null,
            "account_receivable_turnover_ratio": null,
            "reinvestment_rate": null,
            "research_to_sale_ratio": null,
            "price_fair": 0,
            "eps_avg_yearly": 0,
            "eps_latest_yearly": 0,
            "eps_growth_yearly": 0
        },
        "20101": {
            "year_quarter": 20101,
            "year": 2010,
            "quarter": 1,
            "eps": null,
            "eps_growth_year": null,
            "eps_4q": null,
            "eps_4q_growth_year": null,
            "roe": null,
            "roe_4q": 0,
            "gross_profit": null,
            "gross_margin": null,
            "gross_margin_4q_avg": 0,
            "net_income": null,
            "net_income_4q": null,
            "revenue": null,
            "revenue_4q": null,
            "common_shares": null,
            "book_valuer_per_share": null,
            "book_valuer_per_share_4q_avg": 0,
            "equity": null,
            "current_ratio": null,
            "debt_ratio": null,
            "inventory_turnover_ratio": null,
            "account_receivable_turnover_ratio": null,
            "reinvestment_rate": null,
            "research_to_sale_ratio": null,
            "price_fair": 0,
            "eps_avg_yearly": 0,
            "eps_latest_yearly": 0,
            "eps_growth_yearly": 0
        },
        "20102": {
            "year_quarter": 20102,
            "year": 2010,
            "quarter": 2,
            "eps": null,
            "eps_growth_year": null,
            "eps_4q": null,
            "eps_4q_growth_year": null,
            "roe": null,
            "roe_4q": 0,
            "gross_profit": null,
            "gross_margin": null,
            "gross_margin_4q_avg": 0,
            "net_income": null,
            "net_income_4q": null,
            "revenue": null,
            "revenue_4q": null,
            "common_shares": null,
            "book_valuer_per_share": null,
            "book_valuer_per_share_4q_avg": 0,
            "equity": null,
            "current_ratio": null,
            "debt_ratio": null,
            "inventory_turnover_ratio": null,
            "account_receivable_turnover_ratio": null,
            "reinvestment_rate": null,
            "research_to_sale_ratio": null,
            "price_fair": 0,
            "eps_avg_yearly": 0,
            "eps_latest_yearly": 0,
            "eps_growth_yearly": 0
        },
        "20103": {
            "year_quarter": 20103,
            "year": 2010,
            "quarter": 3,
            "eps": null,
            "eps_growth_year": null,
            "eps_4q": null,
            "eps_4q_growth_year": null,
            "roe": null,
            "roe_4q": 0,
            "gross_profit": null,
            "gross_margin": null,
            "gross_margin_4q_avg": 0,
            "net_income": null,
            "net_income_4q": null,
            "revenue": null,
            "revenue_4q": null,
            "common_shares": null,
            "book_valuer_per_share": null,
            "book_valuer_per_share_4q_avg": 0,
            "equity": null,
            "current_ratio": null,
            "debt_ratio": null,
            "inventory_turnover_ratio": null,
            "account_receivable_turnover_ratio": null,
            "reinvestment_rate": null,
            "research_to_sale_ratio": null,
            "price_fair": 0,
            "eps_avg_yearly": 0,
            "eps_latest_yearly": 0,
            "eps_growth_yearly": 0
        },
        "20104": {
            "year_quarter": 20104,
            "year": 2010,
            "quarter": 4,
            "eps": null,
            "eps_growth_year": null,
            "eps_4q": null,
            "eps_4q_growth_year": null,
            "roe": null,
            "roe_4q": 0,
            "gross_profit": null,
            "gross_margin": null,
            "gross_margin_4q_avg": 0,
            "net_income": null,
            "net_income_4q": null,
            "revenue": null,
            "revenue_4q": null,
            "common_shares": null,
            "book_valuer_per_share": null,
            "book_valuer_per_share_4q_avg": 0,
            "equity": null,
            "current_ratio": null,
            "debt_ratio": null,
            "inventory_turnover_ratio": null,
            "account_receivable_turnover_ratio": null,
            "reinvestment_rate": null,
            "research_to_sale_ratio": null,
            "price_fair": 0,
            "eps_avg_yearly": 0,
            "eps_latest_yearly": 0,
            "eps_growth_yearly": 0
        },
        "20111": {
            "year_quarter": 20111,
            "year": 2011,
            "quarter": 1,
            "eps": null,
            "eps_growth_year": null,
            "eps_4q": null,
            "eps_4q_growth_year": null,
            "roe": null,
            "roe_4q": 0,
            "gross_profit": null,
            "gross_margin": null,
            "gross_margin_4q_avg": 0,
            "net_income": null,
            "net_income_4q": null,
            "revenue": null,
            "revenue_4q": null,
            "common_shares": null,
            "book_valuer_per_share": null,
            "book_valuer_per_share_4q_avg": 0,
            "equity": null,
            "current_ratio": null,
            "debt_ratio": null,
            "inventory_turnover_ratio": null,
            "account_receivable_turnover_ratio": null,
            "reinvestment_rate": null,
            "research_to_sale_ratio": null,
            "price_fair": 0,
            "eps_avg_yearly": 0,
            "eps_latest_yearly": 0,
            "eps_growth_yearly": 0
        },
        "20112": {
            "year_quarter": 20112,
            "year": 2011,
            "quarter": 2,
            "eps": null,
            "eps_growth_year": null,
            "eps_4q": null,
            "eps_4q_growth_year": null,
            "roe": null,
            "roe_4q": 0,
            "gross_profit": null,
            "gross_margin": null,
            "gross_margin_4q_avg": 0,
            "net_income": null,
            "net_income_4q": null,
            "revenue": null,
            "revenue_4q": null,
            "common_shares": null,
            "book_valuer_per_share": null,
            "book_valuer_per_share_4q_avg": 0,
            "equity": null,
            "current_ratio": null,
            "debt_ratio": null,
            "inventory_turnover_ratio": null,
            "account_receivable_turnover_ratio": null,
            "reinvestment_rate": null,
            "research_to_sale_ratio": null,
            "price_fair": 0,
            "eps_avg_yearly": 0,
            "eps_latest_yearly": 0,
            "eps_growth_yearly": 0
        },
        "20113": {
            "year_quarter": 20113,
            "year": 2011,
            "quarter": 3,
            "eps": null,
            "eps_growth_year": null,
            "eps_4q": null,
            "eps_4q_growth_year": null,
            "roe": null,
            "roe_4q": 0,
            "gross_profit": null,
            "gross_margin": null,
            "gross_margin_4q_avg": 0,
            "net_income": null,
            "net_income_4q": null,
            "revenue": null,
            "revenue_4q": null,
            "common_shares": null,
            "book_valuer_per_share": null,
            "book_valuer_per_share_4q_avg": 0,
            "equity": null,
            "current_ratio": null,
            "debt_ratio": null,
            "inventory_turnover_ratio": null,
            "account_receivable_turnover_ratio": null,
            "reinvestment_rate": null,
            "research_to_sale_ratio": null,
            "price_fair": 0,
            "eps_avg_yearly": 0,
            "eps_latest_yearly": 0,
            "eps_growth_yearly": 0
        },
        "20114": {
            "year_quarter": 20114,
            "year": 2011,
            "quarter": 4,
            "eps": null,
            "eps_growth_year": null,
            "eps_4q": null,
            "eps_4q_growth_year": null,
            "roe": null,
            "roe_4q": 0,
            "gross_profit": null,
            "gross_margin": null,
            "gross_margin_4q_avg": 0,
            "net_income": null,
            "net_income_4q": null,
            "revenue": null,
            "revenue_4q": null,
            "common_shares": 362000,
            "book_valuer_per_share": 10.73,
            "book_valuer_per_share_4q_avg": 2.68,
            "equity": 388325,
            "current_ratio": 313.39,
            "debt_ratio": 51.49,
            "inventory_turnover_ratio": null,
            "account_receivable_turnover_ratio": null,
            "reinvestment_rate": null,
            "research_to_sale_ratio": null,
            "price_fair": 0,
            "eps_avg_yearly": 0,
            "eps_latest_yearly": 0,
            "eps_growth_yearly": 0
        },
        "20121": {
            "year_quarter": 20121,
            "year": 2012,
            "quarter": 1,
            "eps": null,
            "eps_growth_year": null,
            "eps_4q": null,
            "eps_4q_growth_year": null,
            "roe": null,
            "roe_4q": 0,
            "gross_profit": null,
            "gross_margin": null,
            "gross_margin_4q_avg": 0,
            "net_income": null,
            "net_income_4q": null,
            "revenue": null,
            "revenue_4q": null,
            "common_shares": null,
            "book_valuer_per_share": null,
            "book_valuer_per_share_4q_avg": 2.68,
            "equity": null,
            "current_ratio": null,
            "debt_ratio": null,
            "inventory_turnover_ratio": null,
            "account_receivable_turnover_ratio": null,
            "reinvestment_rate": null,
            "research_to_sale_ratio": null,
            "price_fair": 0,
            "eps_avg_yearly": 0,
            "eps_latest_yearly": 0,
            "eps_growth_yearly": 0
        },
        "20122": {
            "year_quarter": 20122,
            "year": 2012,
            "quarter": 2,
            "eps": null,
            "eps_growth_year": null,
            "eps_4q": null,
            "eps_4q_growth_year": null,
            "roe": null,
            "roe_4q": 0,
            "gross_profit": null,
            "gross_margin": null,
            "gross_margin_4q_avg": 0,
            "net_income": null,
            "net_income_4q": null,
            "revenue": null,
            "revenue_4q": null,
            "common_shares": null,
            "book_valuer_per_share": null,
            "book_valuer_per_share_4q_avg": 2.68,
            "equity": null,
            "current_ratio": null,
            "debt_ratio": null,
            "inventory_turnover_ratio": null,
            "account_receivable_turnover_ratio": null,
            "reinvestment_rate": null,
            "research_to_sale_ratio": null,
            "price_fair": 0,
            "eps_avg_yearly": 0,
            "eps_latest_yearly": 0,
            "eps_growth_yearly": 0
        },
        "20123": {
            "year_quarter": 20123,
            "year": 2012,
            "quarter": 3,
            "eps": null,
            "eps_growth_year": null,
            "eps_4q": null,
            "eps_4q_growth_year": null,
            "roe": null,
            "roe_4q": 0,
            "gross_profit": null,
            "gross_margin": null,
            "gross_margin_4q_avg": 0,
            "net_income": null,
            "net_income_4q": null,
            "revenue": null,
            "revenue_4q": null,
            "common_shares": null,
            "book_valuer_per_share": null,
            "book_valuer_per_share_4q_avg": 2.68,
            "equity": null,
            "current_ratio": null,
            "debt_ratio": null,
            "inventory_turnover_ratio": null,
            "account_receivable_turnover_ratio": null,
            "reinvestment_rate": null,
            "research_to_sale_ratio": null,
            "price_fair": 0,
            "eps_avg_yearly": 0,
            "eps_latest_yearly": 0,
            "eps_growth_yearly": 0
        },
        "20124": {
            "year_quarter": 20124,
            "year": 2012,
            "quarter": 4,
            "eps": null,
            "eps_growth_year": null,
            "eps_4q": null,
            "eps_4q_growth_year": null,
            "roe": null,
            "roe_4q": 0,
            "gross_profit": null,
            "gross_margin": null,
            "gross_margin_4q_avg": 0,
            "net_income": null,
            "net_income_4q": null,
            "revenue": null,
            "revenue_4q": null,
            "common_shares": 450000,
            "book_valuer_per_share": 10.15,
            "book_valuer_per_share_4q_avg": 2.54,
            "equity": 456691,
            "current_ratio": 376.08,
            "debt_ratio": 45.26,
            "inventory_turnover_ratio": null,
            "account_receivable_turnover_ratio": null,
            "reinvestment_rate": null,
            "research_to_sale_ratio": null,
            "price_fair": 0,
            "eps_avg_yearly": 0,
            "eps_latest_yearly": 0,
            "eps_growth_yearly": 0
        },
        "20131": {
            "year_quarter": 20131,
            "year": 2013,
            "quarter": 1,
            "eps": null,
            "eps_growth_year": null,
            "eps_4q": null,
            "eps_4q_growth_year": null,
            "roe": null,
            "roe_4q": 0,
            "gross_profit": null,
            "gross_margin": null,
            "gross_margin_4q_avg": 0,
            "net_income": null,
            "net_income_4q": null,
            "revenue": null,
            "revenue_4q": null,
            "common_shares": null,
            "book_valuer_per_share": null,
            "book_valuer_per_share_4q_avg": 2.54,
            "equity": null,
            "current_ratio": null,
            "debt_ratio": null,
            "inventory_turnover_ratio": null,
            "account_receivable_turnover_ratio": null,
            "reinvestment_rate": null,
            "research_to_sale_ratio": null,
            "price_fair": 0,
            "eps_avg_yearly": 0,
            "eps_latest_yearly": 0,
            "eps_growth_yearly": 0
        },
        "20132": {
            "year_quarter": 20132,
            "year": 2013,
            "quarter": 2,
            "eps": null,
            "eps_growth_year": null,
            "eps_4q": null,
            "eps_4q_growth_year": null,
            "roe": null,
            "roe_4q": 0,
            "gross_profit": null,
            "gross_margin": null,
            "gross_margin_4q_avg": 0,
            "net_income": null,
            "net_income_4q": null,
            "revenue": null,
            "revenue_4q": null,
            "common_shares": null,
            "book_valuer_per_share": null,
            "book_valuer_per_share_4q_avg": 2.54,
            "equity": null,
            "current_ratio": null,
            "debt_ratio": null,
            "inventory_turnover_ratio": null,
            "account_receivable_turnover_ratio": null,
            "reinvestment_rate": null,
            "research_to_sale_ratio": null,
            "price_fair": 0,
            "eps_avg_yearly": 0,
            "eps_latest_yearly": 0,
            "eps_growth_yearly": 0
        },
        "20133": {
            "year_quarter": 20133,
            "year": 2013,
            "quarter": 3,
            "eps": null,
            "eps_growth_year": null,
            "eps_4q": null,
            "eps_4q_growth_year": null,
            "roe": null,
            "roe_4q": 0,
            "gross_profit": null,
            "gross_margin": null,
            "gross_margin_4q_avg": 0,
            "net_income": null,
            "net_income_4q": null,
            "revenue": null,
            "revenue_4q": null,
            "common_shares": null,
            "book_valuer_per_share": null,
            "book_valuer_per_share_4q_avg": 2.54,
            "equity": null,
            "current_ratio": null,
            "debt_ratio": null,
            "inventory_turnover_ratio": null,
            "account_receivable_turnover_ratio": null,
            "reinvestment_rate": null,
            "research_to_sale_ratio": null,
            "price_fair": 0,
            "eps_avg_yearly": 0,
            "eps_latest_yearly": 0,
            "eps_growth_yearly": 0
        },
        "20134": {
            "year_quarter": 20134,
            "year": 2013,
            "quarter": 4,
            "eps": null,
            "eps_growth_year": null,
            "eps_4q": null,
            "eps_4q_growth_year": null,
            "roe": null,
            "roe_4q": 0,
            "gross_profit": null,
            "gross_margin": null,
            "gross_margin_4q_avg": 0,
            "net_income": null,
            "net_income_4q": null,
            "revenue": null,
            "revenue_4q": null,
            "common_shares": 556800,
            "book_valuer_per_share": null,
            "book_valuer_per_share_4q_avg": 0,
            "equity": 693322,
            "current_ratio": null,
            "debt_ratio": null,
            "inventory_turnover_ratio": null,
            "account_receivable_turnover_ratio": null,
            "reinvestment_rate": null,
            "research_to_sale_ratio": null,
            "price_fair": 0,
            "eps_avg_yearly": 0,
            "eps_latest_yearly": 0,
            "eps_growth_yearly": 0
        },
        "20141": {
            "year_quarter": 20141,
            "year": 2014,
            "quarter": 1,
            "eps": null,
            "eps_growth_year": null,
            "eps_4q": null,
            "eps_4q_growth_year": null,
            "roe": null,
            "roe_4q": 0,
            "gross_profit": null,
            "gross_margin": null,
            "gross_margin_4q_avg": 0,
            "net_income": null,
            "net_income_4q": null,
            "revenue": null,
            "revenue_4q": null,
            "common_shares": null,
            "book_valuer_per_share": null,
            "book_valuer_per_share_4q_avg": 0,
            "equity": null,
            "current_ratio": null,
            "debt_ratio": null,
            "inventory_turnover_ratio": null,
            "account_receivable_turnover_ratio": null,
            "reinvestment_rate": null,
            "research_to_sale_ratio": null,
            "price_fair": 0,
            "eps_avg_yearly": 0,
            "eps_latest_yearly": 0,
            "eps_growth_yearly": 0
        },
        "20142": {
            "year_quarter": 20142,
            "year": 2014,
            "quarter": 2,
            "eps": null,
            "eps_growth_year": null,
            "eps_4q": null,
            "eps_4q_growth_year": null,
            "roe": null,
            "roe_4q": 0,
            "gross_profit": null,
            "gross_margin": null,
            "gross_margin_4q_avg": 0,
            "net_income": null,
            "net_income_4q": null,
            "revenue": null,
            "revenue_4q": null,
            "common_shares": 556800,
            "book_valuer_per_share": null,
            "book_valuer_per_share_4q_avg": 0,
            "equity": 740541,
            "current_ratio": null,
            "debt_ratio": null,
            "inventory_turnover_ratio": null,
            "account_receivable_turnover_ratio": null,
            "reinvestment_rate": null,
            "research_to_sale_ratio": null,
            "price_fair": 0,
            "eps_avg_yearly": 0,
            "eps_latest_yearly": 0,
            "eps_growth_yearly": 0
        },
        "20143": {
            "year_quarter": 20143,
            "year": 2014,
            "quarter": 3,
            "eps": null,
            "eps_growth_year": null,
            "eps_4q": null,
            "eps_4q_growth_year": null,
            "roe": null,
            "roe_4q": 0,
            "gross_profit": null,
            "gross_margin": null,
            "gross_margin_4q_avg": 0,
            "net_income": null,
            "net_income_4q": null,
            "revenue": null,
            "revenue_4q": null,
            "common_shares": null,
            "book_valuer_per_share": null,
            "book_valuer_per_share_4q_avg": 0,
            "equity": null,
            "current_ratio": null,
            "debt_ratio": null,
            "inventory_turnover_ratio": null,
            "account_receivable_turnover_ratio": null,
            "reinvestment_rate": null,
            "research_to_sale_ratio": null,
            "price_fair": 0,
            "eps_avg_yearly": 0,
            "eps_latest_yearly": 0,
            "eps_growth_yearly": 0
        },
        "20144": {
            "year_quarter": 20144,
            "year": 2014,
            "quarter": 4,
            "eps": null,
            "eps_growth_year": null,
            "eps_4q": null,
            "eps_4q_growth_year": null,
            "roe": null,
            "roe_4q": 0,
            "gross_profit": null,
            "gross_margin": null,
            "gross_margin_4q_avg": 0,
            "net_income": null,
            "net_income_4q": null,
            "revenue": null,
            "revenue_4q": null,
            "common_shares": 626800,
            "book_valuer_per_share": 15.37,
            "book_valuer_per_share_4q_avg": 3.84,
            "equity": 960138,
            "current_ratio": 169.15,
            "debt_ratio": 52.65,
            "inventory_turnover_ratio": null,
            "account_receivable_turnover_ratio": null,
            "reinvestment_rate": null,
            "research_to_sale_ratio": null,
            "price_fair": 0,
            "eps_avg_yearly": 0,
            "eps_latest_yearly": 0,
            "eps_growth_yearly": 0
        },
        "20151": {
            "year_quarter": 20151,
            "year": 2015,
            "quarter": 1,
            "eps": null,
            "eps_growth_year": null,
            "eps_4q": null,
            "eps_4q_growth_year": null,
            "roe": null,
            "roe_4q": 0,
            "gross_profit": 38782,
            "gross_margin": null,
            "gross_margin_4q_avg": 0,
            "net_income": 14221,
            "net_income_4q": null,
            "revenue": 188570,
            "revenue_4q": null,
            "common_shares": 626800,
            "book_valuer_per_share": 15.54,
            "book_valuer_per_share_4q_avg": 7.73,
            "equity": 974237,
            "current_ratio": 198.31,
            "debt_ratio": 51.8,
            "inventory_turnover_ratio": null,
            "account_receivable_turnover_ratio": null,
            "reinvestment_rate": null,
            "research_to_sale_ratio": null,
            "price_fair": 0,
            "eps_avg_yearly": 0,
            "eps_latest_yearly": 0,
            "eps_growth_yearly": 0
        },
        "20152": {
            "year_quarter": 20152,
            "year": 2015,
            "quarter": 2,
            "eps": 0.28,
            "eps_growth_year": null,
            "eps_4q": null,
            "eps_4q_growth_year": null,
            "roe": 1.81,
            "roe_4q": 1.81,
            "gross_profit": 50151,
            "gross_margin": 16.03,
            "gross_margin_4q_avg": 4.01,
            "net_income": 18495,
            "net_income_4q": null,
            "revenue": 312841,
            "revenue_4q": null,
            "common_shares": 671800,
            "book_valuer_per_share": 15.86,
            "book_valuer_per_share_4q_avg": 11.69,
            "equity": 1065639,
            "current_ratio": 150.12,
            "debt_ratio": 55.32,
            "inventory_turnover_ratio": 1.5,
            "account_receivable_turnover_ratio": 2.73,
            "reinvestment_rate": null,
            "research_to_sale_ratio": null,
            "price_fair": 0,
            "eps_avg_yearly": 0,
            "eps_latest_yearly": 0,
            "eps_growth_yearly": 0
        },
        "20153": {
            "year_quarter": 20153,
            "year": 2015,
            "quarter": 3,
            "eps": null,
            "eps_growth_year": null,
            "eps_4q": null,
            "eps_4q_growth_year": null,
            "roe": null,
            "roe_4q": 1.81,
            "gross_profit": 68508,
            "gross_margin": null,
            "gross_margin_4q_avg": 4.01,
            "net_income": 32966,
            "net_income_4q": null,
            "revenue": 356386,
            "revenue_4q": null,
            "common_shares": 671800,
            "book_valuer_per_share": 16.36,
            "book_valuer_per_share_4q_avg": 15.78,
            "equity": 1099215,
            "current_ratio": 122.65,
            "debt_ratio": 57.86,
            "inventory_turnover_ratio": null,
            "account_receivable_turnover_ratio": null,
            "reinvestment_rate": null,
            "research_to_sale_ratio": null,
            "price_fair": 0,
            "eps_avg_yearly": 0,
            "eps_latest_yearly": 0,
            "eps_growth_yearly": 0
        },
        "20154": {
            "year_quarter": 20154,
            "year": 2015,
            "quarter": 4,
            "eps": null,
            "eps_growth_year": null,
            "eps_4q": null,
            "eps_4q_growth_year": null,
            "roe": null,
            "roe_4q": 1.81,
            "gross_profit": 59048,
            "gross_margin": null,
            "gross_margin_4q_avg": 4.01,
            "net_income": 19982,
            "net_income_4q": null,
            "revenue": 446724,
            "revenue_4q": null,
            "common_shares": 736800,
            "book_valuer_per_share": 17.12,
            "book_valuer_per_share_4q_avg": 16.22,
            "equity": 1262161,
            "current_ratio": 124.13,
            "debt_ratio": 58.36,
            "inventory_turnover_ratio": null,
            "account_receivable_turnover_ratio": null,
            "reinvestment_rate": null,
            "research_to_sale_ratio": null,
            "price_fair": 0,
            "eps_avg_yearly": 0,
            "eps_latest_yearly": 0,
            "eps_growth_yearly": 0
        },
        "20161": {
            "year_quarter": 20161,
            "year": 2016,
            "quarter": 1,
            "eps": 0.06,
            "eps_growth_year": null,
            "eps_4q": 0.31,
            "eps_4q_growth_year": null,
            "roe": 0.33,
            "roe_4q": 2.14,
            "gross_profit": 31192,
            "gross_margin": 17.82,
            "gross_margin_4q_avg": 8.46,
            "net_income": 4145,
            "net_income_4q": null,
            "revenue": 175077,
            "revenue_4q": null,
            "common_shares": 736800,
            "book_valuer_per_share": 17.19,
            "book_valuer_per_share_4q_avg": 16.63,
            "equity": 1266702,
            "current_ratio": 144.46,
            "debt_ratio": 57.29,
            "inventory_turnover_ratio": 0.62,
            "account_receivable_turnover_ratio": 0.57,
            "reinvestment_rate": null,
            "research_to_sale_ratio": 1.1,
            "price_fair": 0,
            "eps_avg_yearly": 0,
            "eps_latest_yearly": 0,
            "eps_growth_yearly": 0
        },
        "20162": {
            "year_quarter": 20162,
            "year": 2016,
            "quarter": 2,
            "eps": 0.05,
            "eps_growth_year": -81.86,
            "eps_4q": 0.09,
            "eps_4q_growth_year": null,
            "roe": 0.27,
            "roe_4q": 0.6000000000000001,
            "gross_profit": 37702,
            "gross_margin": 11.38,
            "gross_margin_4q_avg": 7.3,
            "net_income": 3557,
            "net_income_4q": null,
            "revenue": 331247,
            "revenue_4q": null,
            "common_shares": 812380,
            "book_valuer_per_share": 17,
            "book_valuer_per_share_4q_avg": 16.92,
            "equity": 1381622,
            "current_ratio": 100.72,
            "debt_ratio": 58.53,
            "inventory_turnover_ratio": 1.15,
            "account_receivable_turnover_ratio": 1.32,
            "reinvestment_rate": null,
            "research_to_sale_ratio": 0.72,
            "price_fair": 0.6,
            "eps_avg_yearly": 0.2,
            "eps_latest_yearly": 0.2,
            "eps_growth_yearly": -66.67
        },
        "20163": {
            "year_quarter": 20163,
            "year": 2016,
            "quarter": 3,
            "eps": -0.81,
            "eps_growth_year": null,
            "eps_4q": -0.71,
            "eps_4q_growth_year": null,
            "roe": -4.94,
            "roe_4q": -4.34,
            "gross_profit": 34094,
            "gross_margin": 27.71,
            "gross_margin_4q_avg": 14.23,
            "net_income": -66603,
            "net_income_4q": null,
            "revenue": 123028,
            "revenue_4q": null,
            "common_shares": 824566,
            "book_valuer_per_share": 15.94,
            "book_valuer_per_share_4q_avg": 16.81,
            "equity": 1314935,
            "current_ratio": 112.91,
            "debt_ratio": 62.44,
            "inventory_turnover_ratio": 0.36,
            "account_receivable_turnover_ratio": 0.46,
            "reinvestment_rate": null,
            "research_to_sale_ratio": 3.7,
            "price_fair": 0.6,
            "eps_avg_yearly": 0.2,
            "eps_latest_yearly": 0.2,
            "eps_growth_yearly": -66.67
        },
        "20164": {
            "year_quarter": 20164,
            "year": 2016,
            "quarter": 4,
            "eps": 0.03,
            "eps_growth_year": null,
            "eps_4q": -0.69,
            "eps_4q_growth_year": null,
            "roe": 0.16,
            "roe_4q": -4.18,
            "gross_profit": 39972,
            "gross_margin": 14.9,
            "gross_margin_4q_avg": 17.95,
            "net_income": 2144,
            "net_income_4q": null,
            "revenue": 268222,
            "revenue_4q": null,
            "common_shares": 824566,
            "book_valuer_per_share": 15.96,
            "book_valuer_per_share_4q_avg": 16.52,
            "equity": 1316270,
            "current_ratio": 93.9,
            "debt_ratio": 65.77,
            "inventory_turnover_ratio": 1.1,
            "account_receivable_turnover_ratio": 1.13,
            "reinvestment_rate": null,
            "research_to_sale_ratio": 1.6,
            "price_fair": 0.6,
            "eps_avg_yearly": 0.2,
            "eps_latest_yearly": 0.2,
            "eps_growth_yearly": -66.67
        },
        "20171": {
            "year_quarter": 20171,
            "year": 2017,
            "quarter": 1,
            "eps": -0.17,
            "eps_growth_year": -383.33,
            "eps_4q": -0.9,
            "eps_4q_growth_year": -393.16,
            "roe": -1.05,
            "roe_4q": -5.5600000000000005,
            "gross_profit": 19136,
            "gross_margin": 13.58,
            "gross_margin_4q_avg": 16.89,
            "net_income": -13687,
            "net_income_4q": null,
            "revenue": 140863,
            "revenue_4q": null,
            "common_shares": 824566,
            "book_valuer_per_share": 15.79,
            "book_valuer_per_share_4q_avg": 16.17,
            "equity": 1302492,
            "current_ratio": 81.69,
            "debt_ratio": 61.9,
            "inventory_turnover_ratio": 0.85,
            "account_receivable_turnover_ratio": 0.63,
            "reinvestment_rate": null,
            "research_to_sale_ratio": 1.74,
            "price_fair": 0.6,
            "eps_avg_yearly": 0.2,
            "eps_latest_yearly": 0.2,
            "eps_growth_yearly": -66.67
        },
        "20172": {
            "year_quarter": 20172,
            "year": 2017,
            "quarter": 2,
            "eps": 0.32,
            "eps_growth_year": 540,
            "eps_4q": -0.62,
            "eps_4q_growth_year": -762.8,
            "roe": 2.03,
            "roe_4q": -3.8000000000000007,
            "gross_profit": 55749,
            "gross_margin": 22.14,
            "gross_margin_4q_avg": 19.58,
            "net_income": 26589,
            "net_income_4q": null,
            "revenue": 251784,
            "revenue_4q": null,
            "common_shares": 824566,
            "book_valuer_per_share": 15.92,
            "book_valuer_per_share_4q_avg": 15.9,
            "equity": 1312598,
            "current_ratio": 85.42,
            "debt_ratio": 64.55,
            "inventory_turnover_ratio": 1.24,
            "account_receivable_turnover_ratio": 1.14,
            "reinvestment_rate": null,
            "research_to_sale_ratio": 0.55,
            "price_fair": 0.6,
            "eps_avg_yearly": 0.2,
            "eps_latest_yearly": 0.2,
            "eps_growth_yearly": -66.67
        },
        "20173": {
            "year_quarter": 20173,
            "year": 2017,
            "quarter": 3,
            "eps": 0.52,
            "eps_growth_year": null,
            "eps_4q": 0.7,
            "eps_4q_growth_year": null,
            "roe": 3.19,
            "roe_4q": 4.33,
            "gross_profit": 80152,
            "gross_margin": 18.99,
            "gross_margin_4q_avg": 17.4,
            "net_income": 42525,
            "net_income_4q": null,
            "revenue": 422119,
            "revenue_4q": null,
            "common_shares": 824566,
            "book_valuer_per_share": 16.43,
            "book_valuer_per_share_4q_avg": 16.03,
            "equity": 1355080,
            "current_ratio": 95.2,
            "debt_ratio": 65.21,
            "inventory_turnover_ratio": 1.76,
            "account_receivable_turnover_ratio": 1.29,
            "reinvestment_rate": null,
            "research_to_sale_ratio": 0.36,
            "price_fair": 39.9,
            "eps_avg_yearly": 1.14,
            "eps_latest_yearly": 2.08,
            "eps_growth_yearly": 91.67
        },
        "20174": {
            "year_quarter": 20174,
            "year": 2017,
            "quarter": 4,
            "eps": 0.24,
            "eps_growth_year": 791.71,
            "eps_4q": 0.91,
            "eps_4q_growth_year": null,
            "roe": 1.42,
            "roe_4q": 5.589999999999999,
            "gross_profit": 71245,
            "gross_margin": 15.55,
            "gross_margin_4q_avg": 17.57,
            "net_income": 19370,
            "net_income_4q": null,
            "revenue": 458164,
            "revenue_4q": null,
            "common_shares": 824566,
            "book_valuer_per_share": 16.63,
            "book_valuer_per_share_4q_avg": 16.19,
            "equity": 1371216,
            "current_ratio": 99.59,
            "debt_ratio": 66.93,
            "inventory_turnover_ratio": 1.58,
            "account_receivable_turnover_ratio": 1.11,
            "reinvestment_rate": null,
            "research_to_sale_ratio": 0.29,
            "price_fair": 3.24,
            "eps_avg_yearly": 1.08,
            "eps_latest_yearly": 0.96,
            "eps_growth_yearly": -10.68
        },
        "20181": {
            "year_quarter": 20181,
            "year": 2018,
            "quarter": 1,
            "eps": 0.39,
            "eps_growth_year": null,
            "eps_4q": 1.31,
            "eps_4q_growth_year": null,
            "roe": 2.33,
            "roe_4q": 8.969999999999999,
            "gross_profit": 70305,
            "gross_margin": 14.8,
            "gross_margin_4q_avg": 17.87,
            "net_income": 35200,
            "net_income_4q": null,
            "revenue": 474916,
            "revenue_4q": null,
            "common_shares": 944566,
            "book_valuer_per_share": 17.4,
            "book_valuer_per_share_4q_avg": 16.6,
            "equity": 1643905,
            "current_ratio": 145.39,
            "debt_ratio": 60.84,
            "inventory_turnover_ratio": 1.48,
            "account_receivable_turnover_ratio": 1.04,
            "reinvestment_rate": null,
            "research_to_sale_ratio": 0.48,
            "price_fair": 42,
            "eps_avg_yearly": 1.2,
            "eps_latest_yearly": 1.56,
            "eps_growth_yearly": 54.49
        },
        "20182": {
            "year_quarter": 20182,
            "year": 2018,
            "quarter": 2,
            "eps": 0.55,
            "eps_growth_year": 71.88,
            "eps_4q": 1.58,
            "eps_4q_growth_year": null,
            "roe": 3.15,
            "roe_4q": 10.09,
            "gross_profit": 99375,
            "gross_margin": 27.26,
            "gross_margin_4q_avg": 19.15,
            "net_income": 51900,
            "net_income_4q": null,
            "revenue": 364551,
            "revenue_4q": null,
            "common_shares": 944566,
            "book_valuer_per_share": 17.52,
            "book_valuer_per_share_4q_avg": 17,
            "equity": 1655095,
            "current_ratio": 141.75,
            "debt_ratio": 61.15,
            "inventory_turnover_ratio": 0.76,
            "account_receivable_turnover_ratio": 0.87,
            "reinvestment_rate": null,
            "research_to_sale_ratio": 0.79,
            "price_fair": 49,
            "eps_avg_yearly": 1.4,
            "eps_latest_yearly": 2.2,
            "eps_growth_yearly": 76.41
        },
        "20183": {
            "year_quarter": 20183,
            "year": 2018,
            "quarter": 3,
            "eps": 0.79,
            "eps_growth_year": 51.92,
            "eps_4q": 1.91,
            "eps_4q_growth_year": 173.83,
            "roe": 4.39,
            "roe_4q": 11.29,
            "gross_profit": 121802,
            "gross_margin": 23.95,
            "gross_margin_4q_avg": 20.39,
            "net_income": 74361,
            "net_income_4q": null,
            "revenue": 508599,
            "revenue_4q": null,
            "common_shares": 944566,
            "book_valuer_per_share": 18.31,
            "book_valuer_per_share_4q_avg": 17.47,
            "equity": 1729456,
            "current_ratio": 97,
            "debt_ratio": 59.14,
            "inventory_turnover_ratio": 1.03,
            "account_receivable_turnover_ratio": 1.19,
            "reinvestment_rate": null,
            "research_to_sale_ratio": 0.69,
            "price_fair": 59.27,
            "eps_avg_yearly": 1.69,
            "eps_latest_yearly": 3.16,
            "eps_growth_yearly": 92.77
        },
        "20184": {
            "year_quarter": 20184,
            "year": 2018,
            "quarter": 4,
            "eps": 0.68,
            "eps_growth_year": 190.27,
            "eps_4q": 2.39,
            "eps_4q_growth_year": 163.43,
            "roe": 3.69,
            "roe_4q": 13.56,
            "gross_profit": 108628,
            "gross_margin": 24.29,
            "gross_margin_4q_avg": 22.58,
            "net_income": 64492,
            "net_income_4q": null,
            "revenue": 447132,
            "revenue_4q": null,
            "common_shares": 944566,
            "book_valuer_per_share": 18.65,
            "book_valuer_per_share_4q_avg": 17.97,
            "equity": 1761590,
            "current_ratio": 139.96,
            "debt_ratio": 56.85,
            "inventory_turnover_ratio": 1.1,
            "account_receivable_turnover_ratio": 0.96,
            "reinvestment_rate": -18.41,
            "research_to_sale_ratio": 0.88,
            "price_fair": 64.4,
            "eps_avg_yearly": 1.84,
            "eps_latest_yearly": 2.72,
            "eps_growth_yearly": 71.56
        },
        "20191": {
            "year_quarter": 20191,
            "year": 2019,
            "quarter": 1,
            "eps": 0.61,
            "eps_growth_year": 56.41,
            "eps_4q": 2.63,
            "eps_4q_growth_year": 100.9,
            "roe": 3.23,
            "roe_4q": 14.459999999999999,
            "gross_profit": 103432,
            "gross_margin": 19.94,
            "gross_margin_4q_avg": 23.86,
            "net_income": 57892,
            "net_income_4q": null,
            "revenue": 518631,
            "revenue_4q": null,
            "common_shares": 944566,
            "book_valuer_per_share": 19.26,
            "book_valuer_per_share_4q_avg": 18.44,
            "equity": 1819482,
            "current_ratio": 154.1,
            "debt_ratio": 57.22,
            "inventory_turnover_ratio": 1.53,
            "account_receivable_turnover_ratio": 1.22,
            "reinvestment_rate": -62.63,
            "research_to_sale_ratio": 0.52,
            "price_fair": 67.03,
            "eps_avg_yearly": 1.92,
            "eps_latest_yearly": 2.44,
            "eps_growth_yearly": 57.47
        },
        "20192": {
            "year_quarter": 20192,
            "year": 2019,
            "quarter": 2,
            "eps": 0.59,
            "eps_growth_year": 7.27,
            "eps_4q": 2.67,
            "eps_4q_growth_year": 69.24,
            "roe": 3.07,
            "roe_4q": 14.379999999999999,
            "gross_profit": 96957,
            "gross_margin": 24.25,
            "gross_margin_4q_avg": 23.11,
            "net_income": 55521,
            "net_income_4q": null,
            "revenue": 399774,
            "revenue_4q": null,
            "common_shares": 944566,
            "book_valuer_per_share": 19.05,
            "book_valuer_per_share_4q_avg": 18.82,
            "equity": 1799437,
            "current_ratio": 168.45,
            "debt_ratio": 57.88,
            "inventory_turnover_ratio": 1.08,
            "account_receivable_turnover_ratio": 1.17,
            "reinvestment_rate": -56.82,
            "research_to_sale_ratio": 0.62,
            "price_fair": 68.76,
            "eps_avg_yearly": 1.96,
            "eps_latest_yearly": 2.36,
            "eps_growth_yearly": 49.62
        },
        "20193": {
            "year_quarter": 20193,
            "year": 2019,
            "quarter": 3,
            "eps": 0.49,
            "eps_growth_year": -37.97,
            "eps_4q": 2.37,
            "eps_4q_growth_year": 23.75,
            "roe": 2.52,
            "roe_4q": 12.51,
            "gross_profit": 82721,
            "gross_margin": 26.73,
            "gross_margin_4q_avg": 23.8,
            "net_income": 45922,
            "net_income_4q": null,
            "revenue": 309484,
            "revenue_4q": null,
            "common_shares": 944566,
            "book_valuer_per_share": 19.54,
            "book_valuer_per_share_4q_avg": 19.13,
            "equity": 1845359,
            "current_ratio": 158.18,
            "debt_ratio": 56.13,
            "inventory_turnover_ratio": 0.58,
            "account_receivable_turnover_ratio": 1.38,
            "reinvestment_rate": -45.78,
            "research_to_sale_ratio": 1.23,
            "price_fair": 68.74,
            "eps_avg_yearly": 1.96,
            "eps_latest_yearly": 1.96,
            "eps_growth_yearly": 37.88
        },
        "20194": {
            "year_quarter": 20194,
            "year": 2019,
            "quarter": 4,
            "eps": 0.52,
            "eps_growth_year": -23.45,
            "eps_4q": 2.21,
            "eps_4q_growth_year": -7.64,
            "roe": 2.65,
            "roe_4q": 11.47,
            "gross_profit": 78902,
            "gross_margin": 23.37,
            "gross_margin_4q_avg": 23.57,
            "net_income": 49369,
            "net_income_4q": null,
            "revenue": 337679,
            "revenue_4q": null,
            "common_shares": 944566,
            "book_valuer_per_share": 19.96,
            "book_valuer_per_share_4q_avg": 19.45,
            "equity": 1885298,
            "current_ratio": 192.19,
            "debt_ratio": 57.85,
            "inventory_turnover_ratio": 0.55,
            "account_receivable_turnover_ratio": 1.52,
            "reinvestment_rate": -44.75,
            "research_to_sale_ratio": 1.78,
            "price_fair": 69.11,
            "eps_avg_yearly": 1.97,
            "eps_latest_yearly": 2.08,
            "eps_growth_yearly": 36.66
        },
        "20201": {
            "year_quarter": 20201,
            "year": 2020,
            "quarter": 1,
            "eps": 0.17,
            "eps_growth_year": -72.13,
            "eps_4q": 1.77,
            "eps_4q_growth_year": -32.92,
            "roe": 0.84,
            "roe_4q": 9.08,
            "gross_profit": 54009,
            "gross_margin": 29.6,
            "gross_margin_4q_avg": 25.99,
            "net_income": 15988,
            "net_income_4q": null,
            "revenue": 182461,
            "revenue_4q": null,
            "common_shares": 944566,
            "book_valuer_per_share": 20.13,
            "book_valuer_per_share_4q_avg": 19.67,
            "equity": 1901286,
            "current_ratio": 160.73,
            "debt_ratio": 59.05,
            "inventory_turnover_ratio": 0.23,
            "account_receivable_turnover_ratio": 0.98,
            "reinvestment_rate": -46.56,
            "research_to_sale_ratio": 2.25,
            "price_fair": 39.52,
            "eps_avg_yearly": 1.87,
            "eps_latest_yearly": 0.68,
            "eps_growth_yearly": 11.17
        },
        "20202": {
            "year_quarter": 20202,
            "year": 2020,
            "quarter": 2,
            "eps": 0.82,
            "eps_growth_year": 38.98,
            "eps_4q": 2,
            "eps_4q_growth_year": -25.28,
            "roe": 4.08,
            "roe_4q": 10.09,
            "gross_profit": 110699,
            "gross_margin": 18.13,
            "gross_margin_4q_avg": 24.46,
            "net_income": 77224,
            "net_income_4q": null,
            "revenue": 610561,
            "revenue_4q": null,
            "common_shares": 944566,
            "book_valuer_per_share": 19.95,
            "book_valuer_per_share_4q_avg": 19.9,
            "equity": 1884053,
            "current_ratio": 125.77,
            "debt_ratio": 62.44,
            "inventory_turnover_ratio": 0.78,
            "account_receivable_turnover_ratio": 1.98,
            "reinvestment_rate": -2.91,
            "research_to_sale_ratio": 1.14,
            "price_fair": 74.32,
            "eps_avg_yearly": 2.12,
            "eps_latest_yearly": 3.28,
            "eps_growth_yearly": 144.18
        },
        "20203": {
            "year_quarter": 20203,
            "year": 2020,
            "quarter": 3,
            "eps": 1.31,
            "eps_growth_year": 167.35,
            "eps_4q": 2.58,
            "eps_4q_growth_year": 8.75,
            "roe": 6.39,
            "roe_4q": 13.959999999999999,
            "gross_profit": 196743,
            "gross_margin": 20.65,
            "gross_margin_4q_avg": 22.94,
            "net_income": 133086,
            "net_income_4q": null,
            "revenue": 952527,
            "revenue_4q": null,
            "common_shares": 944566,
            "book_valuer_per_share": 21.3,
            "book_valuer_per_share_4q_avg": 20.34,
            "equity": 2278244,
            "current_ratio": 139.7,
            "debt_ratio": 56.68,
            "inventory_turnover_ratio": 1.51,
            "account_receivable_turnover_ratio": 1.32,
            "reinvestment_rate": 6.14,
            "research_to_sale_ratio": 0.39,
            "price_fair": 82.71,
            "eps_avg_yearly": 2.36,
            "eps_latest_yearly": 5.24,
            "eps_growth_yearly": 151.47
        },
        "20204": {
            "year_quarter": 20204,
            "year": 2020,
            "quarter": 4,
            "eps": 0.35,
            "eps_growth_year": -33.85,
            "eps_4q": 2.45,
            "eps_4q_growth_year": 10.97,
            "roe": 1.59,
            "roe_4q": 12.899999999999999,
            "gross_profit": 87230,
            "gross_margin": 25.69,
            "gross_margin_4q_avg": 23.52,
            "net_income": 37151,
            "net_income_4q": null,
            "revenue": 339593,
            "revenue_4q": null,
            "common_shares": 1069714,
            "book_valuer_per_share": 22.3,
            "book_valuer_per_share_4q_avg": 20.92,
            "equity": 2395975,
            "current_ratio": 154.03,
            "debt_ratio": 54.88,
            "inventory_turnover_ratio": 0.65,
            "account_receivable_turnover_ratio": 0.53,
            "reinvestment_rate": 18.51,
            "research_to_sale_ratio": 2.18,
            "price_fair": 80.3,
            "eps_avg_yearly": 2.29,
            "eps_latest_yearly": 1.4,
            "eps_growth_yearly": 119.72
        },
        "20211": {
            "year_quarter": 20211,
            "year": 2021,
            "quarter": 1,
            "eps": 0.09,
            "eps_growth_year": -47.06,
            "eps_4q": 2.26,
            "eps_4q_growth_year": 27.89,
            "roe": 0.41,
            "roe_4q": 12.47,
            "gross_profit": 42752,
            "gross_margin": 22.17,
            "gross_margin_4q_avg": 21.66,
            "net_income": 10417,
            "net_income_4q": null,
            "revenue": 192817,
            "revenue_4q": null,
            "common_shares": 1074490,
            "book_valuer_per_share": 23.36,
            "book_valuer_per_share_4q_avg": 21.73,
            "equity": 2669293,
            "current_ratio": 117.45,
            "debt_ratio": 50.07,
            "inventory_turnover_ratio": 0.33,
            "account_receivable_turnover_ratio": 0.78,
            "reinvestment_rate": 52.6,
            "research_to_sale_ratio": 2.02,
            "price_fair": 75.79,
            "eps_avg_yearly": 2.17,
            "eps_latest_yearly": 0.36,
            "eps_growth_yearly": 91.93
        },
        "20212": {
            "year_quarter": 20212,
            "year": 2021,
            "quarter": 2,
            "eps": 0.36,
            "eps_growth_year": -56.1,
            "eps_4q": 1.94,
            "eps_4q_growth_year": -2.77,
            "roe": 1.56,
            "roe_4q": 9.95,
            "gross_profit": 81792,
            "gross_margin": 26.64,
            "gross_margin_4q_avg": 23.79,
            "net_income": 40956,
            "net_income_4q": null,
            "revenue": 306969,
            "revenue_4q": null,
            "common_shares": 1141821,
            "book_valuer_per_share": 22.57,
            "book_valuer_per_share_4q_avg": 22.38,
            "equity": 2579336,
            "current_ratio": 111.28,
            "debt_ratio": 54.54,
            "inventory_turnover_ratio": 0.45,
            "account_receivable_turnover_ratio": 1.33,
            "reinvestment_rate": 100.23,
            "research_to_sale_ratio": 1.22,
            "price_fair": 74.2,
            "eps_avg_yearly": 2.12,
            "eps_latest_yearly": 1.44,
            "eps_growth_yearly": 161.18
        },
        "20213": {
            "year_quarter": 20213,
            "year": 2021,
            "quarter": 3,
            "eps": 0.4,
            "eps_growth_year": -69.47,
            "eps_4q": 1.18,
            "eps_4q_growth_year": -54.38,
            "roe": 1.75,
            "roe_4q": 5.3100000000000005,
            "gross_profit": 94586,
            "gross_margin": 28.95,
            "gross_margin_4q_avg": 25.86,
            "net_income": 46132,
            "net_income_4q": null,
            "revenue": 326702,
            "revenue_4q": null,
            "common_shares": 1142177,
            "book_valuer_per_share": 23.51,
            "book_valuer_per_share_4q_avg": 22.94,
            "equity": 2694842,
            "current_ratio": 151.81,
            "debt_ratio": 57.85,
            "inventory_turnover_ratio": 0.39,
            "account_receivable_turnover_ratio": 1,
            "reinvestment_rate": 117.48,
            "research_to_sale_ratio": 1.44,
            "price_fair": 73.15,
            "eps_avg_yearly": 2.09,
            "eps_latest_yearly": 1.6,
            "eps_growth_yearly": 148.33
        },
        "20214": {
            "year_quarter": 20214,
            "year": 2021,
            "quarter": 4,
            "eps": 0.3,
            "eps_growth_year": -12.71,
            "eps_4q": 1.15,
            "eps_4q_growth_year": -52.97,
            "roe": 1.27,
            "roe_4q": 4.99,
            "gross_profit": 61331,
            "gross_margin": 8.56,
            "gross_margin_4q_avg": 21.58,
            "net_income": 34560,
            "net_income_4q": null,
            "revenue": 716355,
            "revenue_4q": null,
            "common_shares": 1145376,
            "book_valuer_per_share": 24.12,
            "book_valuer_per_share_4q_avg": 23.39,
            "equity": 2764900,
            "current_ratio": 133.38,
            "debt_ratio": 57.89,
            "inventory_turnover_ratio": 1.1,
            "account_receivable_turnover_ratio": 1.63,
            "reinvestment_rate": 130.32,
            "research_to_sale_ratio": 0.4,
            "price_fair": 73.68,
            "eps_avg_yearly": 2.11,
            "eps_latest_yearly": 1.2,
            "eps_growth_yearly": 155.55
        },
        "20221": {
            "year_quarter": 20221,
            "year": 2022,
            "quarter": 1,
            "eps": 0.19,
            "eps_growth_year": 111.11,
            "eps_4q": 1.22,
            "eps_4q_growth_year": -46.12,
            "roe": 0.76,
            "roe_4q": 5.34,
            "gross_profit": 63142,
            "gross_margin": 8.29,
            "gross_margin_4q_avg": 18.11,
            "net_income": 21384,
            "net_income_4q": null,
            "revenue": 761849,
            "revenue_4q": null,
            "common_shares": 1145376,
            "book_valuer_per_share": 24.33,
            "book_valuer_per_share_4q_avg": 23.63,
            "equity": 2875772,
            "current_ratio": 122.74,
            "debt_ratio": 57.04,
            "inventory_turnover_ratio": 1.55,
            "account_receivable_turnover_ratio": 1.21,
            "reinvestment_rate": 150.82,
            "research_to_sale_ratio": 0.36,
            "price_fair": 71.93,
            "eps_avg_yearly": 2.06,
            "eps_latest_yearly": 0.76,
            "eps_growth_yearly": 130.75
        },
        "20222": {
            "year_quarter": 20222,
            "year": 2022,
            "quarter": 2,
            "eps": 0.23,
            "eps_growth_year": -36.11,
            "eps_4q": 1.1,
            "eps_4q_growth_year": -43.49,
            "roe": 0.93,
            "roe_4q": 4.71,
            "gross_profit": 74918,
            "gross_margin": 11.79,
            "gross_margin_4q_avg": 14.4,
            "net_income": 26888,
            "net_income_4q": null,
            "revenue": 635215,
            "revenue_4q": null,
            "common_shares": 1175796,
            "book_valuer_per_share": 24.5,
            "book_valuer_per_share_4q_avg": 24.12,
            "equity": 2895362,
            "current_ratio": 133.39,
            "debt_ratio": 56.56,
            "inventory_turnover_ratio": 1.08,
            "account_receivable_turnover_ratio": 1.17,
            "reinvestment_rate": 184.9,
            "research_to_sale_ratio": 0.75,
            "price_fair": 69.13,
            "eps_avg_yearly": 1.98,
            "eps_latest_yearly": 0.92,
            "eps_growth_yearly": 125.76
        },
        "20223": {
            "year_quarter": 20223,
            "year": 2022,
            "quarter": 3,
            "eps": 0.81,
            "eps_growth_year": 102.5,
            "eps_4q": 1.48,
            "eps_4q_growth_year": 26.25,
            "roe": 3.17,
            "roe_4q": 6.129999999999999,
            "gross_profit": 158446,
            "gross_margin": 15.4,
            "gross_margin_4q_avg": 11.01,
            "net_income": 97060,
            "net_income_4q": null,
            "revenue": 1028925,
            "revenue_4q": null,
            "common_shares": 1175796,
            "book_valuer_per_share": 26.47,
            "book_valuer_per_share_4q_avg": 24.86,
            "equity": 3223594,
            "current_ratio": 185.16,
            "debt_ratio": 60.58,
            "inventory_turnover_ratio": 1.31,
            "account_receivable_turnover_ratio": 1.7,
            "reinvestment_rate": 194.88,
            "research_to_sale_ratio": 0.35,
            "price_fair": 69.3,
            "eps_avg_yearly": 1.98,
            "eps_latest_yearly": 3.24,
            "eps_growth_yearly": 177.9
        },
        "20224": {
            "year_quarter": 20224,
            "year": 2022,
            "quarter": 4,
            "eps": 0.69,
            "eps_growth_year": 128.37,
            "eps_4q": 1.89,
            "eps_4q_growth_year": 63.76,
            "roe": 2.54,
            "roe_4q": 7.3999999999999995,
            "gross_profit": 178389,
            "gross_margin": 21.17,
            "gross_margin_4q_avg": 14.16,
            "net_income": 83034,
            "net_income_4q": null,
            "revenue": 842560,
            "revenue_4q": null,
            "common_shares": 1212135,
            "book_valuer_per_share": 27.13,
            "book_valuer_per_share_4q_avg": 25.61,
            "equity": 3307139,
            "current_ratio": 170.66,
            "debt_ratio": 59.87,
            "inventory_turnover_ratio": 1.06,
            "account_receivable_turnover_ratio": 1.08,
            "reinvestment_rate": 279.32,
            "research_to_sale_ratio": 0.48,
            "price_fair": 69.39,
            "eps_avg_yearly": 1.98,
            "eps_latest_yearly": 2.76,
            "eps_growth_yearly": 177.67
        },
        "20231": {
            "year_quarter": 20231,
            "year": 2023,
            "quarter": 1,
            "eps": 0.48,
            "eps_growth_year": 152.63,
            "eps_4q": 2.19,
            "eps_4q_growth_year": 79.91,
            "roe": 1.74,
            "roe_4q": 8.38,
            "gross_profit": 116948,
            "gross_margin": 23.47,
            "gross_margin_4q_avg": 17.96,
            "net_income": 58248,
            "net_income_4q": null,
            "revenue": 498347,
            "revenue_4q": null,
            "common_shares": 1212135,
            "book_valuer_per_share": 26.91,
            "book_valuer_per_share_4q_avg": 26.25,
            "equity": 3382932,
            "current_ratio": 141.18,
            "debt_ratio": 59.73,
            "inventory_turnover_ratio": 0.69,
            "account_receivable_turnover_ratio": 0.92,
            "reinvestment_rate": 354.78,
            "research_to_sale_ratio": 0.96,
            "price_fair": 68.25,
            "eps_avg_yearly": 1.95,
            "eps_latest_yearly": 1.92,
            "eps_growth_yearly": 172.64
        },
        "20232": {
            "year_quarter": 20232,
            "year": 2023,
            "quarter": 2,
            "eps": 0.77,
            "eps_growth_year": 234.78,
            "eps_4q": 2.7,
            "eps_4q_growth_year": 146.18,
            "roe": 2.81,
            "roe_4q": 10.26,
            "gross_profit": 150224,
            "gross_margin": 29.22,
            "gross_margin_4q_avg": 22.32,
            "net_income": 96352,
            "net_income_4q": null,
            "revenue": 514079,
            "revenue_4q": null,
            "common_shares": 1212135,
            "book_valuer_per_share": 27.65,
            "book_valuer_per_share_4q_avg": 27.04,
            "equity": 3476082,
            "current_ratio": 151.83,
            "debt_ratio": 57.61,
            "inventory_turnover_ratio": 0.76,
            "account_receivable_turnover_ratio": 1.51,
            "reinvestment_rate": 355.12,
            "research_to_sale_ratio": 1.02,
            "price_fair": 69.83,
            "eps_avg_yearly": 2,
            "eps_latest_yearly": 3.08,
            "eps_growth_yearly": 188.56
        },
        "20233": {
            "year_quarter": 20233,
            "year": 2023,
            "quarter": 3,
            "eps": 0.39,
            "eps_growth_year": -51.85,
            "eps_4q": 2.3,
            "eps_4q_growth_year": 54.88,
            "roe": 1.39,
            "roe_4q": 8.48,
            "gross_profit": 102569,
            "gross_margin": 40.16,
            "gross_margin_4q_avg": 28.51,
            "net_income": 48783,
            "net_income_4q": null,
            "revenue": 255372,
            "revenue_4q": null,
            "common_shares": 1237267,
            "book_valuer_per_share": 27.62,
            "book_valuer_per_share_4q_avg": 27.33,
            "equity": 3542587,
            "current_ratio": 145.52,
            "debt_ratio": 54.4,
            "inventory_turnover_ratio": 0.36,
            "account_receivable_turnover_ratio": 1.13,
            "reinvestment_rate": 361.94,
            "research_to_sale_ratio": 2.05,
            "price_fair": 68.95,
            "eps_avg_yearly": 1.97,
            "eps_latest_yearly": 1.56,
            "eps_growth_yearly": 180.46
        }
    },
    "months": {
        "2014-10": {
            "month": "2014-10",
            "price": "24.89",
            "revenue": 101640
        },
        "2014-11": {
            "month": "2014-11",
            "price": "23.33",
            "revenue": 170963
        },
        "2014-12": {
            "month": "2014-12",
            "price": "24.48",
            "revenue": 79522
        },
        "2015-01": {
            "month": "2015-01",
            "price": "24.80",
            "revenue": 61436
        },
        "2015-02": {
            "month": "2015-02",
            "price": "24.84",
            "revenue": 63577
        },
        "2015-03": {
            "month": "2015-03",
            "price": "25.89",
            "revenue": 63578
        },
        "2015-04": {
            "month": "2015-04",
            "price": "25.38",
            "revenue": 152637
        },
        "2015-05": {
            "month": "2015-05",
            "price": "23.42",
            "revenue": 76706
        },
        "2015-06": {
            "month": "2015-06",
            "price": "23.90",
            "revenue": 83583
        },
        "2015-07": {
            "month": "2015-07",
            "price": "24.11",
            "revenue": 122774
        },
        "2015-08": {
            "month": "2015-08",
            "price": "21.58",
            "revenue": 105046
        },
        "2015-09": {
            "month": "2015-09",
            "price": "22.94",
            "revenue": 128885
        },
        "2015-10": {
            "month": "2015-10",
            "price": "22.77",
            "revenue": 146820
        },
        "2015-11": {
            "month": "2015-11",
            "price": "21.48",
            "revenue": 190479
        },
        "2015-12": {
            "month": "2015-12",
            "price": "24.53",
            "revenue": 109402
        },
        "2016-01": {
            "month": "2016-01",
            "price": "23.77",
            "revenue": 57793
        },
        "2016-02": {
            "month": "2016-02",
            "price": "22.76",
            "revenue": 56973
        },
        "2016-03": {
            "month": "2016-03",
            "price": "23.63",
            "revenue": 60348
        },
        "2016-04": {
            "month": "2016-04",
            "price": "24.45",
            "revenue": 138336
        },
        "2016-05": {
            "month": "2016-05",
            "price": "22.82",
            "revenue": 132719
        },
        "2016-06": {
            "month": "2016-06",
            "price": "22.98",
            "revenue": 60542
        },
        "2016-07": {
            "month": "2016-07",
            "price": "21.74",
            "revenue": 53330
        },
        "2016-08": {
            "month": "2016-08",
            "price": "19.65",
            "revenue": 22401
        },
        "2016-09": {
            "month": "2016-09",
            "price": "16.32",
            "revenue": 46871
        },
        "2016-10": {
            "month": "2016-10",
            "price": "17.92",
            "revenue": 106924
        },
        "2016-11": {
            "month": "2016-11",
            "price": "17.49",
            "revenue": 100935
        },
        "2016-12": {
            "month": "2016-12",
            "price": "18.83",
            "revenue": 60281
        },
        "2017-01": {
            "month": "2017-01",
            "price": "18.66",
            "revenue": 48578
        },
        "2017-02": {
            "month": "2017-02",
            "price": "18.35",
            "revenue": 30380
        },
        "2017-03": {
            "month": "2017-03",
            "price": "17.97",
            "revenue": 61956
        },
        "2017-04": {
            "month": "2017-04",
            "price": "17.70",
            "revenue": 76176
        },
        "2017-05": {
            "month": "2017-05",
            "price": "16.67",
            "revenue": 78822
        },
        "2017-06": {
            "month": "2017-06",
            "price": "15.96",
            "revenue": 96815
        },
        "2017-07": {
            "month": "2017-07",
            "price": "15.58",
            "revenue": 131665
        },
        "2017-08": {
            "month": "2017-08",
            "price": "16.06",
            "revenue": 151227
        },
        "2017-09": {
            "month": "2017-09",
            "price": "21.67",
            "revenue": 139225
        },
        "2017-10": {
            "month": "2017-10",
            "price": "22.97",
            "revenue": 159759
        },
        "2017-11": {
            "month": "2017-11",
            "price": "24.64",
            "revenue": 158329
        },
        "2017-12": {
            "month": "2017-12",
            "price": "23.84",
            "revenue": 140070
        },
        "2018-01": {
            "month": "2018-01",
            "price": "23.17",
            "revenue": 126429
        },
        "2018-02": {
            "month": "2018-02",
            "price": "20.71",
            "revenue": 119510
        },
        "2018-03": {
            "month": "2018-03",
            "price": "21.47",
            "revenue": 228959
        },
        "2018-04": {
            "month": "2018-04",
            "price": "23.12",
            "revenue": 117408
        },
        "2018-05": {
            "month": "2018-05",
            "price": "25.10",
            "revenue": 127538
        },
        "2018-06": {
            "month": "2018-06",
            "price": "23.18",
            "revenue": 119605
        },
        "2018-07": {
            "month": "2018-07",
            "price": "21.08",
            "revenue": 144927
        },
        "2018-08": {
            "month": "2018-08",
            "price": "22.54",
            "revenue": 210637
        },
        "2018-09": {
            "month": "2018-09",
            "price": "23.85",
            "revenue": 153035
        },
        "2018-10": {
            "month": "2018-10",
            "price": "19.76",
            "revenue": 141340
        },
        "2018-11": {
            "month": "2018-11",
            "price": "19.94",
            "revenue": 117258
        },
        "2018-12": {
            "month": "2018-12",
            "price": "20.49",
            "revenue": 188533
        },
        "2019-01": {
            "month": "2019-01",
            "price": "21.15",
            "revenue": 131243
        },
        "2019-02": {
            "month": "2019-02",
            "price": "22.28",
            "revenue": 117373
        },
        "2019-03": {
            "month": "2019-03",
            "price": "23.93",
            "revenue": 270015
        },
        "2019-04": {
            "month": "2019-04",
            "price": "24.36",
            "revenue": 178179
        },
        "2019-05": {
            "month": "2019-05",
            "price": "23.91",
            "revenue": 148701
        },
        "2019-06": {
            "month": "2019-06",
            "price": "23.13",
            "revenue": 72894
        },
        "2019-07": {
            "month": "2019-07",
            "price": "22.14",
            "revenue": 81461
        },
        "2019-08": {
            "month": "2019-08",
            "price": "21.04",
            "revenue": 113966
        },
        "2019-09": {
            "month": "2019-09",
            "price": "21.77",
            "revenue": 114058
        },
        "2019-10": {
            "month": "2019-10",
            "price": "21.48",
            "revenue": 124475
        },
        "2019-11": {
            "month": "2019-11",
            "price": "21.79",
            "revenue": 89614
        },
        "2019-12": {
            "month": "2019-12",
            "price": "22.68",
            "revenue": 123589
        },
        "2020-01": {
            "month": "2020-01",
            "price": "23.36",
            "revenue": 46669
        },
        "2020-02": {
            "month": "2020-02",
            "price": "22.62",
            "revenue": 69252
        },
        "2020-03": {
            "month": "2020-03",
            "price": "18.71",
            "revenue": 66540
        },
        "2020-04": {
            "month": "2020-04",
            "price": "18.79",
            "revenue": 140041
        },
        "2020-05": {
            "month": "2020-05",
            "price": "20.48",
            "revenue": 163122
        },
        "2020-06": {
            "month": "2020-06",
            "price": "22.67",
            "revenue": 307398
        },
        "2020-07": {
            "month": "2020-07",
            "price": "32.14",
            "revenue": 302834
        },
        "2020-08": {
            "month": "2020-08",
            "price": "37.71",
            "revenue": 286736
        },
        "2020-09": {
            "month": "2020-09",
            "price": "38.12",
            "revenue": 362958
        },
        "2020-10": {
            "month": "2020-10",
            "price": "54.19",
            "revenue": 172228
        },
        "2020-11": {
            "month": "2020-11",
            "price": "61.06",
            "revenue": 115181
        },
        "2020-12": {
            "month": "2020-12",
            "price": "64.55",
            "revenue": 52184
        },
        "2021-01": {
            "month": "2021-01",
            "price": "63.23",
            "revenue": 45871
        },
        "2021-02": {
            "month": "2021-02",
            "price": "60.06",
            "revenue": 52532
        },
        "2021-03": {
            "month": "2021-03",
            "price": "64.72",
            "revenue": 94414
        },
        "2021-04": {
            "month": "2021-04",
            "price": "65.21",
            "revenue": 91238
        },
        "2021-05": {
            "month": "2021-05",
            "price": "47.81",
            "revenue": 87311
        },
        "2021-06": {
            "month": "2021-06",
            "price": "47.55",
            "revenue": 128420
        },
        "2021-07": {
            "month": "2021-07",
            "price": "46.43",
            "revenue": 77849
        },
        "2021-08": {
            "month": "2021-08",
            "price": "40.14",
            "revenue": 110114
        },
        "2021-09": {
            "month": "2021-09",
            "price": "34.96",
            "revenue": 138740
        },
        "2021-10": {
            "month": "2021-10",
            "price": "40.02",
            "revenue": 209105
        },
        "2021-11": {
            "month": "2021-11",
            "price": "43.90",
            "revenue": 258665
        },
        "2021-12": {
            "month": "2021-12",
            "price": "46.55",
            "revenue": 248585
        },
        "2022-01": {
            "month": "2022-01",
            "price": "51.75",
            "revenue": 234449
        },
        "2022-02": {
            "month": "2022-02",
            "price": "48.21",
            "revenue": 232177
        },
        "2022-03": {
            "month": "2022-03",
            "price": "58.38",
            "revenue": 295233
        },
        "2022-04": {
            "month": "2022-04",
            "price": "62.39",
            "revenue": 358235
        },
        "2022-05": {
            "month": "2022-05",
            "price": "53.75",
            "revenue": 166777
        },
        "2022-06": {
            "month": "2022-06",
            "price": "49.57",
            "revenue": 110202
        },
        "2022-07": {
            "month": "2022-07",
            "price": "52.66",
            "revenue": 265651
        },
        "2022-08": {
            "month": "2022-08",
            "price": "55.23",
            "revenue": 360067
        },
        "2022-09": {
            "month": "2022-09",
            "price": "52.65",
            "revenue": 403208
        },
        "2022-10": {
            "month": "2022-10",
            "price": "43.22",
            "revenue": 379582
        },
        "2022-11": {
            "month": "2022-11",
            "price": "44.94",
            "revenue": 365285
        },
        "2022-12": {
            "month": "2022-12",
            "price": "47.00",
            "revenue": 97693
        },
        "2023-01": {
            "month": "2023-01",
            "price": "46.34",
            "revenue": 81076
        },
        "2023-02": {
            "month": "2023-02",
            "price": "47.28",
            "revenue": 158094
        },
        "2023-03": {
            "month": "2023-03",
            "price": "48.05",
            "revenue": 258755
        },
        "2023-04": {
            "month": "2023-04",
            "price": "53.94",
            "revenue": 194679
        },
        "2023-05": {
            "month": "2023-05",
            "price": "52.08",
            "revenue": 163116
        },
        "2023-06": {
            "month": "2023-06",
            "price": "50.42",
            "revenue": 156707
        },
        "2023-07": {
            "month": "2023-07",
            "price": "48.05",
            "revenue": 99553
        },
        "2023-08": {
            "month": "2023-08",
            "price": "42.35",
            "revenue": 79120
        },
        "2023-09": {
            "month": "2023-09",
            "price": "41.14",
            "revenue": 76698
        },
        "2023-10": {
            "month": "2023-10",
            "price": "37.28",
            "revenue": 92806
        },
        "2023-11": {
            "month": "2023-11",
            "price": "37.29",
            "revenue": 85331
        },
        "2023-12": {
            "month": "2023-12",
            "price": "38.16",
            "revenue": 55879
        }
    }
}
