{
    "summary": {
        "stock_name": "弘煜科",
        "stock_id": "6482",
        "category": "文化創意",
        "main_business": "遊戲軟體研發及銷售",
        "website_url": "http://www.fy.com.tw",
        "ceo": "洪而立",
        "pe_ratio": 15,
        "report_year_from": 2013,
        "report_year_to": 2023,
        "age": 10,
        "eps_negative_percentage": 33,
        "eps_growth_avg": {
            "last_all": -28.67,
            "last_2y": 100,
            "last_4y": 0,
            "last_8y": null,
            "last_12y": null,
            "last_16y": null,
            "last_20y": null,
            "at_2006_last_3y": null,
            "at_2007_last_3y": null,
            "at_2008_last_3y": null,
            "at_2009_last_3y": null,
            "at_2010_last_3y": null,
            "at_2011_last_3y": null,
            "at_2012_last_3y": null,
            "at_2013_last_3y": null,
            "at_2014_last_3y": null,
            "at_2015_last_3y": null,
            "at_2016_last_3y": null,
            "at_2017_last_3y": null,
            "at_2018_last_3y": null,
            "at_2019_last_3y": -71.57,
            "at_2020_last_3y": -97.22,
            "at_2021_last_3y": -100,
            "at_2022_last_3y": 100,
            "at_2023_last_3y": 100,
            "at_2006_last_all": null,
            "at_2007_last_all": null,
            "at_2008_last_all": null,
            "at_2009_last_all": null,
            "at_2010_last_all": null,
            "at_2011_last_all": null,
            "at_2012_last_all": null,
            "at_2013_last_all": null,
            "at_2014_last_all": null,
            "at_2015_last_all": null,
            "at_2016_last_all": null,
            "at_2017_last_all": -57.35,
            "at_2018_last_all": -71.57,
            "at_2019_last_all": -71.57,
            "at_2020_last_all": -71.57,
            "at_2021_last_all": -71.57,
            "at_2022_last_all": -28.67,
            "at_2023_last_all": -28.67
        },
        "latest_eps": 2.95,
        "latest_price": 43.4,
        "latest_roe": 19.41,
        "latest_gross_margin": 99.96,
        "latest_equity": 317947,
        "latest_revenue": 99968,
        "latest_gross_profit": 99925,
        "latest_net_income": 11033,
        "latest_debt_ratio": 26.54,
        "latest_current_ratio": 376.2,
        "latest_account_receivable_turnover_ratio": 1.08,
        "latest_inventory_turnover_ratio": null,
        "latest_reinvestment_rate": -52.67,
        "latest_research_to_sale_ratio": 8.42
    },
    "eps_dividends": {
        "2001": {
            "cash": 0,
            "stock": 0,
            "eps": 0
        },
        "2002": {
            "cash": 0,
            "stock": 0,
            "eps": 0
        },
        "2003": {
            "cash": 0,
            "stock": 0,
            "eps": 0
        },
        "2004": {
            "cash": 0,
            "stock": 0,
            "eps": 0
        },
        "2005": {
            "cash": 0,
            "stock": 0,
            "eps": 0
        },
        "2006": {
            "cash": 0,
            "stock": 0,
            "eps": 0
        },
        "2007": {
            "cash": 0,
            "stock": 0,
            "eps": 0
        },
        "2008": {
            "cash": 0,
            "stock": 0,
            "eps": 0
        },
        "2009": {
            "cash": 0,
            "stock": 0,
            "eps": 0
        },
        "2010": {
            "cash": 0,
            "stock": 0,
            "eps": 0
        },
        "2011": {
            "cash": 0,
            "stock": 0,
            "eps": 0
        },
        "2012": {
            "cash": 0,
            "stock": 0,
            "eps": 0
        },
        "2013": {
            "cash": 0,
            "stock": 0,
            "eps": 0
        },
        "2014": {
            "cash": 1,
            "stock": 2,
            "eps": 0
        },
        "2015": {
            "cash": 0,
            "stock": 0,
            "eps": 1.58
        },
        "2016": {
            "cash": 2,
            "stock": 1,
            "eps": 1.26
        },
        "2017": {
            "cash": 1,
            "stock": 1,
            "eps": 0.07
        },
        "2018": {
            "cash": 0,
            "stock": 1,
            "eps": -1.65
        },
        "2019": {
            "cash": 0,
            "stock": 0,
            "eps": -1.15
        },
        "2020": {
            "cash": 0,
            "stock": 0,
            "eps": -3.4
        },
        "2021": {
            "cash": 0,
            "stock": 0,
            "eps": 1.34
        },
        "2022": {
            "cash": 0,
            "stock": 1,
            "eps": 3.19
        },
        "2023": {
            "cash": 1,
            "stock": 2,
            "eps": 0.58
        }
    },
    "dividends": {
        "2014-06-30": {
            "cash": 0.82,
            "stock": 1.92
        },
        "2016-10-07": {
            "cash": 2,
            "stock": 1
        },
        "2017-10-06": {
            "cash": 1,
            "stock": 1
        },
        "2018-03-22": {
            "cash": 0,
            "stock": 1
        },
        "2022-03-22": {
            "cash": 0,
            "stock": 1
        },
        "2023-03-23": {
            "cash": 1,
            "stock": 1.5
        }
    },
    "prices": {
        "200101": "無",
        "200102": "無",
        "200103": "無",
        "200104": "無",
        "200105": "無",
        "200106": "無",
        "200107": "無",
        "200108": "無",
        "200109": "無",
        "200110": "無",
        "200111": "無",
        "200112": "無",
        "200201": "無",
        "200202": "無",
        "200203": "無",
        "200204": "無",
        "200205": "無",
        "200206": "無",
        "200207": "無",
        "200208": "無",
        "200209": "無",
        "200210": "無",
        "200211": "無",
        "200212": "無",
        "200301": "無",
        "200302": "無",
        "200303": "無",
        "200304": "無",
        "200305": "無",
        "200306": "無",
        "200307": "無",
        "200308": "無",
        "200309": "無",
        "200310": "無",
        "200311": "無",
        "200312": "無",
        "200401": "無",
        "200402": "無",
        "200403": "無",
        "200404": "無",
        "200405": "無",
        "200406": "無",
        "200407": "無",
        "200408": "無",
        "200409": "無",
        "200410": "無",
        "200411": "無",
        "200412": "無",
        "200501": "無",
        "200502": "無",
        "200503": "無",
        "200504": "無",
        "200505": "無",
        "200506": "無",
        "200507": "無",
        "200508": "無",
        "200509": "無",
        "200510": "無",
        "200511": "無",
        "200512": "無",
        "200601": "無",
        "200602": "無",
        "200603": "無",
        "200604": "無",
        "200605": "無",
        "200606": "無",
        "200607": "無",
        "200608": "無",
        "200609": "無",
        "200610": "無",
        "200611": "無",
        "200612": "無",
        "200701": "無",
        "200702": "無",
        "200703": "無",
        "200704": "無",
        "200705": "無",
        "200706": "無",
        "200707": "無",
        "200708": "無",
        "200709": "無",
        "200710": "無",
        "200711": "無",
        "200712": "無",
        "200801": "無",
        "200802": "無",
        "200803": "無",
        "200804": "無",
        "200805": "無",
        "200806": "無",
        "200807": "無",
        "200808": "無",
        "200809": "無",
        "200810": "無",
        "200811": "無",
        "200812": "無",
        "200901": "無",
        "200902": "無",
        "200903": "無",
        "200904": "無",
        "200905": "無",
        "200906": "無",
        "200907": "無",
        "200908": "無",
        "200909": "無",
        "200910": "無",
        "200911": "無",
        "200912": "無",
        "201001": "無",
        "201002": "無",
        "201003": "無",
        "201004": "無",
        "201005": "無",
        "201006": "無",
        "201007": "無",
        "201008": "無",
        "201009": "無",
        "201010": "無",
        "201011": "無",
        "201012": "無",
        "201101": "無",
        "201102": "無",
        "201103": "無",
        "201104": "無",
        "201105": "無",
        "201106": "無",
        "201107": "無",
        "201108": "無",
        "201109": "無",
        "201110": "無",
        "201111": "無",
        "201112": "無",
        "201201": "無",
        "201202": "無",
        "201203": "無",
        "201204": "無",
        "201205": "無",
        "201206": "無",
        "201207": "無",
        "201208": "無",
        "201209": "無",
        "201210": "無",
        "201211": "無",
        "201212": "無",
        "201301": "無",
        "201302": "無",
        "201303": "無",
        "201304": "無",
        "201305": "無",
        "201306": "無",
        "201307": "無",
        "201308": "無",
        "201309": "無",
        "201310": "無",
        "201311": "無",
        "201312": "無",
        "201401": "無",
        "201402": "無",
        "201403": "無",
        "201404": "無",
        "201405": "無",
        "201406": "無",
        "201407": "無",
        "201408": "無",
        "201409": "無",
        "201410": "無",
        "201411": "89.12",
        "201412": "93.42",
        "201501": "80.65",
        "201502": "75.96",
        "201503": "68.90",
        "201504": "68.67",
        "201505": "68.51",
        "201506": "66.29",
        "201507": "68.36",
        "201508": "67.64",
        "201509": "63.82",
        "201510": "64.48",
        "201511": "64.95",
        "201512": "74.93",
        "201601": "86.22",
        "201602": "91.71",
        "201603": "87.90",
        "201604": "88.95",
        "201605": "82.98",
        "201606": "66.83",
        "201607": "71.26",
        "201608": "76.42",
        "201609": "64.42",
        "201610": "62.54",
        "201611": "54.29",
        "201612": "49.49",
        "201701": "50.26",
        "201702": "53.16",
        "201703": "56.20",
        "201704": "55.15",
        "201705": "53.24",
        "201706": "51.50",
        "201707": "47.00",
        "201708": "38.32",
        "201709": "35.88",
        "201710": "34.98",
        "201711": "34.33",
        "201712": "33.16",
        "201801": "33.60",
        "201802": "32.76",
        "201803": "32.90",
        "201804": "32.48",
        "201805": "32.53",
        "201806": "32.47",
        "201807": "32.09",
        "201808": "32.06",
        "201809": "30.03",
        "201810": "28.59",
        "201811": "29.44",
        "201812": "28.89",
        "201901": "28.09",
        "201902": "28.53",
        "201903": "28.47",
        "201904": "28.24",
        "201905": "27.81",
        "201906": "27.72",
        "201907": "28.67",
        "201908": "29.17",
        "201909": "29.75",
        "201910": "29.53",
        "201911": "29.81",
        "201912": "29.46",
        "202001": "29.18",
        "202002": "33.48",
        "202003": "29.96",
        "202004": "26.64",
        "202005": "28.93",
        "202006": "32.81",
        "202007": "34.15",
        "202008": "27.01",
        "202009": "25.93",
        "202010": "25.30",
        "202011": "24.78",
        "202012": "24.96",
        "202101": "26.02",
        "202102": "43.21",
        "202103": "57.75",
        "202104": "50.81",
        "202105": "41.77",
        "202106": "43.58",
        "202107": "46.94",
        "202108": "42.87",
        "202109": "33.54",
        "202110": "33.78",
        "202111": "36.59",
        "202112": "45.76",
        "202201": "46.32",
        "202202": "45.11",
        "202203": "39.66",
        "202204": "38.55",
        "202205": "42.34",
        "202206": "43.41",
        "202207": "42.83",
        "202208": "45.04",
        "202209": "43.48",
        "202210": "42.86",
        "202211": "42.27",
        "202212": "42.79",
        "202301": "43.46",
        "202302": "45.38",
        "202303": "45.01",
        "202304": "45.50",
        "202305": "45.24"
    },
    "quarters": {
        "20011": {
            "year_quarter": 20011,
            "year": 2001,
            "quarter": 1,
            "eps": null,
            "eps_growth_year": null,
            "eps_4q": null,
            "eps_4q_growth_year": null,
            "roe": null,
            "roe_4q": 0,
            "gross_profit": null,
            "gross_margin": null,
            "gross_margin_4q_avg": 0,
            "net_income": null,
            "revenue": null,
            "common_shares": null,
            "book_valuer_per_share": null,
            "book_valuer_per_share_4q_avg": 0,
            "equity": null,
            "current_ratio": null,
            "debt_ratio": null,
            "inventory_turnover_ratio": null,
            "account_receivable_turnover_ratio": null,
            "reinvestment_rate": null,
            "research_to_sale_ratio": null,
            "price_fair": 0,
            "eps_avg_yearly": 0,
            "eps_latest_yearly": 0,
            "eps_growth_yearly": 0
        },
        "20012": {
            "year_quarter": 20012,
            "year": 2001,
            "quarter": 2,
            "eps": null,
            "eps_growth_year": null,
            "eps_4q": null,
            "eps_4q_growth_year": null,
            "roe": null,
            "roe_4q": 0,
            "gross_profit": null,
            "gross_margin": null,
            "gross_margin_4q_avg": 0,
            "net_income": null,
            "revenue": null,
            "common_shares": null,
            "book_valuer_per_share": null,
            "book_valuer_per_share_4q_avg": 0,
            "equity": null,
            "current_ratio": null,
            "debt_ratio": null,
            "inventory_turnover_ratio": null,
            "account_receivable_turnover_ratio": null,
            "reinvestment_rate": null,
            "research_to_sale_ratio": null,
            "price_fair": 0,
            "eps_avg_yearly": 0,
            "eps_latest_yearly": 0,
            "eps_growth_yearly": 0
        },
        "20013": {
            "year_quarter": 20013,
            "year": 2001,
            "quarter": 3,
            "eps": null,
            "eps_growth_year": null,
            "eps_4q": null,
            "eps_4q_growth_year": null,
            "roe": null,
            "roe_4q": 0,
            "gross_profit": null,
            "gross_margin": null,
            "gross_margin_4q_avg": 0,
            "net_income": null,
            "revenue": null,
            "common_shares": null,
            "book_valuer_per_share": null,
            "book_valuer_per_share_4q_avg": 0,
            "equity": null,
            "current_ratio": null,
            "debt_ratio": null,
            "inventory_turnover_ratio": null,
            "account_receivable_turnover_ratio": null,
            "reinvestment_rate": null,
            "research_to_sale_ratio": null,
            "price_fair": 0,
            "eps_avg_yearly": 0,
            "eps_latest_yearly": 0,
            "eps_growth_yearly": 0
        },
        "20014": {
            "year_quarter": 20014,
            "year": 2001,
            "quarter": 4,
            "eps": null,
            "eps_growth_year": null,
            "eps_4q": null,
            "eps_4q_growth_year": null,
            "roe": null,
            "roe_4q": 0,
            "gross_profit": null,
            "gross_margin": null,
            "gross_margin_4q_avg": 0,
            "net_income": null,
            "revenue": null,
            "common_shares": null,
            "book_valuer_per_share": null,
            "book_valuer_per_share_4q_avg": 0,
            "equity": null,
            "current_ratio": null,
            "debt_ratio": null,
            "inventory_turnover_ratio": null,
            "account_receivable_turnover_ratio": null,
            "reinvestment_rate": null,
            "research_to_sale_ratio": null,
            "price_fair": 0,
            "eps_avg_yearly": 0,
            "eps_latest_yearly": 0,
            "eps_growth_yearly": 0
        },
        "20021": {
            "year_quarter": 20021,
            "year": 2002,
            "quarter": 1,
            "eps": null,
            "eps_growth_year": null,
            "eps_4q": null,
            "eps_4q_growth_year": null,
            "roe": null,
            "roe_4q": 0,
            "gross_profit": null,
            "gross_margin": null,
            "gross_margin_4q_avg": 0,
            "net_income": null,
            "revenue": null,
            "common_shares": null,
            "book_valuer_per_share": null,
            "book_valuer_per_share_4q_avg": 0,
            "equity": null,
            "current_ratio": null,
            "debt_ratio": null,
            "inventory_turnover_ratio": null,
            "account_receivable_turnover_ratio": null,
            "reinvestment_rate": null,
            "research_to_sale_ratio": null,
            "price_fair": 0,
            "eps_avg_yearly": 0,
            "eps_latest_yearly": 0,
            "eps_growth_yearly": 0
        },
        "20022": {
            "year_quarter": 20022,
            "year": 2002,
            "quarter": 2,
            "eps": null,
            "eps_growth_year": null,
            "eps_4q": null,
            "eps_4q_growth_year": null,
            "roe": null,
            "roe_4q": 0,
            "gross_profit": null,
            "gross_margin": null,
            "gross_margin_4q_avg": 0,
            "net_income": null,
            "revenue": null,
            "common_shares": null,
            "book_valuer_per_share": null,
            "book_valuer_per_share_4q_avg": 0,
            "equity": null,
            "current_ratio": null,
            "debt_ratio": null,
            "inventory_turnover_ratio": null,
            "account_receivable_turnover_ratio": null,
            "reinvestment_rate": null,
            "research_to_sale_ratio": null,
            "price_fair": 0,
            "eps_avg_yearly": 0,
            "eps_latest_yearly": 0,
            "eps_growth_yearly": 0
        },
        "20023": {
            "year_quarter": 20023,
            "year": 2002,
            "quarter": 3,
            "eps": null,
            "eps_growth_year": null,
            "eps_4q": null,
            "eps_4q_growth_year": null,
            "roe": null,
            "roe_4q": 0,
            "gross_profit": null,
            "gross_margin": null,
            "gross_margin_4q_avg": 0,
            "net_income": null,
            "revenue": null,
            "common_shares": null,
            "book_valuer_per_share": null,
            "book_valuer_per_share_4q_avg": 0,
            "equity": null,
            "current_ratio": null,
            "debt_ratio": null,
            "inventory_turnover_ratio": null,
            "account_receivable_turnover_ratio": null,
            "reinvestment_rate": null,
            "research_to_sale_ratio": null,
            "price_fair": 0,
            "eps_avg_yearly": 0,
            "eps_latest_yearly": 0,
            "eps_growth_yearly": 0
        },
        "20024": {
            "year_quarter": 20024,
            "year": 2002,
            "quarter": 4,
            "eps": null,
            "eps_growth_year": null,
            "eps_4q": null,
            "eps_4q_growth_year": null,
            "roe": null,
            "roe_4q": 0,
            "gross_profit": null,
            "gross_margin": null,
            "gross_margin_4q_avg": 0,
            "net_income": null,
            "revenue": null,
            "common_shares": null,
            "book_valuer_per_share": null,
            "book_valuer_per_share_4q_avg": 0,
            "equity": null,
            "current_ratio": null,
            "debt_ratio": null,
            "inventory_turnover_ratio": null,
            "account_receivable_turnover_ratio": null,
            "reinvestment_rate": null,
            "research_to_sale_ratio": null,
            "price_fair": 0,
            "eps_avg_yearly": 0,
            "eps_latest_yearly": 0,
            "eps_growth_yearly": 0
        },
        "20031": {
            "year_quarter": 20031,
            "year": 2003,
            "quarter": 1,
            "eps": null,
            "eps_growth_year": null,
            "eps_4q": null,
            "eps_4q_growth_year": null,
            "roe": null,
            "roe_4q": 0,
            "gross_profit": null,
            "gross_margin": null,
            "gross_margin_4q_avg": 0,
            "net_income": null,
            "revenue": null,
            "common_shares": null,
            "book_valuer_per_share": null,
            "book_valuer_per_share_4q_avg": 0,
            "equity": null,
            "current_ratio": null,
            "debt_ratio": null,
            "inventory_turnover_ratio": null,
            "account_receivable_turnover_ratio": null,
            "reinvestment_rate": null,
            "research_to_sale_ratio": null,
            "price_fair": 0,
            "eps_avg_yearly": 0,
            "eps_latest_yearly": 0,
            "eps_growth_yearly": 0
        },
        "20032": {
            "year_quarter": 20032,
            "year": 2003,
            "quarter": 2,
            "eps": null,
            "eps_growth_year": null,
            "eps_4q": null,
            "eps_4q_growth_year": null,
            "roe": null,
            "roe_4q": 0,
            "gross_profit": null,
            "gross_margin": null,
            "gross_margin_4q_avg": 0,
            "net_income": null,
            "revenue": null,
            "common_shares": null,
            "book_valuer_per_share": null,
            "book_valuer_per_share_4q_avg": 0,
            "equity": null,
            "current_ratio": null,
            "debt_ratio": null,
            "inventory_turnover_ratio": null,
            "account_receivable_turnover_ratio": null,
            "reinvestment_rate": null,
            "research_to_sale_ratio": null,
            "price_fair": 0,
            "eps_avg_yearly": 0,
            "eps_latest_yearly": 0,
            "eps_growth_yearly": 0
        },
        "20033": {
            "year_quarter": 20033,
            "year": 2003,
            "quarter": 3,
            "eps": null,
            "eps_growth_year": null,
            "eps_4q": null,
            "eps_4q_growth_year": null,
            "roe": null,
            "roe_4q": 0,
            "gross_profit": null,
            "gross_margin": null,
            "gross_margin_4q_avg": 0,
            "net_income": null,
            "revenue": null,
            "common_shares": null,
            "book_valuer_per_share": null,
            "book_valuer_per_share_4q_avg": 0,
            "equity": null,
            "current_ratio": null,
            "debt_ratio": null,
            "inventory_turnover_ratio": null,
            "account_receivable_turnover_ratio": null,
            "reinvestment_rate": null,
            "research_to_sale_ratio": null,
            "price_fair": 0,
            "eps_avg_yearly": 0,
            "eps_latest_yearly": 0,
            "eps_growth_yearly": 0
        },
        "20034": {
            "year_quarter": 20034,
            "year": 2003,
            "quarter": 4,
            "eps": null,
            "eps_growth_year": null,
            "eps_4q": null,
            "eps_4q_growth_year": null,
            "roe": null,
            "roe_4q": 0,
            "gross_profit": null,
            "gross_margin": null,
            "gross_margin_4q_avg": 0,
            "net_income": null,
            "revenue": null,
            "common_shares": null,
            "book_valuer_per_share": null,
            "book_valuer_per_share_4q_avg": 0,
            "equity": null,
            "current_ratio": null,
            "debt_ratio": null,
            "inventory_turnover_ratio": null,
            "account_receivable_turnover_ratio": null,
            "reinvestment_rate": null,
            "research_to_sale_ratio": null,
            "price_fair": 0,
            "eps_avg_yearly": 0,
            "eps_latest_yearly": 0,
            "eps_growth_yearly": 0
        },
        "20041": {
            "year_quarter": 20041,
            "year": 2004,
            "quarter": 1,
            "eps": null,
            "eps_growth_year": null,
            "eps_4q": null,
            "eps_4q_growth_year": null,
            "roe": null,
            "roe_4q": 0,
            "gross_profit": null,
            "gross_margin": null,
            "gross_margin_4q_avg": 0,
            "net_income": null,
            "revenue": null,
            "common_shares": null,
            "book_valuer_per_share": null,
            "book_valuer_per_share_4q_avg": 0,
            "equity": null,
            "current_ratio": null,
            "debt_ratio": null,
            "inventory_turnover_ratio": null,
            "account_receivable_turnover_ratio": null,
            "reinvestment_rate": null,
            "research_to_sale_ratio": null,
            "price_fair": 0,
            "eps_avg_yearly": 0,
            "eps_latest_yearly": 0,
            "eps_growth_yearly": 0
        },
        "20042": {
            "year_quarter": 20042,
            "year": 2004,
            "quarter": 2,
            "eps": null,
            "eps_growth_year": null,
            "eps_4q": null,
            "eps_4q_growth_year": null,
            "roe": null,
            "roe_4q": 0,
            "gross_profit": null,
            "gross_margin": null,
            "gross_margin_4q_avg": 0,
            "net_income": null,
            "revenue": null,
            "common_shares": null,
            "book_valuer_per_share": null,
            "book_valuer_per_share_4q_avg": 0,
            "equity": null,
            "current_ratio": null,
            "debt_ratio": null,
            "inventory_turnover_ratio": null,
            "account_receivable_turnover_ratio": null,
            "reinvestment_rate": null,
            "research_to_sale_ratio": null,
            "price_fair": 0,
            "eps_avg_yearly": 0,
            "eps_latest_yearly": 0,
            "eps_growth_yearly": 0
        },
        "20043": {
            "year_quarter": 20043,
            "year": 2004,
            "quarter": 3,
            "eps": null,
            "eps_growth_year": null,
            "eps_4q": null,
            "eps_4q_growth_year": null,
            "roe": null,
            "roe_4q": 0,
            "gross_profit": null,
            "gross_margin": null,
            "gross_margin_4q_avg": 0,
            "net_income": null,
            "revenue": null,
            "common_shares": null,
            "book_valuer_per_share": null,
            "book_valuer_per_share_4q_avg": 0,
            "equity": null,
            "current_ratio": null,
            "debt_ratio": null,
            "inventory_turnover_ratio": null,
            "account_receivable_turnover_ratio": null,
            "reinvestment_rate": null,
            "research_to_sale_ratio": null,
            "price_fair": 0,
            "eps_avg_yearly": 0,
            "eps_latest_yearly": 0,
            "eps_growth_yearly": 0
        },
        "20044": {
            "year_quarter": 20044,
            "year": 2004,
            "quarter": 4,
            "eps": null,
            "eps_growth_year": null,
            "eps_4q": null,
            "eps_4q_growth_year": null,
            "roe": null,
            "roe_4q": 0,
            "gross_profit": null,
            "gross_margin": null,
            "gross_margin_4q_avg": 0,
            "net_income": null,
            "revenue": null,
            "common_shares": null,
            "book_valuer_per_share": null,
            "book_valuer_per_share_4q_avg": 0,
            "equity": null,
            "current_ratio": null,
            "debt_ratio": null,
            "inventory_turnover_ratio": null,
            "account_receivable_turnover_ratio": null,
            "reinvestment_rate": null,
            "research_to_sale_ratio": null,
            "price_fair": 0,
            "eps_avg_yearly": 0,
            "eps_latest_yearly": 0,
            "eps_growth_yearly": 0
        },
        "20051": {
            "year_quarter": 20051,
            "year": 2005,
            "quarter": 1,
            "eps": null,
            "eps_growth_year": null,
            "eps_4q": null,
            "eps_4q_growth_year": null,
            "roe": null,
            "roe_4q": 0,
            "gross_profit": null,
            "gross_margin": null,
            "gross_margin_4q_avg": 0,
            "net_income": null,
            "revenue": null,
            "common_shares": null,
            "book_valuer_per_share": null,
            "book_valuer_per_share_4q_avg": 0,
            "equity": null,
            "current_ratio": null,
            "debt_ratio": null,
            "inventory_turnover_ratio": null,
            "account_receivable_turnover_ratio": null,
            "reinvestment_rate": null,
            "research_to_sale_ratio": null,
            "price_fair": 0,
            "eps_avg_yearly": 0,
            "eps_latest_yearly": 0,
            "eps_growth_yearly": 0
        },
        "20052": {
            "year_quarter": 20052,
            "year": 2005,
            "quarter": 2,
            "eps": null,
            "eps_growth_year": null,
            "eps_4q": null,
            "eps_4q_growth_year": null,
            "roe": null,
            "roe_4q": 0,
            "gross_profit": null,
            "gross_margin": null,
            "gross_margin_4q_avg": 0,
            "net_income": null,
            "revenue": null,
            "common_shares": null,
            "book_valuer_per_share": null,
            "book_valuer_per_share_4q_avg": 0,
            "equity": null,
            "current_ratio": null,
            "debt_ratio": null,
            "inventory_turnover_ratio": null,
            "account_receivable_turnover_ratio": null,
            "reinvestment_rate": null,
            "research_to_sale_ratio": null,
            "price_fair": 0,
            "eps_avg_yearly": 0,
            "eps_latest_yearly": 0,
            "eps_growth_yearly": 0
        },
        "20053": {
            "year_quarter": 20053,
            "year": 2005,
            "quarter": 3,
            "eps": null,
            "eps_growth_year": null,
            "eps_4q": null,
            "eps_4q_growth_year": null,
            "roe": null,
            "roe_4q": 0,
            "gross_profit": null,
            "gross_margin": null,
            "gross_margin_4q_avg": 0,
            "net_income": null,
            "revenue": null,
            "common_shares": null,
            "book_valuer_per_share": null,
            "book_valuer_per_share_4q_avg": 0,
            "equity": null,
            "current_ratio": null,
            "debt_ratio": null,
            "inventory_turnover_ratio": null,
            "account_receivable_turnover_ratio": null,
            "reinvestment_rate": null,
            "research_to_sale_ratio": null,
            "price_fair": 0,
            "eps_avg_yearly": 0,
            "eps_latest_yearly": 0,
            "eps_growth_yearly": 0
        },
        "20054": {
            "year_quarter": 20054,
            "year": 2005,
            "quarter": 4,
            "eps": null,
            "eps_growth_year": null,
            "eps_4q": null,
            "eps_4q_growth_year": null,
            "roe": null,
            "roe_4q": 0,
            "gross_profit": null,
            "gross_margin": null,
            "gross_margin_4q_avg": 0,
            "net_income": null,
            "revenue": null,
            "common_shares": null,
            "book_valuer_per_share": null,
            "book_valuer_per_share_4q_avg": 0,
            "equity": null,
            "current_ratio": null,
            "debt_ratio": null,
            "inventory_turnover_ratio": null,
            "account_receivable_turnover_ratio": null,
            "reinvestment_rate": null,
            "research_to_sale_ratio": null,
            "price_fair": 0,
            "eps_avg_yearly": 0,
            "eps_latest_yearly": 0,
            "eps_growth_yearly": 0
        },
        "20061": {
            "year_quarter": 20061,
            "year": 2006,
            "quarter": 1,
            "eps": null,
            "eps_growth_year": null,
            "eps_4q": null,
            "eps_4q_growth_year": null,
            "roe": null,
            "roe_4q": 0,
            "gross_profit": null,
            "gross_margin": null,
            "gross_margin_4q_avg": 0,
            "net_income": null,
            "revenue": null,
            "common_shares": null,
            "book_valuer_per_share": null,
            "book_valuer_per_share_4q_avg": 0,
            "equity": null,
            "current_ratio": null,
            "debt_ratio": null,
            "inventory_turnover_ratio": null,
            "account_receivable_turnover_ratio": null,
            "reinvestment_rate": null,
            "research_to_sale_ratio": null,
            "price_fair": 0,
            "eps_avg_yearly": 0,
            "eps_latest_yearly": 0,
            "eps_growth_yearly": 0
        },
        "20062": {
            "year_quarter": 20062,
            "year": 2006,
            "quarter": 2,
            "eps": null,
            "eps_growth_year": null,
            "eps_4q": null,
            "eps_4q_growth_year": null,
            "roe": null,
            "roe_4q": 0,
            "gross_profit": null,
            "gross_margin": null,
            "gross_margin_4q_avg": 0,
            "net_income": null,
            "revenue": null,
            "common_shares": null,
            "book_valuer_per_share": null,
            "book_valuer_per_share_4q_avg": 0,
            "equity": null,
            "current_ratio": null,
            "debt_ratio": null,
            "inventory_turnover_ratio": null,
            "account_receivable_turnover_ratio": null,
            "reinvestment_rate": null,
            "research_to_sale_ratio": null,
            "price_fair": 0,
            "eps_avg_yearly": 0,
            "eps_latest_yearly": 0,
            "eps_growth_yearly": 0
        },
        "20063": {
            "year_quarter": 20063,
            "year": 2006,
            "quarter": 3,
            "eps": null,
            "eps_growth_year": null,
            "eps_4q": null,
            "eps_4q_growth_year": null,
            "roe": null,
            "roe_4q": 0,
            "gross_profit": null,
            "gross_margin": null,
            "gross_margin_4q_avg": 0,
            "net_income": null,
            "revenue": null,
            "common_shares": null,
            "book_valuer_per_share": null,
            "book_valuer_per_share_4q_avg": 0,
            "equity": null,
            "current_ratio": null,
            "debt_ratio": null,
            "inventory_turnover_ratio": null,
            "account_receivable_turnover_ratio": null,
            "reinvestment_rate": null,
            "research_to_sale_ratio": null,
            "price_fair": 0,
            "eps_avg_yearly": 0,
            "eps_latest_yearly": 0,
            "eps_growth_yearly": 0
        },
        "20064": {
            "year_quarter": 20064,
            "year": 2006,
            "quarter": 4,
            "eps": null,
            "eps_growth_year": null,
            "eps_4q": null,
            "eps_4q_growth_year": null,
            "roe": null,
            "roe_4q": 0,
            "gross_profit": null,
            "gross_margin": null,
            "gross_margin_4q_avg": 0,
            "net_income": null,
            "revenue": null,
            "common_shares": null,
            "book_valuer_per_share": null,
            "book_valuer_per_share_4q_avg": 0,
            "equity": null,
            "current_ratio": null,
            "debt_ratio": null,
            "inventory_turnover_ratio": null,
            "account_receivable_turnover_ratio": null,
            "reinvestment_rate": null,
            "research_to_sale_ratio": null,
            "price_fair": 0,
            "eps_avg_yearly": 0,
            "eps_latest_yearly": 0,
            "eps_growth_yearly": 0
        },
        "20071": {
            "year_quarter": 20071,
            "year": 2007,
            "quarter": 1,
            "eps": null,
            "eps_growth_year": null,
            "eps_4q": null,
            "eps_4q_growth_year": null,
            "roe": null,
            "roe_4q": 0,
            "gross_profit": null,
            "gross_margin": null,
            "gross_margin_4q_avg": 0,
            "net_income": null,
            "revenue": null,
            "common_shares": null,
            "book_valuer_per_share": null,
            "book_valuer_per_share_4q_avg": 0,
            "equity": null,
            "current_ratio": null,
            "debt_ratio": null,
            "inventory_turnover_ratio": null,
            "account_receivable_turnover_ratio": null,
            "reinvestment_rate": null,
            "research_to_sale_ratio": null,
            "price_fair": 0,
            "eps_avg_yearly": 0,
            "eps_latest_yearly": 0,
            "eps_growth_yearly": 0
        },
        "20072": {
            "year_quarter": 20072,
            "year": 2007,
            "quarter": 2,
            "eps": null,
            "eps_growth_year": null,
            "eps_4q": null,
            "eps_4q_growth_year": null,
            "roe": null,
            "roe_4q": 0,
            "gross_profit": null,
            "gross_margin": null,
            "gross_margin_4q_avg": 0,
            "net_income": null,
            "revenue": null,
            "common_shares": null,
            "book_valuer_per_share": null,
            "book_valuer_per_share_4q_avg": 0,
            "equity": null,
            "current_ratio": null,
            "debt_ratio": null,
            "inventory_turnover_ratio": null,
            "account_receivable_turnover_ratio": null,
            "reinvestment_rate": null,
            "research_to_sale_ratio": null,
            "price_fair": 0,
            "eps_avg_yearly": 0,
            "eps_latest_yearly": 0,
            "eps_growth_yearly": 0
        },
        "20073": {
            "year_quarter": 20073,
            "year": 2007,
            "quarter": 3,
            "eps": null,
            "eps_growth_year": null,
            "eps_4q": null,
            "eps_4q_growth_year": null,
            "roe": null,
            "roe_4q": 0,
            "gross_profit": null,
            "gross_margin": null,
            "gross_margin_4q_avg": 0,
            "net_income": null,
            "revenue": null,
            "common_shares": null,
            "book_valuer_per_share": null,
            "book_valuer_per_share_4q_avg": 0,
            "equity": null,
            "current_ratio": null,
            "debt_ratio": null,
            "inventory_turnover_ratio": null,
            "account_receivable_turnover_ratio": null,
            "reinvestment_rate": null,
            "research_to_sale_ratio": null,
            "price_fair": 0,
            "eps_avg_yearly": 0,
            "eps_latest_yearly": 0,
            "eps_growth_yearly": 0
        },
        "20074": {
            "year_quarter": 20074,
            "year": 2007,
            "quarter": 4,
            "eps": null,
            "eps_growth_year": null,
            "eps_4q": null,
            "eps_4q_growth_year": null,
            "roe": null,
            "roe_4q": 0,
            "gross_profit": null,
            "gross_margin": null,
            "gross_margin_4q_avg": 0,
            "net_income": null,
            "revenue": null,
            "common_shares": null,
            "book_valuer_per_share": null,
            "book_valuer_per_share_4q_avg": 0,
            "equity": null,
            "current_ratio": null,
            "debt_ratio": null,
            "inventory_turnover_ratio": null,
            "account_receivable_turnover_ratio": null,
            "reinvestment_rate": null,
            "research_to_sale_ratio": null,
            "price_fair": 0,
            "eps_avg_yearly": 0,
            "eps_latest_yearly": 0,
            "eps_growth_yearly": 0
        },
        "20081": {
            "year_quarter": 20081,
            "year": 2008,
            "quarter": 1,
            "eps": null,
            "eps_growth_year": null,
            "eps_4q": null,
            "eps_4q_growth_year": null,
            "roe": null,
            "roe_4q": 0,
            "gross_profit": null,
            "gross_margin": null,
            "gross_margin_4q_avg": 0,
            "net_income": null,
            "revenue": null,
            "common_shares": null,
            "book_valuer_per_share": null,
            "book_valuer_per_share_4q_avg": 0,
            "equity": null,
            "current_ratio": null,
            "debt_ratio": null,
            "inventory_turnover_ratio": null,
            "account_receivable_turnover_ratio": null,
            "reinvestment_rate": null,
            "research_to_sale_ratio": null,
            "price_fair": 0,
            "eps_avg_yearly": 0,
            "eps_latest_yearly": 0,
            "eps_growth_yearly": 0
        },
        "20082": {
            "year_quarter": 20082,
            "year": 2008,
            "quarter": 2,
            "eps": null,
            "eps_growth_year": null,
            "eps_4q": null,
            "eps_4q_growth_year": null,
            "roe": null,
            "roe_4q": 0,
            "gross_profit": null,
            "gross_margin": null,
            "gross_margin_4q_avg": 0,
            "net_income": null,
            "revenue": null,
            "common_shares": null,
            "book_valuer_per_share": null,
            "book_valuer_per_share_4q_avg": 0,
            "equity": null,
            "current_ratio": null,
            "debt_ratio": null,
            "inventory_turnover_ratio": null,
            "account_receivable_turnover_ratio": null,
            "reinvestment_rate": null,
            "research_to_sale_ratio": null,
            "price_fair": 0,
            "eps_avg_yearly": 0,
            "eps_latest_yearly": 0,
            "eps_growth_yearly": 0
        },
        "20083": {
            "year_quarter": 20083,
            "year": 2008,
            "quarter": 3,
            "eps": null,
            "eps_growth_year": null,
            "eps_4q": null,
            "eps_4q_growth_year": null,
            "roe": null,
            "roe_4q": 0,
            "gross_profit": null,
            "gross_margin": null,
            "gross_margin_4q_avg": 0,
            "net_income": null,
            "revenue": null,
            "common_shares": null,
            "book_valuer_per_share": null,
            "book_valuer_per_share_4q_avg": 0,
            "equity": null,
            "current_ratio": null,
            "debt_ratio": null,
            "inventory_turnover_ratio": null,
            "account_receivable_turnover_ratio": null,
            "reinvestment_rate": null,
            "research_to_sale_ratio": null,
            "price_fair": 0,
            "eps_avg_yearly": 0,
            "eps_latest_yearly": 0,
            "eps_growth_yearly": 0
        },
        "20084": {
            "year_quarter": 20084,
            "year": 2008,
            "quarter": 4,
            "eps": null,
            "eps_growth_year": null,
            "eps_4q": null,
            "eps_4q_growth_year": null,
            "roe": null,
            "roe_4q": 0,
            "gross_profit": null,
            "gross_margin": null,
            "gross_margin_4q_avg": 0,
            "net_income": null,
            "revenue": null,
            "common_shares": null,
            "book_valuer_per_share": null,
            "book_valuer_per_share_4q_avg": 0,
            "equity": null,
            "current_ratio": null,
            "debt_ratio": null,
            "inventory_turnover_ratio": null,
            "account_receivable_turnover_ratio": null,
            "reinvestment_rate": null,
            "research_to_sale_ratio": null,
            "price_fair": 0,
            "eps_avg_yearly": 0,
            "eps_latest_yearly": 0,
            "eps_growth_yearly": 0
        },
        "20091": {
            "year_quarter": 20091,
            "year": 2009,
            "quarter": 1,
            "eps": null,
            "eps_growth_year": null,
            "eps_4q": null,
            "eps_4q_growth_year": null,
            "roe": null,
            "roe_4q": 0,
            "gross_profit": null,
            "gross_margin": null,
            "gross_margin_4q_avg": 0,
            "net_income": null,
            "revenue": null,
            "common_shares": null,
            "book_valuer_per_share": null,
            "book_valuer_per_share_4q_avg": 0,
            "equity": null,
            "current_ratio": null,
            "debt_ratio": null,
            "inventory_turnover_ratio": null,
            "account_receivable_turnover_ratio": null,
            "reinvestment_rate": null,
            "research_to_sale_ratio": null,
            "price_fair": 0,
            "eps_avg_yearly": 0,
            "eps_latest_yearly": 0,
            "eps_growth_yearly": 0
        },
        "20092": {
            "year_quarter": 20092,
            "year": 2009,
            "quarter": 2,
            "eps": null,
            "eps_growth_year": null,
            "eps_4q": null,
            "eps_4q_growth_year": null,
            "roe": null,
            "roe_4q": 0,
            "gross_profit": null,
            "gross_margin": null,
            "gross_margin_4q_avg": 0,
            "net_income": null,
            "revenue": null,
            "common_shares": null,
            "book_valuer_per_share": null,
            "book_valuer_per_share_4q_avg": 0,
            "equity": null,
            "current_ratio": null,
            "debt_ratio": null,
            "inventory_turnover_ratio": null,
            "account_receivable_turnover_ratio": null,
            "reinvestment_rate": null,
            "research_to_sale_ratio": null,
            "price_fair": 0,
            "eps_avg_yearly": 0,
            "eps_latest_yearly": 0,
            "eps_growth_yearly": 0
        },
        "20093": {
            "year_quarter": 20093,
            "year": 2009,
            "quarter": 3,
            "eps": null,
            "eps_growth_year": null,
            "eps_4q": null,
            "eps_4q_growth_year": null,
            "roe": null,
            "roe_4q": 0,
            "gross_profit": null,
            "gross_margin": null,
            "gross_margin_4q_avg": 0,
            "net_income": null,
            "revenue": null,
            "common_shares": null,
            "book_valuer_per_share": null,
            "book_valuer_per_share_4q_avg": 0,
            "equity": null,
            "current_ratio": null,
            "debt_ratio": null,
            "inventory_turnover_ratio": null,
            "account_receivable_turnover_ratio": null,
            "reinvestment_rate": null,
            "research_to_sale_ratio": null,
            "price_fair": 0,
            "eps_avg_yearly": 0,
            "eps_latest_yearly": 0,
            "eps_growth_yearly": 0
        },
        "20094": {
            "year_quarter": 20094,
            "year": 2009,
            "quarter": 4,
            "eps": null,
            "eps_growth_year": null,
            "eps_4q": null,
            "eps_4q_growth_year": null,
            "roe": null,
            "roe_4q": 0,
            "gross_profit": null,
            "gross_margin": null,
            "gross_margin_4q_avg": 0,
            "net_income": null,
            "revenue": null,
            "common_shares": null,
            "book_valuer_per_share": null,
            "book_valuer_per_share_4q_avg": 0,
            "equity": null,
            "current_ratio": null,
            "debt_ratio": null,
            "inventory_turnover_ratio": null,
            "account_receivable_turnover_ratio": null,
            "reinvestment_rate": null,
            "research_to_sale_ratio": null,
            "price_fair": 0,
            "eps_avg_yearly": 0,
            "eps_latest_yearly": 0,
            "eps_growth_yearly": 0
        },
        "20101": {
            "year_quarter": 20101,
            "year": 2010,
            "quarter": 1,
            "eps": null,
            "eps_growth_year": null,
            "eps_4q": null,
            "eps_4q_growth_year": null,
            "roe": null,
            "roe_4q": 0,
            "gross_profit": null,
            "gross_margin": null,
            "gross_margin_4q_avg": 0,
            "net_income": null,
            "revenue": null,
            "common_shares": null,
            "book_valuer_per_share": null,
            "book_valuer_per_share_4q_avg": 0,
            "equity": null,
            "current_ratio": null,
            "debt_ratio": null,
            "inventory_turnover_ratio": null,
            "account_receivable_turnover_ratio": null,
            "reinvestment_rate": null,
            "research_to_sale_ratio": null,
            "price_fair": 0,
            "eps_avg_yearly": 0,
            "eps_latest_yearly": 0,
            "eps_growth_yearly": 0
        },
        "20102": {
            "year_quarter": 20102,
            "year": 2010,
            "quarter": 2,
            "eps": null,
            "eps_growth_year": null,
            "eps_4q": null,
            "eps_4q_growth_year": null,
            "roe": null,
            "roe_4q": 0,
            "gross_profit": null,
            "gross_margin": null,
            "gross_margin_4q_avg": 0,
            "net_income": null,
            "revenue": null,
            "common_shares": null,
            "book_valuer_per_share": null,
            "book_valuer_per_share_4q_avg": 0,
            "equity": null,
            "current_ratio": null,
            "debt_ratio": null,
            "inventory_turnover_ratio": null,
            "account_receivable_turnover_ratio": null,
            "reinvestment_rate": null,
            "research_to_sale_ratio": null,
            "price_fair": 0,
            "eps_avg_yearly": 0,
            "eps_latest_yearly": 0,
            "eps_growth_yearly": 0
        },
        "20103": {
            "year_quarter": 20103,
            "year": 2010,
            "quarter": 3,
            "eps": null,
            "eps_growth_year": null,
            "eps_4q": null,
            "eps_4q_growth_year": null,
            "roe": null,
            "roe_4q": 0,
            "gross_profit": null,
            "gross_margin": null,
            "gross_margin_4q_avg": 0,
            "net_income": null,
            "revenue": null,
            "common_shares": null,
            "book_valuer_per_share": null,
            "book_valuer_per_share_4q_avg": 0,
            "equity": null,
            "current_ratio": null,
            "debt_ratio": null,
            "inventory_turnover_ratio": null,
            "account_receivable_turnover_ratio": null,
            "reinvestment_rate": null,
            "research_to_sale_ratio": null,
            "price_fair": 0,
            "eps_avg_yearly": 0,
            "eps_latest_yearly": 0,
            "eps_growth_yearly": 0
        },
        "20104": {
            "year_quarter": 20104,
            "year": 2010,
            "quarter": 4,
            "eps": null,
            "eps_growth_year": null,
            "eps_4q": null,
            "eps_4q_growth_year": null,
            "roe": null,
            "roe_4q": 0,
            "gross_profit": null,
            "gross_margin": null,
            "gross_margin_4q_avg": 0,
            "net_income": null,
            "revenue": null,
            "common_shares": null,
            "book_valuer_per_share": null,
            "book_valuer_per_share_4q_avg": 0,
            "equity": null,
            "current_ratio": null,
            "debt_ratio": null,
            "inventory_turnover_ratio": null,
            "account_receivable_turnover_ratio": null,
            "reinvestment_rate": null,
            "research_to_sale_ratio": null,
            "price_fair": 0,
            "eps_avg_yearly": 0,
            "eps_latest_yearly": 0,
            "eps_growth_yearly": 0
        },
        "20111": {
            "year_quarter": 20111,
            "year": 2011,
            "quarter": 1,
            "eps": null,
            "eps_growth_year": null,
            "eps_4q": null,
            "eps_4q_growth_year": null,
            "roe": null,
            "roe_4q": 0,
            "gross_profit": null,
            "gross_margin": null,
            "gross_margin_4q_avg": 0,
            "net_income": null,
            "revenue": null,
            "common_shares": null,
            "book_valuer_per_share": null,
            "book_valuer_per_share_4q_avg": 0,
            "equity": null,
            "current_ratio": null,
            "debt_ratio": null,
            "inventory_turnover_ratio": null,
            "account_receivable_turnover_ratio": null,
            "reinvestment_rate": null,
            "research_to_sale_ratio": null,
            "price_fair": 0,
            "eps_avg_yearly": 0,
            "eps_latest_yearly": 0,
            "eps_growth_yearly": 0
        },
        "20112": {
            "year_quarter": 20112,
            "year": 2011,
            "quarter": 2,
            "eps": null,
            "eps_growth_year": null,
            "eps_4q": null,
            "eps_4q_growth_year": null,
            "roe": null,
            "roe_4q": 0,
            "gross_profit": null,
            "gross_margin": null,
            "gross_margin_4q_avg": 0,
            "net_income": null,
            "revenue": null,
            "common_shares": null,
            "book_valuer_per_share": null,
            "book_valuer_per_share_4q_avg": 0,
            "equity": null,
            "current_ratio": null,
            "debt_ratio": null,
            "inventory_turnover_ratio": null,
            "account_receivable_turnover_ratio": null,
            "reinvestment_rate": null,
            "research_to_sale_ratio": null,
            "price_fair": 0,
            "eps_avg_yearly": 0,
            "eps_latest_yearly": 0,
            "eps_growth_yearly": 0
        },
        "20113": {
            "year_quarter": 20113,
            "year": 2011,
            "quarter": 3,
            "eps": null,
            "eps_growth_year": null,
            "eps_4q": null,
            "eps_4q_growth_year": null,
            "roe": null,
            "roe_4q": 0,
            "gross_profit": null,
            "gross_margin": null,
            "gross_margin_4q_avg": 0,
            "net_income": null,
            "revenue": null,
            "common_shares": null,
            "book_valuer_per_share": null,
            "book_valuer_per_share_4q_avg": 0,
            "equity": null,
            "current_ratio": null,
            "debt_ratio": null,
            "inventory_turnover_ratio": null,
            "account_receivable_turnover_ratio": null,
            "reinvestment_rate": null,
            "research_to_sale_ratio": null,
            "price_fair": 0,
            "eps_avg_yearly": 0,
            "eps_latest_yearly": 0,
            "eps_growth_yearly": 0
        },
        "20114": {
            "year_quarter": 20114,
            "year": 2011,
            "quarter": 4,
            "eps": null,
            "eps_growth_year": null,
            "eps_4q": null,
            "eps_4q_growth_year": null,
            "roe": null,
            "roe_4q": 0,
            "gross_profit": null,
            "gross_margin": null,
            "gross_margin_4q_avg": 0,
            "net_income": null,
            "revenue": null,
            "common_shares": 87000,
            "book_valuer_per_share": 10.6,
            "book_valuer_per_share_4q_avg": 2.65,
            "equity": 92238,
            "current_ratio": 698.53,
            "debt_ratio": 18.1,
            "inventory_turnover_ratio": null,
            "account_receivable_turnover_ratio": null,
            "reinvestment_rate": null,
            "research_to_sale_ratio": null,
            "price_fair": 0,
            "eps_avg_yearly": 0,
            "eps_latest_yearly": 0,
            "eps_growth_yearly": 0
        },
        "20121": {
            "year_quarter": 20121,
            "year": 2012,
            "quarter": 1,
            "eps": null,
            "eps_growth_year": null,
            "eps_4q": null,
            "eps_4q_growth_year": null,
            "roe": null,
            "roe_4q": 0,
            "gross_profit": null,
            "gross_margin": null,
            "gross_margin_4q_avg": 0,
            "net_income": null,
            "revenue": null,
            "common_shares": null,
            "book_valuer_per_share": null,
            "book_valuer_per_share_4q_avg": 2.65,
            "equity": null,
            "current_ratio": null,
            "debt_ratio": null,
            "inventory_turnover_ratio": null,
            "account_receivable_turnover_ratio": null,
            "reinvestment_rate": null,
            "research_to_sale_ratio": null,
            "price_fair": 0,
            "eps_avg_yearly": 0,
            "eps_latest_yearly": 0,
            "eps_growth_yearly": 0
        },
        "20122": {
            "year_quarter": 20122,
            "year": 2012,
            "quarter": 2,
            "eps": null,
            "eps_growth_year": null,
            "eps_4q": null,
            "eps_4q_growth_year": null,
            "roe": null,
            "roe_4q": 0,
            "gross_profit": null,
            "gross_margin": null,
            "gross_margin_4q_avg": 0,
            "net_income": null,
            "revenue": null,
            "common_shares": null,
            "book_valuer_per_share": null,
            "book_valuer_per_share_4q_avg": 2.65,
            "equity": null,
            "current_ratio": null,
            "debt_ratio": null,
            "inventory_turnover_ratio": null,
            "account_receivable_turnover_ratio": null,
            "reinvestment_rate": null,
            "research_to_sale_ratio": null,
            "price_fair": 0,
            "eps_avg_yearly": 0,
            "eps_latest_yearly": 0,
            "eps_growth_yearly": 0
        },
        "20123": {
            "year_quarter": 20123,
            "year": 2012,
            "quarter": 3,
            "eps": null,
            "eps_growth_year": null,
            "eps_4q": null,
            "eps_4q_growth_year": null,
            "roe": null,
            "roe_4q": 0,
            "gross_profit": null,
            "gross_margin": null,
            "gross_margin_4q_avg": 0,
            "net_income": null,
            "revenue": null,
            "common_shares": null,
            "book_valuer_per_share": null,
            "book_valuer_per_share_4q_avg": 2.65,
            "equity": null,
            "current_ratio": null,
            "debt_ratio": null,
            "inventory_turnover_ratio": null,
            "account_receivable_turnover_ratio": null,
            "reinvestment_rate": null,
            "research_to_sale_ratio": null,
            "price_fair": 0,
            "eps_avg_yearly": 0,
            "eps_latest_yearly": 0,
            "eps_growth_yearly": 0
        },
        "20124": {
            "year_quarter": 20124,
            "year": 2012,
            "quarter": 4,
            "eps": null,
            "eps_growth_year": null,
            "eps_4q": null,
            "eps_4q_growth_year": null,
            "roe": null,
            "roe_4q": 0,
            "gross_profit": null,
            "gross_margin": null,
            "gross_margin_4q_avg": 0,
            "net_income": null,
            "revenue": null,
            "common_shares": 87000,
            "book_valuer_per_share": 11.79,
            "book_valuer_per_share_4q_avg": 2.95,
            "equity": 102572,
            "current_ratio": 869.62,
            "debt_ratio": 15.21,
            "inventory_turnover_ratio": null,
            "account_receivable_turnover_ratio": null,
            "reinvestment_rate": null,
            "research_to_sale_ratio": null,
            "price_fair": 0,
            "eps_avg_yearly": 0,
            "eps_latest_yearly": 0,
            "eps_growth_yearly": 0
        },
        "20131": {
            "year_quarter": 20131,
            "year": 2013,
            "quarter": 1,
            "eps": null,
            "eps_growth_year": null,
            "eps_4q": null,
            "eps_4q_growth_year": null,
            "roe": null,
            "roe_4q": 0,
            "gross_profit": null,
            "gross_margin": null,
            "gross_margin_4q_avg": 0,
            "net_income": null,
            "revenue": null,
            "common_shares": null,
            "book_valuer_per_share": null,
            "book_valuer_per_share_4q_avg": 2.95,
            "equity": null,
            "current_ratio": null,
            "debt_ratio": null,
            "inventory_turnover_ratio": null,
            "account_receivable_turnover_ratio": null,
            "reinvestment_rate": null,
            "research_to_sale_ratio": null,
            "price_fair": 0,
            "eps_avg_yearly": 0,
            "eps_latest_yearly": 0,
            "eps_growth_yearly": 0
        },
        "20132": {
            "year_quarter": 20132,
            "year": 2013,
            "quarter": 2,
            "eps": null,
            "eps_growth_year": null,
            "eps_4q": null,
            "eps_4q_growth_year": null,
            "roe": null,
            "roe_4q": 0,
            "gross_profit": null,
            "gross_margin": null,
            "gross_margin_4q_avg": 0,
            "net_income": null,
            "revenue": null,
            "common_shares": 87000,
            "book_valuer_per_share": null,
            "book_valuer_per_share_4q_avg": 2.95,
            "equity": 120340,
            "current_ratio": null,
            "debt_ratio": null,
            "inventory_turnover_ratio": null,
            "account_receivable_turnover_ratio": null,
            "reinvestment_rate": null,
            "research_to_sale_ratio": null,
            "price_fair": 0,
            "eps_avg_yearly": 0,
            "eps_latest_yearly": 0,
            "eps_growth_yearly": 0
        },
        "20133": {
            "year_quarter": 20133,
            "year": 2013,
            "quarter": 3,
            "eps": null,
            "eps_growth_year": null,
            "eps_4q": null,
            "eps_4q_growth_year": null,
            "roe": null,
            "roe_4q": 0,
            "gross_profit": null,
            "gross_margin": null,
            "gross_margin_4q_avg": 0,
            "net_income": null,
            "revenue": null,
            "common_shares": null,
            "book_valuer_per_share": null,
            "book_valuer_per_share_4q_avg": 2.95,
            "equity": null,
            "current_ratio": null,
            "debt_ratio": null,
            "inventory_turnover_ratio": null,
            "account_receivable_turnover_ratio": null,
            "reinvestment_rate": null,
            "research_to_sale_ratio": null,
            "price_fair": 0,
            "eps_avg_yearly": 0,
            "eps_latest_yearly": 0,
            "eps_growth_yearly": 0
        },
        "20134": {
            "year_quarter": 20134,
            "year": 2013,
            "quarter": 4,
            "eps": null,
            "eps_growth_year": null,
            "eps_4q": null,
            "eps_4q_growth_year": null,
            "roe": null,
            "roe_4q": 0,
            "gross_profit": null,
            "gross_margin": null,
            "gross_margin_4q_avg": 0,
            "net_income": null,
            "revenue": null,
            "common_shares": 87000,
            "book_valuer_per_share": null,
            "book_valuer_per_share_4q_avg": 0,
            "equity": 137357,
            "current_ratio": null,
            "debt_ratio": null,
            "inventory_turnover_ratio": null,
            "account_receivable_turnover_ratio": null,
            "reinvestment_rate": null,
            "research_to_sale_ratio": null,
            "price_fair": 0,
            "eps_avg_yearly": 0,
            "eps_latest_yearly": 0,
            "eps_growth_yearly": 0
        },
        "20141": {
            "year_quarter": 20141,
            "year": 2014,
            "quarter": 1,
            "eps": null,
            "eps_growth_year": null,
            "eps_4q": null,
            "eps_4q_growth_year": null,
            "roe": null,
            "roe_4q": 0,
            "gross_profit": null,
            "gross_margin": null,
            "gross_margin_4q_avg": 0,
            "net_income": null,
            "revenue": null,
            "common_shares": null,
            "book_valuer_per_share": null,
            "book_valuer_per_share_4q_avg": 0,
            "equity": null,
            "current_ratio": null,
            "debt_ratio": null,
            "inventory_turnover_ratio": null,
            "account_receivable_turnover_ratio": null,
            "reinvestment_rate": null,
            "research_to_sale_ratio": null,
            "price_fair": 0,
            "eps_avg_yearly": 0,
            "eps_latest_yearly": 0,
            "eps_growth_yearly": 0
        },
        "20142": {
            "year_quarter": 20142,
            "year": 2014,
            "quarter": 2,
            "eps": null,
            "eps_growth_year": null,
            "eps_4q": null,
            "eps_4q_growth_year": null,
            "roe": null,
            "roe_4q": 0,
            "gross_profit": null,
            "gross_margin": null,
            "gross_margin_4q_avg": 0,
            "net_income": null,
            "revenue": null,
            "common_shares": 87000,
            "book_valuer_per_share": 16.49,
            "book_valuer_per_share_4q_avg": 4.12,
            "equity": 144523,
            "current_ratio": 554.52,
            "debt_ratio": 19.79,
            "inventory_turnover_ratio": null,
            "account_receivable_turnover_ratio": null,
            "reinvestment_rate": null,
            "research_to_sale_ratio": null,
            "price_fair": 0,
            "eps_avg_yearly": 0,
            "eps_latest_yearly": 0,
            "eps_growth_yearly": 0
        },
        "20143": {
            "year_quarter": 20143,
            "year": 2014,
            "quarter": 3,
            "eps": null,
            "eps_growth_year": null,
            "eps_4q": null,
            "eps_4q_growth_year": null,
            "roe": null,
            "roe_4q": 0,
            "gross_profit": null,
            "gross_margin": null,
            "gross_margin_4q_avg": 0,
            "net_income": null,
            "revenue": null,
            "common_shares": null,
            "book_valuer_per_share": null,
            "book_valuer_per_share_4q_avg": 4.12,
            "equity": null,
            "current_ratio": null,
            "debt_ratio": null,
            "inventory_turnover_ratio": null,
            "account_receivable_turnover_ratio": null,
            "reinvestment_rate": null,
            "research_to_sale_ratio": null,
            "price_fair": 0,
            "eps_avg_yearly": 0,
            "eps_latest_yearly": 0,
            "eps_growth_yearly": 0
        },
        "20144": {
            "year_quarter": 20144,
            "year": 2014,
            "quarter": 4,
            "eps": null,
            "eps_growth_year": null,
            "eps_4q": null,
            "eps_4q_growth_year": null,
            "roe": null,
            "roe_4q": 0,
            "gross_profit": null,
            "gross_margin": null,
            "gross_margin_4q_avg": 0,
            "net_income": null,
            "revenue": null,
            "common_shares": 113200,
            "book_valuer_per_share": 18.83,
            "book_valuer_per_share_4q_avg": 8.83,
            "equity": 213903,
            "current_ratio": 964.94,
            "debt_ratio": 13.26,
            "inventory_turnover_ratio": null,
            "account_receivable_turnover_ratio": null,
            "reinvestment_rate": null,
            "research_to_sale_ratio": null,
            "price_fair": 0,
            "eps_avg_yearly": 0,
            "eps_latest_yearly": 0,
            "eps_growth_yearly": 0
        },
        "20151": {
            "year_quarter": 20151,
            "year": 2015,
            "quarter": 1,
            "eps": null,
            "eps_growth_year": null,
            "eps_4q": null,
            "eps_4q_growth_year": null,
            "roe": null,
            "roe_4q": 0,
            "gross_profit": 41400,
            "gross_margin": null,
            "gross_margin_4q_avg": 0,
            "net_income": 7130,
            "revenue": 42383,
            "common_shares": 113200,
            "book_valuer_per_share": 19.5,
            "book_valuer_per_share_4q_avg": 13.71,
            "equity": 221330,
            "current_ratio": 719.93,
            "debt_ratio": 13.86,
            "inventory_turnover_ratio": null,
            "account_receivable_turnover_ratio": null,
            "reinvestment_rate": null,
            "research_to_sale_ratio": null,
            "price_fair": 0,
            "eps_avg_yearly": 0,
            "eps_latest_yearly": 0,
            "eps_growth_yearly": 0
        },
        "20152": {
            "year_quarter": 20152,
            "year": 2015,
            "quarter": 2,
            "eps": 1.58,
            "eps_growth_year": null,
            "eps_4q": null,
            "eps_4q_growth_year": null,
            "roe": 7.89,
            "roe_4q": 7.89,
            "gross_profit": 67827,
            "gross_margin": 99.2,
            "gross_margin_4q_avg": 24.8,
            "net_income": 18167,
            "revenue": 68371,
            "common_shares": 113200,
            "book_valuer_per_share": 21.07,
            "book_valuer_per_share_4q_avg": 14.85,
            "equity": 239446,
            "current_ratio": 574.49,
            "debt_ratio": 17.07,
            "inventory_turnover_ratio": null,
            "account_receivable_turnover_ratio": 3.52,
            "reinvestment_rate": null,
            "research_to_sale_ratio": null,
            "price_fair": 0,
            "eps_avg_yearly": 0,
            "eps_latest_yearly": 0,
            "eps_growth_yearly": 0
        },
        "20153": {
            "year_quarter": 20153,
            "year": 2015,
            "quarter": 3,
            "eps": null,
            "eps_growth_year": null,
            "eps_4q": null,
            "eps_4q_growth_year": null,
            "roe": null,
            "roe_4q": 7.89,
            "gross_profit": 34695,
            "gross_margin": null,
            "gross_margin_4q_avg": 24.8,
            "net_income": 9581,
            "revenue": 34909,
            "common_shares": 113200,
            "book_valuer_per_share": 22.04,
            "book_valuer_per_share_4q_avg": 20.36,
            "equity": 250379,
            "current_ratio": 683.36,
            "debt_ratio": 14.81,
            "inventory_turnover_ratio": null,
            "account_receivable_turnover_ratio": null,
            "reinvestment_rate": null,
            "research_to_sale_ratio": null,
            "price_fair": 0,
            "eps_avg_yearly": 0,
            "eps_latest_yearly": 0,
            "eps_growth_yearly": 0
        },
        "20154": {
            "year_quarter": 20154,
            "year": 2015,
            "quarter": 4,
            "eps": null,
            "eps_growth_year": null,
            "eps_4q": null,
            "eps_4q_growth_year": null,
            "roe": null,
            "roe_4q": 7.89,
            "gross_profit": 107058,
            "gross_margin": null,
            "gross_margin_4q_avg": 24.8,
            "net_income": 6342,
            "revenue": 106612,
            "common_shares": 113200,
            "book_valuer_per_share": 22.66,
            "book_valuer_per_share_4q_avg": 21.32,
            "equity": 257934,
            "current_ratio": 368.26,
            "debt_ratio": 26.06,
            "inventory_turnover_ratio": null,
            "account_receivable_turnover_ratio": null,
            "reinvestment_rate": null,
            "research_to_sale_ratio": null,
            "price_fair": 0,
            "eps_avg_yearly": 0,
            "eps_latest_yearly": 0,
            "eps_growth_yearly": 0
        },
        "20161": {
            "year_quarter": 20161,
            "year": 2016,
            "quarter": 1,
            "eps": 0.71,
            "eps_growth_year": null,
            "eps_4q": 2.3,
            "eps_4q_growth_year": null,
            "roe": 3.22,
            "roe_4q": 11.11,
            "gross_profit": 93049,
            "gross_margin": 98.42,
            "gross_margin_4q_avg": 49.41,
            "net_income": 8467,
            "revenue": 94540,
            "common_shares": 113200,
            "book_valuer_per_share": 23.47,
            "book_valuer_per_share_4q_avg": 22.31,
            "equity": 267515,
            "current_ratio": 406.66,
            "debt_ratio": 29.33,
            "inventory_turnover_ratio": null,
            "account_receivable_turnover_ratio": 1.46,
            "reinvestment_rate": null,
            "research_to_sale_ratio": 11.71,
            "price_fair": 0,
            "eps_avg_yearly": 0,
            "eps_latest_yearly": 0,
            "eps_growth_yearly": 0
        },
        "20162": {
            "year_quarter": 20162,
            "year": 2016,
            "quarter": 2,
            "eps": 0.56,
            "eps_growth_year": -64.59,
            "eps_4q": 1.14,
            "eps_4q_growth_year": null,
            "roe": 2.22,
            "roe_4q": 5.44,
            "gross_profit": 103064,
            "gross_margin": 97.44,
            "gross_margin_4q_avg": 48.97,
            "net_income": 6922,
            "revenue": 105772,
            "common_shares": 128900,
            "book_valuer_per_share": 27.48,
            "book_valuer_per_share_4q_avg": 23.91,
            "equity": 356641,
            "current_ratio": 383.97,
            "debt_ratio": 29.11,
            "inventory_turnover_ratio": null,
            "account_receivable_turnover_ratio": 1.54,
            "reinvestment_rate": null,
            "research_to_sale_ratio": 11.44,
            "price_fair": 6.72,
            "eps_avg_yearly": 2.24,
            "eps_latest_yearly": 2.24,
            "eps_growth_yearly": -84.51
        },
        "20163": {
            "year_quarter": 20163,
            "year": 2016,
            "quarter": 3,
            "eps": 0.12,
            "eps_growth_year": null,
            "eps_4q": 1.16,
            "eps_4q_growth_year": null,
            "roe": 0.54,
            "roe_4q": 5.98,
            "gross_profit": 96162,
            "gross_margin": 99.33,
            "gross_margin_4q_avg": 73.8,
            "net_income": 1935,
            "revenue": 96813,
            "common_shares": 140840,
            "book_valuer_per_share": 25.42,
            "book_valuer_per_share_4q_avg": 24.76,
            "equity": 360737,
            "current_ratio": 464.87,
            "debt_ratio": 24.99,
            "inventory_turnover_ratio": null,
            "account_receivable_turnover_ratio": 1.39,
            "reinvestment_rate": null,
            "research_to_sale_ratio": 11.95,
            "price_fair": 4.08,
            "eps_avg_yearly": 1.36,
            "eps_latest_yearly": 0.48,
            "eps_growth_yearly": -199.4
        },
        "20164": {
            "year_quarter": 20164,
            "year": 2016,
            "quarter": 4,
            "eps": -0.13,
            "eps_growth_year": null,
            "eps_4q": 1.03,
            "eps_4q_growth_year": null,
            "roe": -0.41,
            "roe_4q": 5.57,
            "gross_profit": 93814,
            "gross_margin": 99.71,
            "gross_margin_4q_avg": 98.73,
            "net_income": -1467,
            "revenue": 94086,
            "common_shares": 140840,
            "book_valuer_per_share": 25.02,
            "book_valuer_per_share_4q_avg": 25.35,
            "equity": 355104,
            "current_ratio": 468.14,
            "debt_ratio": 24.57,
            "inventory_turnover_ratio": null,
            "account_receivable_turnover_ratio": 1.5,
            "reinvestment_rate": null,
            "research_to_sale_ratio": 13.02,
            "price_fair": 4.08,
            "eps_avg_yearly": 1.36,
            "eps_latest_yearly": 0.48,
            "eps_growth_yearly": -199.4
        },
        "20171": {
            "year_quarter": 20171,
            "year": 2017,
            "quarter": 1,
            "eps": 0.02,
            "eps_growth_year": -97.18,
            "eps_4q": 0.47,
            "eps_4q_growth_year": -79.56,
            "roe": 0.09,
            "roe_4q": 2.4400000000000004,
            "gross_profit": 85103,
            "gross_margin": 100,
            "gross_margin_4q_avg": 99.12,
            "net_income": 330,
            "revenue": 85103,
            "common_shares": 140840,
            "book_valuer_per_share": 25,
            "book_valuer_per_share_4q_avg": 25.73,
            "equity": 354984,
            "current_ratio": 589.53,
            "debt_ratio": 21.53,
            "inventory_turnover_ratio": null,
            "account_receivable_turnover_ratio": 1.51,
            "reinvestment_rate": null,
            "research_to_sale_ratio": 13.95,
            "price_fair": 4.08,
            "eps_avg_yearly": 1.36,
            "eps_latest_yearly": 0.48,
            "eps_growth_yearly": -199.4
        },
        "20172": {
            "year_quarter": 20172,
            "year": 2017,
            "quarter": 2,
            "eps": 0,
            "eps_growth_year": -100,
            "eps_4q": -0,
            "eps_4q_growth_year": -100.21,
            "roe": 0.11,
            "roe_4q": 0.33000000000000007,
            "gross_profit": 91259,
            "gross_margin": 99.03,
            "gross_margin_4q_avg": 99.52,
            "net_income": 373,
            "revenue": 92155,
            "common_shares": 140840,
            "book_valuer_per_share": 24.01,
            "book_valuer_per_share_4q_avg": 24.86,
            "equity": 344025,
            "current_ratio": 429.88,
            "debt_ratio": 26.14,
            "inventory_turnover_ratio": null,
            "account_receivable_turnover_ratio": 1.56,
            "reinvestment_rate": null,
            "research_to_sale_ratio": 11.51,
            "price_fair": 4.08,
            "eps_avg_yearly": 1.36,
            "eps_latest_yearly": 0.48,
            "eps_growth_yearly": -199.4
        },
        "20173": {
            "year_quarter": 20173,
            "year": 2017,
            "quarter": 3,
            "eps": 0.37,
            "eps_growth_year": 208.33,
            "eps_4q": 0.26,
            "eps_4q_growth_year": -77.73,
            "roe": 1.76,
            "roe_4q": 1.5500000000000003,
            "gross_profit": 90212,
            "gross_margin": 99.93,
            "gross_margin_4q_avg": 99.67,
            "net_income": 6085,
            "revenue": 90279,
            "common_shares": 156024,
            "book_valuer_per_share": 22.13,
            "book_valuer_per_share_4q_avg": 24.04,
            "equity": 347991,
            "current_ratio": 558.4,
            "debt_ratio": 21.05,
            "inventory_turnover_ratio": null,
            "account_receivable_turnover_ratio": 1.5,
            "reinvestment_rate": null,
            "research_to_sale_ratio": 16.78,
            "price_fair": 4.08,
            "eps_avg_yearly": 1.36,
            "eps_latest_yearly": 0.48,
            "eps_growth_yearly": -199.4
        },
        "20174": {
            "year_quarter": 20174,
            "year": 2017,
            "quarter": 4,
            "eps": -0.32,
            "eps_growth_year": null,
            "eps_4q": 0.06,
            "eps_4q_growth_year": -94.09,
            "roe": -1.49,
            "roe_4q": 0.47,
            "gross_profit": 76409,
            "gross_margin": 99.99,
            "gross_margin_4q_avg": 99.74,
            "net_income": -5117,
            "revenue": 76419,
            "common_shares": 156024,
            "book_valuer_per_share": 21.69,
            "book_valuer_per_share_4q_avg": 23.21,
            "equity": 338667,
            "current_ratio": 609.25,
            "debt_ratio": 20.04,
            "inventory_turnover_ratio": null,
            "account_receivable_turnover_ratio": 1.52,
            "reinvestment_rate": null,
            "research_to_sale_ratio": 17.93,
            "price_fair": 4.08,
            "eps_avg_yearly": 1.36,
            "eps_latest_yearly": 0.48,
            "eps_growth_yearly": -199.4
        },
        "20181": {
            "year_quarter": 20181,
            "year": 2018,
            "quarter": 1,
            "eps": -0.07,
            "eps_growth_year": -450,
            "eps_4q": -0.03,
            "eps_4q_growth_year": -106.02,
            "roe": -0.25,
            "roe_4q": 0.13,
            "gross_profit": 64116,
            "gross_margin": 99.82,
            "gross_margin_4q_avg": 99.69,
            "net_income": -834,
            "revenue": 64233,
            "common_shares": 156024,
            "book_valuer_per_share": 21.46,
            "book_valuer_per_share_4q_avg": 22.32,
            "equity": 335623,
            "current_ratio": 636.05,
            "debt_ratio": 18.74,
            "inventory_turnover_ratio": null,
            "account_receivable_turnover_ratio": 1.49,
            "reinvestment_rate": null,
            "research_to_sale_ratio": 17.93,
            "price_fair": 4.08,
            "eps_avg_yearly": 1.36,
            "eps_latest_yearly": 0.48,
            "eps_growth_yearly": -199.4
        },
        "20182": {
            "year_quarter": 20182,
            "year": 2018,
            "quarter": 2,
            "eps": -0.36,
            "eps_growth_year": null,
            "eps_4q": -0.35,
            "eps_4q_growth_year": null,
            "roe": -1.62,
            "roe_4q": -1.6000000000000003,
            "gross_profit": 61360,
            "gross_margin": 99.94,
            "gross_margin_4q_avg": 99.92,
            "net_income": -5408,
            "revenue": 61394,
            "common_shares": 156024,
            "book_valuer_per_share": 21.12,
            "book_valuer_per_share_4q_avg": 21.6,
            "equity": 330587,
            "current_ratio": 610.98,
            "debt_ratio": 19.2,
            "inventory_turnover_ratio": null,
            "account_receivable_turnover_ratio": 1.43,
            "reinvestment_rate": null,
            "research_to_sale_ratio": 21.06,
            "price_fair": 4.08,
            "eps_avg_yearly": 1.36,
            "eps_latest_yearly": 0.48,
            "eps_growth_yearly": -199.4
        },
        "20183": {
            "year_quarter": 20183,
            "year": 2018,
            "quarter": 3,
            "eps": -0.74,
            "eps_growth_year": -300,
            "eps_4q": -1.45,
            "eps_4q_growth_year": -660.01,
            "roe": -4,
            "roe_4q": -7.36,
            "gross_profit": 51618,
            "gross_margin": 99.98,
            "gross_margin_4q_avg": 99.93,
            "net_income": -12935,
            "revenue": 51629,
            "common_shares": 171484,
            "book_valuer_per_share": 18.35,
            "book_valuer_per_share_4q_avg": 20.66,
            "equity": 316014,
            "current_ratio": 588.24,
            "debt_ratio": 19.71,
            "inventory_turnover_ratio": null,
            "account_receivable_turnover_ratio": 1.11,
            "reinvestment_rate": null,
            "research_to_sale_ratio": 28.28,
            "price_fair": 4.08,
            "eps_avg_yearly": 1.36,
            "eps_latest_yearly": 0.48,
            "eps_growth_yearly": -199.4
        },
        "20184": {
            "year_quarter": 20184,
            "year": 2018,
            "quarter": 4,
            "eps": -0.48,
            "eps_growth_year": null,
            "eps_4q": -1.64,
            "eps_4q_growth_year": -2798.23,
            "roe": -2.57,
            "roe_4q": -8.440000000000001,
            "gross_profit": 49806,
            "gross_margin": 99.99,
            "gross_margin_4q_avg": 99.93,
            "net_income": -8046,
            "revenue": 49811,
            "common_shares": 171484,
            "book_valuer_per_share": 17.93,
            "book_valuer_per_share_4q_avg": 19.72,
            "equity": 309133,
            "current_ratio": 548.21,
            "debt_ratio": 22.48,
            "inventory_turnover_ratio": null,
            "account_receivable_turnover_ratio": 0.9,
            "reinvestment_rate": 111.16,
            "research_to_sale_ratio": 24.37,
            "price_fair": 4.08,
            "eps_avg_yearly": 1.36,
            "eps_latest_yearly": 0.48,
            "eps_growth_yearly": -199.4
        },
        "20191": {
            "year_quarter": 20191,
            "year": 2019,
            "quarter": 1,
            "eps": -0.44,
            "eps_growth_year": null,
            "eps_4q": -2.01,
            "eps_4q_growth_year": null,
            "roe": -2.41,
            "roe_4q": -10.600000000000001,
            "gross_profit": 37902,
            "gross_margin": 99.71,
            "gross_margin_4q_avg": 99.91,
            "net_income": -7341,
            "revenue": 38013,
            "common_shares": 171484,
            "book_valuer_per_share": 17.33,
            "book_valuer_per_share_4q_avg": 18.68,
            "equity": 299002,
            "current_ratio": 734.07,
            "debt_ratio": 23.31,
            "inventory_turnover_ratio": null,
            "account_receivable_turnover_ratio": 0.63,
            "reinvestment_rate": 439.88,
            "research_to_sale_ratio": 27.08,
            "price_fair": 4.08,
            "eps_avg_yearly": 1.36,
            "eps_latest_yearly": 0.48,
            "eps_growth_yearly": -199.4
        },
        "20192": {
            "year_quarter": 20192,
            "year": 2019,
            "quarter": 2,
            "eps": 1.15,
            "eps_growth_year": null,
            "eps_4q": -0.53,
            "eps_4q_growth_year": null,
            "roe": 6.36,
            "roe_4q": -2.6199999999999997,
            "gross_profit": 59368,
            "gross_margin": 96.28,
            "gross_margin_4q_avg": 98.99,
            "net_income": 19713,
            "revenue": 61659,
            "common_shares": 171484,
            "book_valuer_per_share": 18.61,
            "book_valuer_per_share_4q_avg": 18.06,
            "equity": 321147,
            "current_ratio": 580.6,
            "debt_ratio": 24.44,
            "inventory_turnover_ratio": null,
            "account_receivable_turnover_ratio": 0.87,
            "reinvestment_rate": 220.79,
            "research_to_sale_ratio": 16.9,
            "price_fair": 4.08,
            "eps_avg_yearly": 1.36,
            "eps_latest_yearly": 0.48,
            "eps_growth_yearly": -199.4
        },
        "20193": {
            "year_quarter": 20193,
            "year": 2019,
            "quarter": 3,
            "eps": -1.1,
            "eps_growth_year": null,
            "eps_4q": -0.87,
            "eps_4q_growth_year": null,
            "roe": -6.09,
            "roe_4q": -4.709999999999999,
            "gross_profit": 20073,
            "gross_margin": 77.65,
            "gross_margin_4q_avg": 93.41,
            "net_income": -18970,
            "revenue": 25852,
            "common_shares": 171484,
            "book_valuer_per_share": 17.5,
            "book_valuer_per_share_4q_avg": 17.84,
            "equity": 301969,
            "current_ratio": 622.58,
            "debt_ratio": 24.41,
            "inventory_turnover_ratio": null,
            "account_receivable_turnover_ratio": 0.4,
            "reinvestment_rate": null,
            "research_to_sale_ratio": 40.19,
            "price_fair": 4.08,
            "eps_avg_yearly": 1.36,
            "eps_latest_yearly": 0.48,
            "eps_growth_yearly": -199.4
        },
        "20194": {
            "year_quarter": 20194,
            "year": 2019,
            "quarter": 4,
            "eps": -0.76,
            "eps_growth_year": null,
            "eps_4q": -1.16,
            "eps_4q_growth_year": null,
            "roe": -4.36,
            "roe_4q": -6.499999999999999,
            "gross_profit": 19193,
            "gross_margin": 79.72,
            "gross_margin_4q_avg": 88.34,
            "net_income": -12841,
            "revenue": 24076,
            "common_shares": 171484,
            "book_valuer_per_share": 16.62,
            "book_valuer_per_share_4q_avg": 17.52,
            "equity": 286991,
            "current_ratio": 699.11,
            "debt_ratio": 23.1,
            "inventory_turnover_ratio": null,
            "account_receivable_turnover_ratio": 0.62,
            "reinvestment_rate": null,
            "research_to_sale_ratio": 42.05,
            "price_fair": 4.08,
            "eps_avg_yearly": 1.36,
            "eps_latest_yearly": 0.48,
            "eps_growth_yearly": -199.4
        },
        "20201": {
            "year_quarter": 20201,
            "year": 2020,
            "quarter": 1,
            "eps": -0.73,
            "eps_growth_year": null,
            "eps_4q": -1.45,
            "eps_4q_growth_year": null,
            "roe": -4.46,
            "roe_4q": -8.55,
            "gross_profit": 10903,
            "gross_margin": 77.33,
            "gross_margin_4q_avg": 82.75,
            "net_income": -12526,
            "revenue": 14100,
            "common_shares": 171484,
            "book_valuer_per_share": 15.92,
            "book_valuer_per_share_4q_avg": 17.16,
            "equity": 274952,
            "current_ratio": 885.36,
            "debt_ratio": 21.99,
            "inventory_turnover_ratio": null,
            "account_receivable_turnover_ratio": 0.55,
            "reinvestment_rate": null,
            "research_to_sale_ratio": 62.18,
            "price_fair": 4.08,
            "eps_avg_yearly": 1.36,
            "eps_latest_yearly": 0.48,
            "eps_growth_yearly": -199.4
        },
        "20202": {
            "year_quarter": 20202,
            "year": 2020,
            "quarter": 2,
            "eps": -1.09,
            "eps_growth_year": -194.78,
            "eps_4q": -3.68,
            "eps_4q_growth_year": null,
            "roe": -7.01,
            "roe_4q": -21.919999999999998,
            "gross_profit": 12293,
            "gross_margin": 85.52,
            "gross_margin_4q_avg": 80.06,
            "net_income": -18653,
            "revenue": 14374,
            "common_shares": 171484,
            "book_valuer_per_share": 14.9,
            "book_valuer_per_share_4q_avg": 16.24,
            "equity": 257420,
            "current_ratio": 744.35,
            "debt_ratio": 23.91,
            "inventory_turnover_ratio": null,
            "account_receivable_turnover_ratio": 0.7,
            "reinvestment_rate": null,
            "research_to_sale_ratio": 63.57,
            "price_fair": 1.44,
            "eps_avg_yearly": 0.48,
            "eps_latest_yearly": 0.48,
            "eps_growth_yearly": -314.29
        },
        "20203": {
            "year_quarter": 20203,
            "year": 2020,
            "quarter": 3,
            "eps": -0.94,
            "eps_growth_year": null,
            "eps_4q": -3.52,
            "eps_4q_growth_year": null,
            "roe": -6.54,
            "roe_4q": -22.37,
            "gross_profit": 10795,
            "gross_margin": 81.73,
            "gross_margin_4q_avg": 81.08,
            "net_income": -16284,
            "revenue": 13208,
            "common_shares": 171484,
            "book_valuer_per_share": 13.94,
            "book_valuer_per_share_4q_avg": 15.35,
            "equity": 240826,
            "current_ratio": 731.03,
            "debt_ratio": 24.22,
            "inventory_turnover_ratio": null,
            "account_receivable_turnover_ratio": 0.69,
            "reinvestment_rate": null,
            "research_to_sale_ratio": 68.56,
            "price_fair": 0,
            "eps_avg_yearly": 0,
            "eps_latest_yearly": 0,
            "eps_growth_yearly": 0
        },
        "20204": {
            "year_quarter": 20204,
            "year": 2020,
            "quarter": 4,
            "eps": -0.64,
            "eps_growth_year": null,
            "eps_4q": -3.39,
            "eps_4q_growth_year": null,
            "roe": -4.66,
            "roe_4q": -22.67,
            "gross_profit": 12119,
            "gross_margin": 84.27,
            "gross_margin_4q_avg": 82.21,
            "net_income": -10960,
            "revenue": 14382,
            "common_shares": 171484,
            "book_valuer_per_share": 13.29,
            "book_valuer_per_share_4q_avg": 14.51,
            "equity": 229534,
            "current_ratio": 599.79,
            "debt_ratio": 23.76,
            "inventory_turnover_ratio": null,
            "account_receivable_turnover_ratio": 0.94,
            "reinvestment_rate": null,
            "research_to_sale_ratio": 68.48,
            "price_fair": 0,
            "eps_avg_yearly": 0,
            "eps_latest_yearly": 0,
            "eps_growth_yearly": 0
        },
        "20211": {
            "year_quarter": 20211,
            "year": 2021,
            "quarter": 1,
            "eps": 0.37,
            "eps_growth_year": null,
            "eps_4q": -2.29,
            "eps_4q_growth_year": null,
            "roe": 2.79,
            "roe_4q": -15.42,
            "gross_profit": 71931,
            "gross_margin": 96.73,
            "gross_margin_4q_avg": 87.06,
            "net_income": 6439,
            "revenue": 74361,
            "common_shares": 171484,
            "book_valuer_per_share": 13.46,
            "book_valuer_per_share_4q_avg": 13.9,
            "equity": 232398,
            "current_ratio": 359.3,
            "debt_ratio": 30.28,
            "inventory_turnover_ratio": null,
            "account_receivable_turnover_ratio": 1.97,
            "reinvestment_rate": null,
            "research_to_sale_ratio": 11.48,
            "price_fair": 0,
            "eps_avg_yearly": 0,
            "eps_latest_yearly": 0,
            "eps_growth_yearly": 0
        },
        "20212": {
            "year_quarter": 20212,
            "year": 2021,
            "quarter": 2,
            "eps": 0.02,
            "eps_growth_year": null,
            "eps_4q": -1.19,
            "eps_4q_growth_year": null,
            "roe": 0.14,
            "roe_4q": -8.27,
            "gross_profit": 61713,
            "gross_margin": 97.11,
            "gross_margin_4q_avg": 89.96,
            "net_income": 324,
            "revenue": 63548,
            "common_shares": 171484,
            "book_valuer_per_share": 13.39,
            "book_valuer_per_share_4q_avg": 13.52,
            "equity": 231086,
            "current_ratio": 351.47,
            "debt_ratio": 30.15,
            "inventory_turnover_ratio": null,
            "account_receivable_turnover_ratio": 1.05,
            "reinvestment_rate": null,
            "research_to_sale_ratio": 13.84,
            "price_fair": 0.24,
            "eps_avg_yearly": 0.08,
            "eps_latest_yearly": 0.08,
            "eps_growth_yearly": -378.38
        },
        "20213": {
            "year_quarter": 20213,
            "year": 2021,
            "quarter": 3,
            "eps": 0.5,
            "eps_growth_year": null,
            "eps_4q": 0.26,
            "eps_4q_growth_year": null,
            "roe": 3.71,
            "roe_4q": 1.9800000000000004,
            "gross_profit": 79122,
            "gross_margin": 98.21,
            "gross_margin_4q_avg": 94.08,
            "net_income": 8719,
            "revenue": 80565,
            "common_shares": 171484,
            "book_valuer_per_share": 13.82,
            "book_valuer_per_share_4q_avg": 13.49,
            "equity": 238430,
            "current_ratio": 322.66,
            "debt_ratio": 31.28,
            "inventory_turnover_ratio": null,
            "account_receivable_turnover_ratio": 1.25,
            "reinvestment_rate": null,
            "research_to_sale_ratio": 11.25,
            "price_fair": 36.4,
            "eps_avg_yearly": 1.04,
            "eps_latest_yearly": 2,
            "eps_growth_yearly": 4610.81
        },
        "20214": {
            "year_quarter": 20214,
            "year": 2021,
            "quarter": 4,
            "eps": 0.45,
            "eps_growth_year": null,
            "eps_4q": 1.34,
            "eps_4q_growth_year": null,
            "roe": 3.12,
            "roe_4q": 9.76,
            "gross_profit": 85860,
            "gross_margin": 99.29,
            "gross_margin_4q_avg": 97.84,
            "net_income": 7543,
            "revenue": 86474,
            "common_shares": 171484,
            "book_valuer_per_share": 14.24,
            "book_valuer_per_share_4q_avg": 13.73,
            "equity": 245378,
            "current_ratio": 319.38,
            "debt_ratio": 31.06,
            "inventory_turnover_ratio": null,
            "account_receivable_turnover_ratio": 1.16,
            "reinvestment_rate": null,
            "research_to_sale_ratio": 10.96,
            "price_fair": 45.27,
            "eps_avg_yearly": 1.29,
            "eps_latest_yearly": 1.8,
            "eps_growth_yearly": 3060.54
        },
        "20221": {
            "year_quarter": 20221,
            "year": 2022,
            "quarter": 1,
            "eps": 0.75,
            "eps_growth_year": 102.7,
            "eps_4q": 1.72,
            "eps_4q_growth_year": null,
            "roe": 5.14,
            "roe_4q": 12.11,
            "gross_profit": 89020,
            "gross_margin": 99.26,
            "gross_margin_4q_avg": 98.47,
            "net_income": 13075,
            "revenue": 89687,
            "common_shares": 171484,
            "book_valuer_per_share": 15.15,
            "book_valuer_per_share_4q_avg": 14.15,
            "equity": 263206,
            "current_ratio": 350.05,
            "debt_ratio": 28.67,
            "inventory_turnover_ratio": null,
            "account_receivable_turnover_ratio": 1.09,
            "reinvestment_rate": null,
            "research_to_sale_ratio": 11.06,
            "price_fair": 60.2,
            "eps_avg_yearly": 1.72,
            "eps_latest_yearly": 3,
            "eps_growth_yearly": 2362.07
        },
        "20222": {
            "year_quarter": 20222,
            "year": 2022,
            "quarter": 2,
            "eps": 0.63,
            "eps_growth_year": 3050,
            "eps_4q": 2.11,
            "eps_4q_growth_year": null,
            "roe": 4.09,
            "roe_4q": 16.060000000000002,
            "gross_profit": 94533,
            "gross_margin": 99.69,
            "gross_margin_4q_avg": 99.11,
            "net_income": 10895,
            "revenue": 94826,
            "common_shares": 171484,
            "book_valuer_per_share": 15.56,
            "book_valuer_per_share_4q_avg": 14.69,
            "equity": 270084,
            "current_ratio": 329.02,
            "debt_ratio": 29.32,
            "inventory_turnover_ratio": null,
            "account_receivable_turnover_ratio": 1.09,
            "reinvestment_rate": null,
            "research_to_sale_ratio": 8.76,
            "price_fair": 65.8,
            "eps_avg_yearly": 1.88,
            "eps_latest_yearly": 2.52,
            "eps_growth_yearly": 1876.86
        },
        "20223": {
            "year_quarter": 20223,
            "year": 2022,
            "quarter": 3,
            "eps": 1.16,
            "eps_growth_year": 132,
            "eps_4q": 2.82,
            "eps_4q_growth_year": 1004.02,
            "roe": 7.94,
            "roe_4q": 20.290000000000003,
            "gross_profit": 102242,
            "gross_margin": 99.79,
            "gross_margin_4q_avg": 99.51,
            "net_income": 22328,
            "revenue": 102456,
            "common_shares": 188632,
            "book_valuer_per_share": 15.3,
            "book_valuer_per_share_4q_avg": 15.06,
            "equity": 292354,
            "current_ratio": 352.98,
            "debt_ratio": 28.17,
            "inventory_turnover_ratio": null,
            "account_receivable_turnover_ratio": 1.11,
            "reinvestment_rate": null,
            "research_to_sale_ratio": 8.2,
            "price_fair": 81.9,
            "eps_avg_yearly": 2.34,
            "eps_latest_yearly": 4.64,
            "eps_growth_yearly": 1620.13
        },
        "20224": {
            "year_quarter": 20224,
            "year": 2022,
            "quarter": 4,
            "eps": 0.65,
            "eps_growth_year": 43.36,
            "eps_4q": 3.06,
            "eps_4q_growth_year": 127.67,
            "roe": 4.05,
            "roe_4q": 21.22,
            "gross_profit": 95902,
            "gross_margin": 99.79,
            "gross_margin_4q_avg": 99.63,
            "net_income": 12139,
            "revenue": 96108,
            "common_shares": 188632,
            "book_valuer_per_share": 16.09,
            "book_valuer_per_share_4q_avg": 15.53,
            "equity": 307389,
            "current_ratio": 351.08,
            "debt_ratio": 28.32,
            "inventory_turnover_ratio": null,
            "account_receivable_turnover_ratio": 1.02,
            "reinvestment_rate": -237.18,
            "research_to_sale_ratio": 10.22,
            "price_fair": 83.2,
            "eps_avg_yearly": 2.38,
            "eps_latest_yearly": 2.6,
            "eps_growth_yearly": 1363.56
        },
        "20231": {
            "year_quarter": 20231,
            "year": 2023,
            "quarter": 1,
            "eps": 0.58,
            "eps_growth_year": -22.67,
            "eps_4q": 2.95,
            "eps_4q_growth_year": 71.45,
            "roe": 3.53,
            "roe_4q": 19.61,
            "gross_profit": 99925,
            "gross_margin": 99.96,
            "gross_margin_4q_avg": 99.81,
            "net_income": 11033,
            "revenue": 99968,
            "common_shares": 188632,
            "book_valuer_per_share": 16.65,
            "book_valuer_per_share_4q_avg": 15.9,
            "equity": 317947,
            "current_ratio": 376.2,
            "debt_ratio": 26.54,
            "inventory_turnover_ratio": null,
            "account_receivable_turnover_ratio": 1.08,
            "reinvestment_rate": -52.67,
            "research_to_sale_ratio": 8.42,
            "price_fair": 82.95,
            "eps_avg_yearly": 2.37,
            "eps_latest_yearly": 2.32,
            "eps_growth_yearly": 1187.73
        }
    },
    "months": {
        "2014-11": {
            "month": "2014-11",
            "price": "89.12",
            "revenue": 7021
        },
        "2014-12": {
            "month": "2014-12",
            "price": "93.42",
            "revenue": 8532
        },
        "2015-01": {
            "month": "2015-01",
            "price": "80.65",
            "revenue": 3340
        },
        "2015-02": {
            "month": "2015-02",
            "price": "75.96",
            "revenue": 5117
        },
        "2015-03": {
            "month": "2015-03",
            "price": "68.90",
            "revenue": 33629
        },
        "2015-04": {
            "month": "2015-04",
            "price": "68.67",
            "revenue": 34847
        },
        "2015-05": {
            "month": "2015-05",
            "price": "68.51",
            "revenue": 17008
        },
        "2015-06": {
            "month": "2015-06",
            "price": "66.29",
            "revenue": 16386
        },
        "2015-07": {
            "month": "2015-07",
            "price": "68.36",
            "revenue": 17157
        },
        "2015-08": {
            "month": "2015-08",
            "price": "67.64",
            "revenue": 9710
        },
        "2015-09": {
            "month": "2015-09",
            "price": "63.82",
            "revenue": 7742
        },
        "2015-10": {
            "month": "2015-10",
            "price": "64.48",
            "revenue": 44806
        },
        "2015-11": {
            "month": "2015-11",
            "price": "64.95",
            "revenue": 30511
        },
        "2015-12": {
            "month": "2015-12",
            "price": "74.93",
            "revenue": 32729
        },
        "2016-01": {
            "month": "2016-01",
            "price": "86.22",
            "revenue": 30388
        },
        "2016-02": {
            "month": "2016-02",
            "price": "91.71",
            "revenue": 27069
        },
        "2016-03": {
            "month": "2016-03",
            "price": "87.90",
            "revenue": 37142
        },
        "2016-04": {
            "month": "2016-04",
            "price": "88.95",
            "revenue": 33576
        },
        "2016-05": {
            "month": "2016-05",
            "price": "82.98",
            "revenue": 39447
        },
        "2016-06": {
            "month": "2016-06",
            "price": "66.83",
            "revenue": 32662
        },
        "2016-07": {
            "month": "2016-07",
            "price": "71.26",
            "revenue": 32763
        },
        "2016-08": {
            "month": "2016-08",
            "price": "76.42",
            "revenue": 38294
        },
        "2016-09": {
            "month": "2016-09",
            "price": "64.42",
            "revenue": 25490
        },
        "2016-10": {
            "month": "2016-10",
            "price": "62.54",
            "revenue": 34591
        },
        "2016-11": {
            "month": "2016-11",
            "price": "54.29",
            "revenue": 26230
        },
        "2016-12": {
            "month": "2016-12",
            "price": "49.49",
            "revenue": 33204
        },
        "2017-01": {
            "month": "2017-01",
            "price": "50.26",
            "revenue": 33784
        },
        "2017-02": {
            "month": "2017-02",
            "price": "53.16",
            "revenue": 23954
        },
        "2017-03": {
            "month": "2017-03",
            "price": "56.20",
            "revenue": 27479
        },
        "2017-04": {
            "month": "2017-04",
            "price": "55.15",
            "revenue": 27676
        },
        "2017-05": {
            "month": "2017-05",
            "price": "53.24",
            "revenue": 33484
        },
        "2017-06": {
            "month": "2017-06",
            "price": "51.50",
            "revenue": 30951
        },
        "2017-07": {
            "month": "2017-07",
            "price": "47.00",
            "revenue": 32020
        },
        "2017-08": {
            "month": "2017-08",
            "price": "38.32",
            "revenue": 29384
        },
        "2017-09": {
            "month": "2017-09",
            "price": "35.88",
            "revenue": 28819
        },
        "2017-10": {
            "month": "2017-10",
            "price": "34.98",
            "revenue": 28971
        },
        "2017-11": {
            "month": "2017-11",
            "price": "34.33",
            "revenue": 24187
        },
        "2017-12": {
            "month": "2017-12",
            "price": "33.16",
            "revenue": 23436
        },
        "2018-01": {
            "month": "2018-01",
            "price": "33.60",
            "revenue": 23916
        },
        "2018-02": {
            "month": "2018-02",
            "price": "32.76",
            "revenue": 19835
        },
        "2018-03": {
            "month": "2018-03",
            "price": "32.90",
            "revenue": 20369
        },
        "2018-04": {
            "month": "2018-04",
            "price": "32.48",
            "revenue": 18991
        },
        "2018-05": {
            "month": "2018-05",
            "price": "32.53",
            "revenue": 22894
        },
        "2018-06": {
            "month": "2018-06",
            "price": "32.47",
            "revenue": 19505
        },
        "2018-07": {
            "month": "2018-07",
            "price": "32.09",
            "revenue": 20770
        },
        "2018-08": {
            "month": "2018-08",
            "price": "32.06",
            "revenue": 18115
        },
        "2018-09": {
            "month": "2018-09",
            "price": "30.03",
            "revenue": 12581
        },
        "2018-10": {
            "month": "2018-10",
            "price": "28.59",
            "revenue": 19545
        },
        "2018-11": {
            "month": "2018-11",
            "price": "29.44",
            "revenue": 14353
        },
        "2018-12": {
            "month": "2018-12",
            "price": "28.89",
            "revenue": 15955
        },
        "2019-01": {
            "month": "2019-01",
            "price": "28.09",
            "revenue": 18927
        },
        "2019-02": {
            "month": "2019-02",
            "price": "28.53",
            "revenue": 9357
        },
        "2019-03": {
            "month": "2019-03",
            "price": "28.47",
            "revenue": 9803
        },
        "2019-04": {
            "month": "2019-04",
            "price": "28.24",
            "revenue": 10641
        },
        "2019-05": {
            "month": "2019-05",
            "price": "27.81",
            "revenue": 19186
        },
        "2019-06": {
            "month": "2019-06",
            "price": "27.72",
            "revenue": 31765
        },
        "2019-07": {
            "month": "2019-07",
            "price": "28.67",
            "revenue": 9614
        },
        "2019-08": {
            "month": "2019-08",
            "price": "29.17",
            "revenue": 10897
        },
        "2019-09": {
            "month": "2019-09",
            "price": "29.75",
            "revenue": 5079
        },
        "2019-10": {
            "month": "2019-10",
            "price": "29.53",
            "revenue": 10279
        },
        "2019-11": {
            "month": "2019-11",
            "price": "29.81",
            "revenue": 5063
        },
        "2019-12": {
            "month": "2019-12",
            "price": "29.46",
            "revenue": 8879
        },
        "2020-01": {
            "month": "2020-01",
            "price": "29.18",
            "revenue": 6311
        },
        "2020-02": {
            "month": "2020-02",
            "price": "33.48",
            "revenue": 3418
        },
        "2020-03": {
            "month": "2020-03",
            "price": "29.96",
            "revenue": 4353
        },
        "2020-04": {
            "month": "2020-04",
            "price": "26.64",
            "revenue": 3860
        },
        "2020-05": {
            "month": "2020-05",
            "price": "28.93",
            "revenue": 5479
        },
        "2020-06": {
            "month": "2020-06",
            "price": "32.81",
            "revenue": 5034
        },
        "2020-07": {
            "month": "2020-07",
            "price": "34.15",
            "revenue": 4758
        },
        "2020-08": {
            "month": "2020-08",
            "price": "27.01",
            "revenue": 4485
        },
        "2020-09": {
            "month": "2020-09",
            "price": "25.93",
            "revenue": 3974
        },
        "2020-10": {
            "month": "2020-10",
            "price": "25.30",
            "revenue": 6320
        },
        "2020-11": {
            "month": "2020-11",
            "price": "24.78",
            "revenue": 3085
        },
        "2020-12": {
            "month": "2020-12",
            "price": "24.96",
            "revenue": 4951
        },
        "2021-01": {
            "month": "2021-01",
            "price": "26.02",
            "revenue": 30814
        },
        "2021-02": {
            "month": "2021-02",
            "price": "43.21",
            "revenue": 24919
        },
        "2021-03": {
            "month": "2021-03",
            "price": "57.75",
            "revenue": 18968
        },
        "2021-04": {
            "month": "2021-04",
            "price": "50.81",
            "revenue": 20624
        },
        "2021-05": {
            "month": "2021-05",
            "price": "41.77",
            "revenue": 17639
        },
        "2021-06": {
            "month": "2021-06",
            "price": "43.58",
            "revenue": 25315
        },
        "2021-07": {
            "month": "2021-07",
            "price": "46.94",
            "revenue": 28732
        },
        "2021-08": {
            "month": "2021-08",
            "price": "42.87",
            "revenue": 23062
        },
        "2021-09": {
            "month": "2021-09",
            "price": "33.54",
            "revenue": 28691
        },
        "2021-10": {
            "month": "2021-10",
            "price": "33.78",
            "revenue": 20029
        },
        "2021-11": {
            "month": "2021-11",
            "price": "36.59",
            "revenue": 32322
        },
        "2021-12": {
            "month": "2021-12",
            "price": "45.76",
            "revenue": 33513
        },
        "2022-01": {
            "month": "2022-01",
            "price": "46.32",
            "revenue": 44863
        },
        "2022-02": {
            "month": "2022-02",
            "price": "45.11",
            "revenue": 19348
        },
        "2022-03": {
            "month": "2022-03",
            "price": "39.66",
            "revenue": 25530
        },
        "2022-04": {
            "month": "2022-04",
            "price": "38.55",
            "revenue": 32705
        },
        "2022-05": {
            "month": "2022-05",
            "price": "42.34",
            "revenue": 29941
        },
        "2022-06": {
            "month": "2022-06",
            "price": "43.41",
            "revenue": 31902
        },
        "2022-07": {
            "month": "2022-07",
            "price": "42.83",
            "revenue": 35667
        },
        "2022-08": {
            "month": "2022-08",
            "price": "45.04",
            "revenue": 31691
        },
        "2022-09": {
            "month": "2022-09",
            "price": "43.48",
            "revenue": 34808
        },
        "2022-10": {
            "month": "2022-10",
            "price": "42.86",
            "revenue": 25761
        },
        "2022-11": {
            "month": "2022-11",
            "price": "42.27",
            "revenue": 36820
        },
        "2022-12": {
            "month": "2022-12",
            "price": "42.79",
            "revenue": 33530
        },
        "2023-01": {
            "month": "2023-01",
            "price": "43.46",
            "revenue": 46635
        },
        "2023-02": {
            "month": "2023-02",
            "price": "45.38",
            "revenue": 23349
        },
        "2023-03": {
            "month": "2023-03",
            "price": "45.01",
            "revenue": 30354
        },
        "2023-04": {
            "month": "2023-04",
            "price": "45.50",
            "revenue": 25871
        }
    }
}
