{
    "summary": {
        "stock_name": "點序",
        "stock_id": "6485",
        "category": "半導體",
        "main_business": "NAND Flash Controller IC研發製造",
        "website_url": "http://www.asolid-tek.com",
        "ceo": "劉坤旺",
        "pe_ratio": 14,
        "report_year_from": 2012,
        "report_year_to": 2023,
        "age": 11,
        "eps_negative_percentage": 11,
        "eps_growth_avg": {
            "last_all": -16.91,
            "last_2y": 10.13,
            "last_4y": 1.52,
            "last_8y": null,
            "last_12y": null,
            "last_16y": null,
            "last_20y": null,
            "at_2006_last_3y": null,
            "at_2007_last_3y": null,
            "at_2008_last_3y": null,
            "at_2009_last_3y": null,
            "at_2010_last_3y": null,
            "at_2011_last_3y": null,
            "at_2012_last_3y": null,
            "at_2013_last_3y": null,
            "at_2014_last_3y": null,
            "at_2015_last_3y": null,
            "at_2016_last_3y": null,
            "at_2017_last_3y": null,
            "at_2018_last_3y": null,
            "at_2019_last_3y": -43.94,
            "at_2020_last_3y": -58.2,
            "at_2021_last_3y": 8.46,
            "at_2022_last_3y": 1.52,
            "at_2023_last_3y": 1.52,
            "at_2006_last_all": null,
            "at_2007_last_all": null,
            "at_2008_last_all": null,
            "at_2009_last_all": null,
            "at_2010_last_all": null,
            "at_2011_last_all": null,
            "at_2012_last_all": null,
            "at_2013_last_all": null,
            "at_2014_last_all": null,
            "at_2015_last_all": null,
            "at_2016_last_all": null,
            "at_2017_last_all": -53.76,
            "at_2018_last_all": -53.76,
            "at_2019_last_all": -43.94,
            "at_2020_last_all": -45.53,
            "at_2021_last_all": -16.43,
            "at_2022_last_all": -16.91,
            "at_2023_last_all": -16.91
        },
        "latest_eps": 7.17,
        "latest_price": 99.3,
        "latest_roe": 16.27,
        "latest_gross_margin": 47.66,
        "latest_equity": 2030402,
        "latest_revenue": 383359,
        "latest_gross_profit": 182690,
        "latest_net_income": 34845,
        "latest_debt_ratio": 17.68,
        "latest_current_ratio": 501.86,
        "latest_account_receivable_turnover_ratio": 2.09,
        "latest_inventory_turnover_ratio": 0.37,
        "latest_reinvestment_rate": 11.92,
        "latest_research_to_sale_ratio": 26.45
    },
    "eps_dividends": {
        "2001": {
            "cash": 0,
            "stock": 0,
            "eps": 0
        },
        "2002": {
            "cash": 0,
            "stock": 0,
            "eps": 0
        },
        "2003": {
            "cash": 0,
            "stock": 0,
            "eps": 0
        },
        "2004": {
            "cash": 0,
            "stock": 0,
            "eps": 0
        },
        "2005": {
            "cash": 0,
            "stock": 0,
            "eps": 0
        },
        "2006": {
            "cash": 0,
            "stock": 0,
            "eps": 0
        },
        "2007": {
            "cash": 0,
            "stock": 0,
            "eps": 0
        },
        "2008": {
            "cash": 0,
            "stock": 0,
            "eps": 0
        },
        "2009": {
            "cash": 0,
            "stock": 0,
            "eps": 0
        },
        "2010": {
            "cash": 0,
            "stock": 0,
            "eps": 0
        },
        "2011": {
            "cash": 0,
            "stock": 0,
            "eps": 0
        },
        "2012": {
            "cash": 0,
            "stock": 0,
            "eps": 0
        },
        "2013": {
            "cash": 0,
            "stock": 0,
            "eps": 0
        },
        "2014": {
            "cash": 0,
            "stock": 0,
            "eps": 0
        },
        "2015": {
            "cash": 4,
            "stock": 1,
            "eps": 5.85
        },
        "2016": {
            "cash": 2,
            "stock": 3,
            "eps": 5.41
        },
        "2017": {
            "cash": 2,
            "stock": 1,
            "eps": -2.3
        },
        "2018": {
            "cash": 0,
            "stock": 0,
            "eps": 2.18
        },
        "2019": {
            "cash": 0,
            "stock": 2,
            "eps": 1.65
        },
        "2020": {
            "cash": 1,
            "stock": 0,
            "eps": 0.82
        },
        "2021": {
            "cash": 1,
            "stock": 0,
            "eps": 12.02
        },
        "2022": {
            "cash": 5,
            "stock": 0,
            "eps": 9.7
        },
        "2023": {
            "cash": 4,
            "stock": 0,
            "eps": 0.78
        }
    },
    "dividends": {
        "2015-09-30": {
            "cash": 3.5,
            "stock": 0.5
        },
        "2016-09-27": {
            "cash": 1.5,
            "stock": 2.5
        },
        "2017-09-27": {
            "cash": 1.5,
            "stock": 1
        },
        "2019-03-26": {
            "cash": 0,
            "stock": 1.5
        },
        "2020-09-30": {
            "cash": 0.5,
            "stock": 0
        },
        "2021-09-30": {
            "cash": 0.5,
            "stock": 0
        },
        "2022-09-30": {
            "cash": 5,
            "stock": 0
        },
        "2023-03-16": {
            "cash": 4,
            "stock": 0
        }
    },
    "prices": {
        "200101": "無",
        "200102": "無",
        "200103": "無",
        "200104": "無",
        "200105": "無",
        "200106": "無",
        "200107": "無",
        "200108": "無",
        "200109": "無",
        "200110": "無",
        "200111": "無",
        "200112": "無",
        "200201": "無",
        "200202": "無",
        "200203": "無",
        "200204": "無",
        "200205": "無",
        "200206": "無",
        "200207": "無",
        "200208": "無",
        "200209": "無",
        "200210": "無",
        "200211": "無",
        "200212": "無",
        "200301": "無",
        "200302": "無",
        "200303": "無",
        "200304": "無",
        "200305": "無",
        "200306": "無",
        "200307": "無",
        "200308": "無",
        "200309": "無",
        "200310": "無",
        "200311": "無",
        "200312": "無",
        "200401": "無",
        "200402": "無",
        "200403": "無",
        "200404": "無",
        "200405": "無",
        "200406": "無",
        "200407": "無",
        "200408": "無",
        "200409": "無",
        "200410": "無",
        "200411": "無",
        "200412": "無",
        "200501": "無",
        "200502": "無",
        "200503": "無",
        "200504": "無",
        "200505": "無",
        "200506": "無",
        "200507": "無",
        "200508": "無",
        "200509": "無",
        "200510": "無",
        "200511": "無",
        "200512": "無",
        "200601": "無",
        "200602": "無",
        "200603": "無",
        "200604": "無",
        "200605": "無",
        "200606": "無",
        "200607": "無",
        "200608": "無",
        "200609": "無",
        "200610": "無",
        "200611": "無",
        "200612": "無",
        "200701": "無",
        "200702": "無",
        "200703": "無",
        "200704": "無",
        "200705": "無",
        "200706": "無",
        "200707": "無",
        "200708": "無",
        "200709": "無",
        "200710": "無",
        "200711": "無",
        "200712": "無",
        "200801": "無",
        "200802": "無",
        "200803": "無",
        "200804": "無",
        "200805": "無",
        "200806": "無",
        "200807": "無",
        "200808": "無",
        "200809": "無",
        "200810": "無",
        "200811": "無",
        "200812": "無",
        "200901": "無",
        "200902": "無",
        "200903": "無",
        "200904": "無",
        "200905": "無",
        "200906": "無",
        "200907": "無",
        "200908": "無",
        "200909": "無",
        "200910": "無",
        "200911": "無",
        "200912": "無",
        "201001": "無",
        "201002": "無",
        "201003": "無",
        "201004": "無",
        "201005": "無",
        "201006": "無",
        "201007": "無",
        "201008": "無",
        "201009": "無",
        "201010": "無",
        "201011": "無",
        "201012": "無",
        "201101": "無",
        "201102": "無",
        "201103": "無",
        "201104": "無",
        "201105": "無",
        "201106": "無",
        "201107": "無",
        "201108": "無",
        "201109": "無",
        "201110": "無",
        "201111": "無",
        "201112": "無",
        "201201": "無",
        "201202": "無",
        "201203": "無",
        "201204": "無",
        "201205": "無",
        "201206": "無",
        "201207": "無",
        "201208": "無",
        "201209": "無",
        "201210": "無",
        "201211": "無",
        "201212": "無",
        "201301": "無",
        "201302": "無",
        "201303": "無",
        "201304": "無",
        "201305": "無",
        "201306": "無",
        "201307": "無",
        "201308": "無",
        "201309": "無",
        "201310": "無",
        "201311": "無",
        "201312": "無",
        "201401": "無",
        "201402": "無",
        "201403": "無",
        "201404": "無",
        "201405": "無",
        "201406": "無",
        "201407": "無",
        "201408": "無",
        "201409": "無",
        "201410": "68.60",
        "201411": "68.36",
        "201412": "69.88",
        "201501": "86.47",
        "201502": "87.04",
        "201503": "89.54",
        "201504": "77.04",
        "201505": "57.78",
        "201506": "51.81",
        "201507": "47.52",
        "201508": "42.63",
        "201509": "45.14",
        "201510": "55.72",
        "201511": "64.60",
        "201512": "59.44",
        "201601": "51.15",
        "201602": "54.72",
        "201603": "62.35",
        "201604": "64.06",
        "201605": "72.79",
        "201606": "84.32",
        "201607": "88.71",
        "201608": "82.15",
        "201609": "61.16",
        "201610": "53.26",
        "201611": "53.53",
        "201612": "58.05",
        "201701": "53.76",
        "201702": "54.13",
        "201703": "52.07",
        "201704": "47.04",
        "201705": "42.61",
        "201706": "43.37",
        "201707": "44.74",
        "201708": "43.13",
        "201709": "39.25",
        "201710": "36.04",
        "201711": "35.40",
        "201712": "37.32",
        "201801": "45.78",
        "201802": "44.68",
        "201803": "49.53",
        "201804": "55.81",
        "201805": "57.15",
        "201806": "56.54",
        "201807": "49.71",
        "201808": "46.48",
        "201809": "40.78",
        "201810": "42.11",
        "201811": "44.38",
        "201812": "43.60",
        "201901": "41.26",
        "201902": "41.32",
        "201903": "42.32",
        "201904": "43.00",
        "201905": "39.57",
        "201906": "38.00",
        "201907": "40.00",
        "201908": "38.20",
        "201909": "35.19",
        "201910": "32.12",
        "201911": "29.73",
        "201912": "31.83",
        "202001": "36.99",
        "202002": "36.78",
        "202003": "27.36",
        "202004": "25.38",
        "202005": "26.76",
        "202006": "26.07",
        "202007": "25.99",
        "202008": "24.50",
        "202009": "24.53",
        "202010": "25.05",
        "202011": "26.91",
        "202012": "32.30",
        "202101": "37.85",
        "202102": "71.37",
        "202103": "105.06",
        "202104": "129.05",
        "202105": "102.53",
        "202106": "128.24",
        "202107": "141.14",
        "202108": "152.80",
        "202109": "135.78",
        "202110": "117.58",
        "202111": "149.20",
        "202112": "152.86",
        "202201": "136.22",
        "202202": "141.23",
        "202203": "142.24",
        "202204": "129.74",
        "202205": "117.74",
        "202206": "102.87",
        "202207": "82.77",
        "202208": "84.29",
        "202209": "70.00",
        "202210": "60.70",
        "202211": "70.91",
        "202212": "70.40",
        "202301": "70.39",
        "202302": "76.51",
        "202303": "84.35",
        "202304": "105.55",
        "202305": "99.43"
    },
    "quarters": {
        "20011": {
            "year_quarter": 20011,
            "year": 2001,
            "quarter": 1,
            "eps": null,
            "eps_growth_year": null,
            "eps_4q": null,
            "eps_4q_growth_year": null,
            "roe": null,
            "roe_4q": 0,
            "gross_profit": null,
            "gross_margin": null,
            "gross_margin_4q_avg": 0,
            "net_income": null,
            "revenue": null,
            "common_shares": null,
            "book_valuer_per_share": null,
            "book_valuer_per_share_4q_avg": 0,
            "equity": null,
            "current_ratio": null,
            "debt_ratio": null,
            "inventory_turnover_ratio": null,
            "account_receivable_turnover_ratio": null,
            "reinvestment_rate": null,
            "research_to_sale_ratio": null,
            "price_fair": 0,
            "eps_avg_yearly": 0,
            "eps_latest_yearly": 0,
            "eps_growth_yearly": 0
        },
        "20012": {
            "year_quarter": 20012,
            "year": 2001,
            "quarter": 2,
            "eps": null,
            "eps_growth_year": null,
            "eps_4q": null,
            "eps_4q_growth_year": null,
            "roe": null,
            "roe_4q": 0,
            "gross_profit": null,
            "gross_margin": null,
            "gross_margin_4q_avg": 0,
            "net_income": null,
            "revenue": null,
            "common_shares": null,
            "book_valuer_per_share": null,
            "book_valuer_per_share_4q_avg": 0,
            "equity": null,
            "current_ratio": null,
            "debt_ratio": null,
            "inventory_turnover_ratio": null,
            "account_receivable_turnover_ratio": null,
            "reinvestment_rate": null,
            "research_to_sale_ratio": null,
            "price_fair": 0,
            "eps_avg_yearly": 0,
            "eps_latest_yearly": 0,
            "eps_growth_yearly": 0
        },
        "20013": {
            "year_quarter": 20013,
            "year": 2001,
            "quarter": 3,
            "eps": null,
            "eps_growth_year": null,
            "eps_4q": null,
            "eps_4q_growth_year": null,
            "roe": null,
            "roe_4q": 0,
            "gross_profit": null,
            "gross_margin": null,
            "gross_margin_4q_avg": 0,
            "net_income": null,
            "revenue": null,
            "common_shares": null,
            "book_valuer_per_share": null,
            "book_valuer_per_share_4q_avg": 0,
            "equity": null,
            "current_ratio": null,
            "debt_ratio": null,
            "inventory_turnover_ratio": null,
            "account_receivable_turnover_ratio": null,
            "reinvestment_rate": null,
            "research_to_sale_ratio": null,
            "price_fair": 0,
            "eps_avg_yearly": 0,
            "eps_latest_yearly": 0,
            "eps_growth_yearly": 0
        },
        "20014": {
            "year_quarter": 20014,
            "year": 2001,
            "quarter": 4,
            "eps": null,
            "eps_growth_year": null,
            "eps_4q": null,
            "eps_4q_growth_year": null,
            "roe": null,
            "roe_4q": 0,
            "gross_profit": null,
            "gross_margin": null,
            "gross_margin_4q_avg": 0,
            "net_income": null,
            "revenue": null,
            "common_shares": null,
            "book_valuer_per_share": null,
            "book_valuer_per_share_4q_avg": 0,
            "equity": null,
            "current_ratio": null,
            "debt_ratio": null,
            "inventory_turnover_ratio": null,
            "account_receivable_turnover_ratio": null,
            "reinvestment_rate": null,
            "research_to_sale_ratio": null,
            "price_fair": 0,
            "eps_avg_yearly": 0,
            "eps_latest_yearly": 0,
            "eps_growth_yearly": 0
        },
        "20021": {
            "year_quarter": 20021,
            "year": 2002,
            "quarter": 1,
            "eps": null,
            "eps_growth_year": null,
            "eps_4q": null,
            "eps_4q_growth_year": null,
            "roe": null,
            "roe_4q": 0,
            "gross_profit": null,
            "gross_margin": null,
            "gross_margin_4q_avg": 0,
            "net_income": null,
            "revenue": null,
            "common_shares": null,
            "book_valuer_per_share": null,
            "book_valuer_per_share_4q_avg": 0,
            "equity": null,
            "current_ratio": null,
            "debt_ratio": null,
            "inventory_turnover_ratio": null,
            "account_receivable_turnover_ratio": null,
            "reinvestment_rate": null,
            "research_to_sale_ratio": null,
            "price_fair": 0,
            "eps_avg_yearly": 0,
            "eps_latest_yearly": 0,
            "eps_growth_yearly": 0
        },
        "20022": {
            "year_quarter": 20022,
            "year": 2002,
            "quarter": 2,
            "eps": null,
            "eps_growth_year": null,
            "eps_4q": null,
            "eps_4q_growth_year": null,
            "roe": null,
            "roe_4q": 0,
            "gross_profit": null,
            "gross_margin": null,
            "gross_margin_4q_avg": 0,
            "net_income": null,
            "revenue": null,
            "common_shares": null,
            "book_valuer_per_share": null,
            "book_valuer_per_share_4q_avg": 0,
            "equity": null,
            "current_ratio": null,
            "debt_ratio": null,
            "inventory_turnover_ratio": null,
            "account_receivable_turnover_ratio": null,
            "reinvestment_rate": null,
            "research_to_sale_ratio": null,
            "price_fair": 0,
            "eps_avg_yearly": 0,
            "eps_latest_yearly": 0,
            "eps_growth_yearly": 0
        },
        "20023": {
            "year_quarter": 20023,
            "year": 2002,
            "quarter": 3,
            "eps": null,
            "eps_growth_year": null,
            "eps_4q": null,
            "eps_4q_growth_year": null,
            "roe": null,
            "roe_4q": 0,
            "gross_profit": null,
            "gross_margin": null,
            "gross_margin_4q_avg": 0,
            "net_income": null,
            "revenue": null,
            "common_shares": null,
            "book_valuer_per_share": null,
            "book_valuer_per_share_4q_avg": 0,
            "equity": null,
            "current_ratio": null,
            "debt_ratio": null,
            "inventory_turnover_ratio": null,
            "account_receivable_turnover_ratio": null,
            "reinvestment_rate": null,
            "research_to_sale_ratio": null,
            "price_fair": 0,
            "eps_avg_yearly": 0,
            "eps_latest_yearly": 0,
            "eps_growth_yearly": 0
        },
        "20024": {
            "year_quarter": 20024,
            "year": 2002,
            "quarter": 4,
            "eps": null,
            "eps_growth_year": null,
            "eps_4q": null,
            "eps_4q_growth_year": null,
            "roe": null,
            "roe_4q": 0,
            "gross_profit": null,
            "gross_margin": null,
            "gross_margin_4q_avg": 0,
            "net_income": null,
            "revenue": null,
            "common_shares": null,
            "book_valuer_per_share": null,
            "book_valuer_per_share_4q_avg": 0,
            "equity": null,
            "current_ratio": null,
            "debt_ratio": null,
            "inventory_turnover_ratio": null,
            "account_receivable_turnover_ratio": null,
            "reinvestment_rate": null,
            "research_to_sale_ratio": null,
            "price_fair": 0,
            "eps_avg_yearly": 0,
            "eps_latest_yearly": 0,
            "eps_growth_yearly": 0
        },
        "20031": {
            "year_quarter": 20031,
            "year": 2003,
            "quarter": 1,
            "eps": null,
            "eps_growth_year": null,
            "eps_4q": null,
            "eps_4q_growth_year": null,
            "roe": null,
            "roe_4q": 0,
            "gross_profit": null,
            "gross_margin": null,
            "gross_margin_4q_avg": 0,
            "net_income": null,
            "revenue": null,
            "common_shares": null,
            "book_valuer_per_share": null,
            "book_valuer_per_share_4q_avg": 0,
            "equity": null,
            "current_ratio": null,
            "debt_ratio": null,
            "inventory_turnover_ratio": null,
            "account_receivable_turnover_ratio": null,
            "reinvestment_rate": null,
            "research_to_sale_ratio": null,
            "price_fair": 0,
            "eps_avg_yearly": 0,
            "eps_latest_yearly": 0,
            "eps_growth_yearly": 0
        },
        "20032": {
            "year_quarter": 20032,
            "year": 2003,
            "quarter": 2,
            "eps": null,
            "eps_growth_year": null,
            "eps_4q": null,
            "eps_4q_growth_year": null,
            "roe": null,
            "roe_4q": 0,
            "gross_profit": null,
            "gross_margin": null,
            "gross_margin_4q_avg": 0,
            "net_income": null,
            "revenue": null,
            "common_shares": null,
            "book_valuer_per_share": null,
            "book_valuer_per_share_4q_avg": 0,
            "equity": null,
            "current_ratio": null,
            "debt_ratio": null,
            "inventory_turnover_ratio": null,
            "account_receivable_turnover_ratio": null,
            "reinvestment_rate": null,
            "research_to_sale_ratio": null,
            "price_fair": 0,
            "eps_avg_yearly": 0,
            "eps_latest_yearly": 0,
            "eps_growth_yearly": 0
        },
        "20033": {
            "year_quarter": 20033,
            "year": 2003,
            "quarter": 3,
            "eps": null,
            "eps_growth_year": null,
            "eps_4q": null,
            "eps_4q_growth_year": null,
            "roe": null,
            "roe_4q": 0,
            "gross_profit": null,
            "gross_margin": null,
            "gross_margin_4q_avg": 0,
            "net_income": null,
            "revenue": null,
            "common_shares": null,
            "book_valuer_per_share": null,
            "book_valuer_per_share_4q_avg": 0,
            "equity": null,
            "current_ratio": null,
            "debt_ratio": null,
            "inventory_turnover_ratio": null,
            "account_receivable_turnover_ratio": null,
            "reinvestment_rate": null,
            "research_to_sale_ratio": null,
            "price_fair": 0,
            "eps_avg_yearly": 0,
            "eps_latest_yearly": 0,
            "eps_growth_yearly": 0
        },
        "20034": {
            "year_quarter": 20034,
            "year": 2003,
            "quarter": 4,
            "eps": null,
            "eps_growth_year": null,
            "eps_4q": null,
            "eps_4q_growth_year": null,
            "roe": null,
            "roe_4q": 0,
            "gross_profit": null,
            "gross_margin": null,
            "gross_margin_4q_avg": 0,
            "net_income": null,
            "revenue": null,
            "common_shares": null,
            "book_valuer_per_share": null,
            "book_valuer_per_share_4q_avg": 0,
            "equity": null,
            "current_ratio": null,
            "debt_ratio": null,
            "inventory_turnover_ratio": null,
            "account_receivable_turnover_ratio": null,
            "reinvestment_rate": null,
            "research_to_sale_ratio": null,
            "price_fair": 0,
            "eps_avg_yearly": 0,
            "eps_latest_yearly": 0,
            "eps_growth_yearly": 0
        },
        "20041": {
            "year_quarter": 20041,
            "year": 2004,
            "quarter": 1,
            "eps": null,
            "eps_growth_year": null,
            "eps_4q": null,
            "eps_4q_growth_year": null,
            "roe": null,
            "roe_4q": 0,
            "gross_profit": null,
            "gross_margin": null,
            "gross_margin_4q_avg": 0,
            "net_income": null,
            "revenue": null,
            "common_shares": null,
            "book_valuer_per_share": null,
            "book_valuer_per_share_4q_avg": 0,
            "equity": null,
            "current_ratio": null,
            "debt_ratio": null,
            "inventory_turnover_ratio": null,
            "account_receivable_turnover_ratio": null,
            "reinvestment_rate": null,
            "research_to_sale_ratio": null,
            "price_fair": 0,
            "eps_avg_yearly": 0,
            "eps_latest_yearly": 0,
            "eps_growth_yearly": 0
        },
        "20042": {
            "year_quarter": 20042,
            "year": 2004,
            "quarter": 2,
            "eps": null,
            "eps_growth_year": null,
            "eps_4q": null,
            "eps_4q_growth_year": null,
            "roe": null,
            "roe_4q": 0,
            "gross_profit": null,
            "gross_margin": null,
            "gross_margin_4q_avg": 0,
            "net_income": null,
            "revenue": null,
            "common_shares": null,
            "book_valuer_per_share": null,
            "book_valuer_per_share_4q_avg": 0,
            "equity": null,
            "current_ratio": null,
            "debt_ratio": null,
            "inventory_turnover_ratio": null,
            "account_receivable_turnover_ratio": null,
            "reinvestment_rate": null,
            "research_to_sale_ratio": null,
            "price_fair": 0,
            "eps_avg_yearly": 0,
            "eps_latest_yearly": 0,
            "eps_growth_yearly": 0
        },
        "20043": {
            "year_quarter": 20043,
            "year": 2004,
            "quarter": 3,
            "eps": null,
            "eps_growth_year": null,
            "eps_4q": null,
            "eps_4q_growth_year": null,
            "roe": null,
            "roe_4q": 0,
            "gross_profit": null,
            "gross_margin": null,
            "gross_margin_4q_avg": 0,
            "net_income": null,
            "revenue": null,
            "common_shares": null,
            "book_valuer_per_share": null,
            "book_valuer_per_share_4q_avg": 0,
            "equity": null,
            "current_ratio": null,
            "debt_ratio": null,
            "inventory_turnover_ratio": null,
            "account_receivable_turnover_ratio": null,
            "reinvestment_rate": null,
            "research_to_sale_ratio": null,
            "price_fair": 0,
            "eps_avg_yearly": 0,
            "eps_latest_yearly": 0,
            "eps_growth_yearly": 0
        },
        "20044": {
            "year_quarter": 20044,
            "year": 2004,
            "quarter": 4,
            "eps": null,
            "eps_growth_year": null,
            "eps_4q": null,
            "eps_4q_growth_year": null,
            "roe": null,
            "roe_4q": 0,
            "gross_profit": null,
            "gross_margin": null,
            "gross_margin_4q_avg": 0,
            "net_income": null,
            "revenue": null,
            "common_shares": null,
            "book_valuer_per_share": null,
            "book_valuer_per_share_4q_avg": 0,
            "equity": null,
            "current_ratio": null,
            "debt_ratio": null,
            "inventory_turnover_ratio": null,
            "account_receivable_turnover_ratio": null,
            "reinvestment_rate": null,
            "research_to_sale_ratio": null,
            "price_fair": 0,
            "eps_avg_yearly": 0,
            "eps_latest_yearly": 0,
            "eps_growth_yearly": 0
        },
        "20051": {
            "year_quarter": 20051,
            "year": 2005,
            "quarter": 1,
            "eps": null,
            "eps_growth_year": null,
            "eps_4q": null,
            "eps_4q_growth_year": null,
            "roe": null,
            "roe_4q": 0,
            "gross_profit": null,
            "gross_margin": null,
            "gross_margin_4q_avg": 0,
            "net_income": null,
            "revenue": null,
            "common_shares": null,
            "book_valuer_per_share": null,
            "book_valuer_per_share_4q_avg": 0,
            "equity": null,
            "current_ratio": null,
            "debt_ratio": null,
            "inventory_turnover_ratio": null,
            "account_receivable_turnover_ratio": null,
            "reinvestment_rate": null,
            "research_to_sale_ratio": null,
            "price_fair": 0,
            "eps_avg_yearly": 0,
            "eps_latest_yearly": 0,
            "eps_growth_yearly": 0
        },
        "20052": {
            "year_quarter": 20052,
            "year": 2005,
            "quarter": 2,
            "eps": null,
            "eps_growth_year": null,
            "eps_4q": null,
            "eps_4q_growth_year": null,
            "roe": null,
            "roe_4q": 0,
            "gross_profit": null,
            "gross_margin": null,
            "gross_margin_4q_avg": 0,
            "net_income": null,
            "revenue": null,
            "common_shares": null,
            "book_valuer_per_share": null,
            "book_valuer_per_share_4q_avg": 0,
            "equity": null,
            "current_ratio": null,
            "debt_ratio": null,
            "inventory_turnover_ratio": null,
            "account_receivable_turnover_ratio": null,
            "reinvestment_rate": null,
            "research_to_sale_ratio": null,
            "price_fair": 0,
            "eps_avg_yearly": 0,
            "eps_latest_yearly": 0,
            "eps_growth_yearly": 0
        },
        "20053": {
            "year_quarter": 20053,
            "year": 2005,
            "quarter": 3,
            "eps": null,
            "eps_growth_year": null,
            "eps_4q": null,
            "eps_4q_growth_year": null,
            "roe": null,
            "roe_4q": 0,
            "gross_profit": null,
            "gross_margin": null,
            "gross_margin_4q_avg": 0,
            "net_income": null,
            "revenue": null,
            "common_shares": null,
            "book_valuer_per_share": null,
            "book_valuer_per_share_4q_avg": 0,
            "equity": null,
            "current_ratio": null,
            "debt_ratio": null,
            "inventory_turnover_ratio": null,
            "account_receivable_turnover_ratio": null,
            "reinvestment_rate": null,
            "research_to_sale_ratio": null,
            "price_fair": 0,
            "eps_avg_yearly": 0,
            "eps_latest_yearly": 0,
            "eps_growth_yearly": 0
        },
        "20054": {
            "year_quarter": 20054,
            "year": 2005,
            "quarter": 4,
            "eps": null,
            "eps_growth_year": null,
            "eps_4q": null,
            "eps_4q_growth_year": null,
            "roe": null,
            "roe_4q": 0,
            "gross_profit": null,
            "gross_margin": null,
            "gross_margin_4q_avg": 0,
            "net_income": null,
            "revenue": null,
            "common_shares": null,
            "book_valuer_per_share": null,
            "book_valuer_per_share_4q_avg": 0,
            "equity": null,
            "current_ratio": null,
            "debt_ratio": null,
            "inventory_turnover_ratio": null,
            "account_receivable_turnover_ratio": null,
            "reinvestment_rate": null,
            "research_to_sale_ratio": null,
            "price_fair": 0,
            "eps_avg_yearly": 0,
            "eps_latest_yearly": 0,
            "eps_growth_yearly": 0
        },
        "20061": {
            "year_quarter": 20061,
            "year": 2006,
            "quarter": 1,
            "eps": null,
            "eps_growth_year": null,
            "eps_4q": null,
            "eps_4q_growth_year": null,
            "roe": null,
            "roe_4q": 0,
            "gross_profit": null,
            "gross_margin": null,
            "gross_margin_4q_avg": 0,
            "net_income": null,
            "revenue": null,
            "common_shares": null,
            "book_valuer_per_share": null,
            "book_valuer_per_share_4q_avg": 0,
            "equity": null,
            "current_ratio": null,
            "debt_ratio": null,
            "inventory_turnover_ratio": null,
            "account_receivable_turnover_ratio": null,
            "reinvestment_rate": null,
            "research_to_sale_ratio": null,
            "price_fair": 0,
            "eps_avg_yearly": 0,
            "eps_latest_yearly": 0,
            "eps_growth_yearly": 0
        },
        "20062": {
            "year_quarter": 20062,
            "year": 2006,
            "quarter": 2,
            "eps": null,
            "eps_growth_year": null,
            "eps_4q": null,
            "eps_4q_growth_year": null,
            "roe": null,
            "roe_4q": 0,
            "gross_profit": null,
            "gross_margin": null,
            "gross_margin_4q_avg": 0,
            "net_income": null,
            "revenue": null,
            "common_shares": null,
            "book_valuer_per_share": null,
            "book_valuer_per_share_4q_avg": 0,
            "equity": null,
            "current_ratio": null,
            "debt_ratio": null,
            "inventory_turnover_ratio": null,
            "account_receivable_turnover_ratio": null,
            "reinvestment_rate": null,
            "research_to_sale_ratio": null,
            "price_fair": 0,
            "eps_avg_yearly": 0,
            "eps_latest_yearly": 0,
            "eps_growth_yearly": 0
        },
        "20063": {
            "year_quarter": 20063,
            "year": 2006,
            "quarter": 3,
            "eps": null,
            "eps_growth_year": null,
            "eps_4q": null,
            "eps_4q_growth_year": null,
            "roe": null,
            "roe_4q": 0,
            "gross_profit": null,
            "gross_margin": null,
            "gross_margin_4q_avg": 0,
            "net_income": null,
            "revenue": null,
            "common_shares": null,
            "book_valuer_per_share": null,
            "book_valuer_per_share_4q_avg": 0,
            "equity": null,
            "current_ratio": null,
            "debt_ratio": null,
            "inventory_turnover_ratio": null,
            "account_receivable_turnover_ratio": null,
            "reinvestment_rate": null,
            "research_to_sale_ratio": null,
            "price_fair": 0,
            "eps_avg_yearly": 0,
            "eps_latest_yearly": 0,
            "eps_growth_yearly": 0
        },
        "20064": {
            "year_quarter": 20064,
            "year": 2006,
            "quarter": 4,
            "eps": null,
            "eps_growth_year": null,
            "eps_4q": null,
            "eps_4q_growth_year": null,
            "roe": null,
            "roe_4q": 0,
            "gross_profit": null,
            "gross_margin": null,
            "gross_margin_4q_avg": 0,
            "net_income": null,
            "revenue": null,
            "common_shares": null,
            "book_valuer_per_share": null,
            "book_valuer_per_share_4q_avg": 0,
            "equity": null,
            "current_ratio": null,
            "debt_ratio": null,
            "inventory_turnover_ratio": null,
            "account_receivable_turnover_ratio": null,
            "reinvestment_rate": null,
            "research_to_sale_ratio": null,
            "price_fair": 0,
            "eps_avg_yearly": 0,
            "eps_latest_yearly": 0,
            "eps_growth_yearly": 0
        },
        "20071": {
            "year_quarter": 20071,
            "year": 2007,
            "quarter": 1,
            "eps": null,
            "eps_growth_year": null,
            "eps_4q": null,
            "eps_4q_growth_year": null,
            "roe": null,
            "roe_4q": 0,
            "gross_profit": null,
            "gross_margin": null,
            "gross_margin_4q_avg": 0,
            "net_income": null,
            "revenue": null,
            "common_shares": null,
            "book_valuer_per_share": null,
            "book_valuer_per_share_4q_avg": 0,
            "equity": null,
            "current_ratio": null,
            "debt_ratio": null,
            "inventory_turnover_ratio": null,
            "account_receivable_turnover_ratio": null,
            "reinvestment_rate": null,
            "research_to_sale_ratio": null,
            "price_fair": 0,
            "eps_avg_yearly": 0,
            "eps_latest_yearly": 0,
            "eps_growth_yearly": 0
        },
        "20072": {
            "year_quarter": 20072,
            "year": 2007,
            "quarter": 2,
            "eps": null,
            "eps_growth_year": null,
            "eps_4q": null,
            "eps_4q_growth_year": null,
            "roe": null,
            "roe_4q": 0,
            "gross_profit": null,
            "gross_margin": null,
            "gross_margin_4q_avg": 0,
            "net_income": null,
            "revenue": null,
            "common_shares": null,
            "book_valuer_per_share": null,
            "book_valuer_per_share_4q_avg": 0,
            "equity": null,
            "current_ratio": null,
            "debt_ratio": null,
            "inventory_turnover_ratio": null,
            "account_receivable_turnover_ratio": null,
            "reinvestment_rate": null,
            "research_to_sale_ratio": null,
            "price_fair": 0,
            "eps_avg_yearly": 0,
            "eps_latest_yearly": 0,
            "eps_growth_yearly": 0
        },
        "20073": {
            "year_quarter": 20073,
            "year": 2007,
            "quarter": 3,
            "eps": null,
            "eps_growth_year": null,
            "eps_4q": null,
            "eps_4q_growth_year": null,
            "roe": null,
            "roe_4q": 0,
            "gross_profit": null,
            "gross_margin": null,
            "gross_margin_4q_avg": 0,
            "net_income": null,
            "revenue": null,
            "common_shares": null,
            "book_valuer_per_share": null,
            "book_valuer_per_share_4q_avg": 0,
            "equity": null,
            "current_ratio": null,
            "debt_ratio": null,
            "inventory_turnover_ratio": null,
            "account_receivable_turnover_ratio": null,
            "reinvestment_rate": null,
            "research_to_sale_ratio": null,
            "price_fair": 0,
            "eps_avg_yearly": 0,
            "eps_latest_yearly": 0,
            "eps_growth_yearly": 0
        },
        "20074": {
            "year_quarter": 20074,
            "year": 2007,
            "quarter": 4,
            "eps": null,
            "eps_growth_year": null,
            "eps_4q": null,
            "eps_4q_growth_year": null,
            "roe": null,
            "roe_4q": 0,
            "gross_profit": null,
            "gross_margin": null,
            "gross_margin_4q_avg": 0,
            "net_income": null,
            "revenue": null,
            "common_shares": null,
            "book_valuer_per_share": null,
            "book_valuer_per_share_4q_avg": 0,
            "equity": null,
            "current_ratio": null,
            "debt_ratio": null,
            "inventory_turnover_ratio": null,
            "account_receivable_turnover_ratio": null,
            "reinvestment_rate": null,
            "research_to_sale_ratio": null,
            "price_fair": 0,
            "eps_avg_yearly": 0,
            "eps_latest_yearly": 0,
            "eps_growth_yearly": 0
        },
        "20081": {
            "year_quarter": 20081,
            "year": 2008,
            "quarter": 1,
            "eps": null,
            "eps_growth_year": null,
            "eps_4q": null,
            "eps_4q_growth_year": null,
            "roe": null,
            "roe_4q": 0,
            "gross_profit": null,
            "gross_margin": null,
            "gross_margin_4q_avg": 0,
            "net_income": null,
            "revenue": null,
            "common_shares": null,
            "book_valuer_per_share": null,
            "book_valuer_per_share_4q_avg": 0,
            "equity": null,
            "current_ratio": null,
            "debt_ratio": null,
            "inventory_turnover_ratio": null,
            "account_receivable_turnover_ratio": null,
            "reinvestment_rate": null,
            "research_to_sale_ratio": null,
            "price_fair": 0,
            "eps_avg_yearly": 0,
            "eps_latest_yearly": 0,
            "eps_growth_yearly": 0
        },
        "20082": {
            "year_quarter": 20082,
            "year": 2008,
            "quarter": 2,
            "eps": null,
            "eps_growth_year": null,
            "eps_4q": null,
            "eps_4q_growth_year": null,
            "roe": null,
            "roe_4q": 0,
            "gross_profit": null,
            "gross_margin": null,
            "gross_margin_4q_avg": 0,
            "net_income": null,
            "revenue": null,
            "common_shares": null,
            "book_valuer_per_share": null,
            "book_valuer_per_share_4q_avg": 0,
            "equity": null,
            "current_ratio": null,
            "debt_ratio": null,
            "inventory_turnover_ratio": null,
            "account_receivable_turnover_ratio": null,
            "reinvestment_rate": null,
            "research_to_sale_ratio": null,
            "price_fair": 0,
            "eps_avg_yearly": 0,
            "eps_latest_yearly": 0,
            "eps_growth_yearly": 0
        },
        "20083": {
            "year_quarter": 20083,
            "year": 2008,
            "quarter": 3,
            "eps": null,
            "eps_growth_year": null,
            "eps_4q": null,
            "eps_4q_growth_year": null,
            "roe": null,
            "roe_4q": 0,
            "gross_profit": null,
            "gross_margin": null,
            "gross_margin_4q_avg": 0,
            "net_income": null,
            "revenue": null,
            "common_shares": null,
            "book_valuer_per_share": null,
            "book_valuer_per_share_4q_avg": 0,
            "equity": null,
            "current_ratio": null,
            "debt_ratio": null,
            "inventory_turnover_ratio": null,
            "account_receivable_turnover_ratio": null,
            "reinvestment_rate": null,
            "research_to_sale_ratio": null,
            "price_fair": 0,
            "eps_avg_yearly": 0,
            "eps_latest_yearly": 0,
            "eps_growth_yearly": 0
        },
        "20084": {
            "year_quarter": 20084,
            "year": 2008,
            "quarter": 4,
            "eps": null,
            "eps_growth_year": null,
            "eps_4q": null,
            "eps_4q_growth_year": null,
            "roe": null,
            "roe_4q": 0,
            "gross_profit": null,
            "gross_margin": null,
            "gross_margin_4q_avg": 0,
            "net_income": null,
            "revenue": null,
            "common_shares": null,
            "book_valuer_per_share": null,
            "book_valuer_per_share_4q_avg": 0,
            "equity": null,
            "current_ratio": null,
            "debt_ratio": null,
            "inventory_turnover_ratio": null,
            "account_receivable_turnover_ratio": null,
            "reinvestment_rate": null,
            "research_to_sale_ratio": null,
            "price_fair": 0,
            "eps_avg_yearly": 0,
            "eps_latest_yearly": 0,
            "eps_growth_yearly": 0
        },
        "20091": {
            "year_quarter": 20091,
            "year": 2009,
            "quarter": 1,
            "eps": null,
            "eps_growth_year": null,
            "eps_4q": null,
            "eps_4q_growth_year": null,
            "roe": null,
            "roe_4q": 0,
            "gross_profit": null,
            "gross_margin": null,
            "gross_margin_4q_avg": 0,
            "net_income": null,
            "revenue": null,
            "common_shares": null,
            "book_valuer_per_share": null,
            "book_valuer_per_share_4q_avg": 0,
            "equity": null,
            "current_ratio": null,
            "debt_ratio": null,
            "inventory_turnover_ratio": null,
            "account_receivable_turnover_ratio": null,
            "reinvestment_rate": null,
            "research_to_sale_ratio": null,
            "price_fair": 0,
            "eps_avg_yearly": 0,
            "eps_latest_yearly": 0,
            "eps_growth_yearly": 0
        },
        "20092": {
            "year_quarter": 20092,
            "year": 2009,
            "quarter": 2,
            "eps": null,
            "eps_growth_year": null,
            "eps_4q": null,
            "eps_4q_growth_year": null,
            "roe": null,
            "roe_4q": 0,
            "gross_profit": null,
            "gross_margin": null,
            "gross_margin_4q_avg": 0,
            "net_income": null,
            "revenue": null,
            "common_shares": null,
            "book_valuer_per_share": null,
            "book_valuer_per_share_4q_avg": 0,
            "equity": null,
            "current_ratio": null,
            "debt_ratio": null,
            "inventory_turnover_ratio": null,
            "account_receivable_turnover_ratio": null,
            "reinvestment_rate": null,
            "research_to_sale_ratio": null,
            "price_fair": 0,
            "eps_avg_yearly": 0,
            "eps_latest_yearly": 0,
            "eps_growth_yearly": 0
        },
        "20093": {
            "year_quarter": 20093,
            "year": 2009,
            "quarter": 3,
            "eps": null,
            "eps_growth_year": null,
            "eps_4q": null,
            "eps_4q_growth_year": null,
            "roe": null,
            "roe_4q": 0,
            "gross_profit": null,
            "gross_margin": null,
            "gross_margin_4q_avg": 0,
            "net_income": null,
            "revenue": null,
            "common_shares": null,
            "book_valuer_per_share": null,
            "book_valuer_per_share_4q_avg": 0,
            "equity": null,
            "current_ratio": null,
            "debt_ratio": null,
            "inventory_turnover_ratio": null,
            "account_receivable_turnover_ratio": null,
            "reinvestment_rate": null,
            "research_to_sale_ratio": null,
            "price_fair": 0,
            "eps_avg_yearly": 0,
            "eps_latest_yearly": 0,
            "eps_growth_yearly": 0
        },
        "20094": {
            "year_quarter": 20094,
            "year": 2009,
            "quarter": 4,
            "eps": null,
            "eps_growth_year": null,
            "eps_4q": null,
            "eps_4q_growth_year": null,
            "roe": null,
            "roe_4q": 0,
            "gross_profit": null,
            "gross_margin": null,
            "gross_margin_4q_avg": 0,
            "net_income": null,
            "revenue": null,
            "common_shares": null,
            "book_valuer_per_share": null,
            "book_valuer_per_share_4q_avg": 0,
            "equity": null,
            "current_ratio": null,
            "debt_ratio": null,
            "inventory_turnover_ratio": null,
            "account_receivable_turnover_ratio": null,
            "reinvestment_rate": null,
            "research_to_sale_ratio": null,
            "price_fair": 0,
            "eps_avg_yearly": 0,
            "eps_latest_yearly": 0,
            "eps_growth_yearly": 0
        },
        "20101": {
            "year_quarter": 20101,
            "year": 2010,
            "quarter": 1,
            "eps": null,
            "eps_growth_year": null,
            "eps_4q": null,
            "eps_4q_growth_year": null,
            "roe": null,
            "roe_4q": 0,
            "gross_profit": null,
            "gross_margin": null,
            "gross_margin_4q_avg": 0,
            "net_income": null,
            "revenue": null,
            "common_shares": null,
            "book_valuer_per_share": null,
            "book_valuer_per_share_4q_avg": 0,
            "equity": null,
            "current_ratio": null,
            "debt_ratio": null,
            "inventory_turnover_ratio": null,
            "account_receivable_turnover_ratio": null,
            "reinvestment_rate": null,
            "research_to_sale_ratio": null,
            "price_fair": 0,
            "eps_avg_yearly": 0,
            "eps_latest_yearly": 0,
            "eps_growth_yearly": 0
        },
        "20102": {
            "year_quarter": 20102,
            "year": 2010,
            "quarter": 2,
            "eps": null,
            "eps_growth_year": null,
            "eps_4q": null,
            "eps_4q_growth_year": null,
            "roe": null,
            "roe_4q": 0,
            "gross_profit": null,
            "gross_margin": null,
            "gross_margin_4q_avg": 0,
            "net_income": null,
            "revenue": null,
            "common_shares": null,
            "book_valuer_per_share": null,
            "book_valuer_per_share_4q_avg": 0,
            "equity": null,
            "current_ratio": null,
            "debt_ratio": null,
            "inventory_turnover_ratio": null,
            "account_receivable_turnover_ratio": null,
            "reinvestment_rate": null,
            "research_to_sale_ratio": null,
            "price_fair": 0,
            "eps_avg_yearly": 0,
            "eps_latest_yearly": 0,
            "eps_growth_yearly": 0
        },
        "20103": {
            "year_quarter": 20103,
            "year": 2010,
            "quarter": 3,
            "eps": null,
            "eps_growth_year": null,
            "eps_4q": null,
            "eps_4q_growth_year": null,
            "roe": null,
            "roe_4q": 0,
            "gross_profit": null,
            "gross_margin": null,
            "gross_margin_4q_avg": 0,
            "net_income": null,
            "revenue": null,
            "common_shares": null,
            "book_valuer_per_share": null,
            "book_valuer_per_share_4q_avg": 0,
            "equity": null,
            "current_ratio": null,
            "debt_ratio": null,
            "inventory_turnover_ratio": null,
            "account_receivable_turnover_ratio": null,
            "reinvestment_rate": null,
            "research_to_sale_ratio": null,
            "price_fair": 0,
            "eps_avg_yearly": 0,
            "eps_latest_yearly": 0,
            "eps_growth_yearly": 0
        },
        "20104": {
            "year_quarter": 20104,
            "year": 2010,
            "quarter": 4,
            "eps": null,
            "eps_growth_year": null,
            "eps_4q": null,
            "eps_4q_growth_year": null,
            "roe": null,
            "roe_4q": 0,
            "gross_profit": null,
            "gross_margin": null,
            "gross_margin_4q_avg": 0,
            "net_income": null,
            "revenue": null,
            "common_shares": null,
            "book_valuer_per_share": null,
            "book_valuer_per_share_4q_avg": 0,
            "equity": null,
            "current_ratio": null,
            "debt_ratio": null,
            "inventory_turnover_ratio": null,
            "account_receivable_turnover_ratio": null,
            "reinvestment_rate": null,
            "research_to_sale_ratio": null,
            "price_fair": 0,
            "eps_avg_yearly": 0,
            "eps_latest_yearly": 0,
            "eps_growth_yearly": 0
        },
        "20111": {
            "year_quarter": 20111,
            "year": 2011,
            "quarter": 1,
            "eps": null,
            "eps_growth_year": null,
            "eps_4q": null,
            "eps_4q_growth_year": null,
            "roe": null,
            "roe_4q": 0,
            "gross_profit": null,
            "gross_margin": null,
            "gross_margin_4q_avg": 0,
            "net_income": null,
            "revenue": null,
            "common_shares": null,
            "book_valuer_per_share": null,
            "book_valuer_per_share_4q_avg": 0,
            "equity": null,
            "current_ratio": null,
            "debt_ratio": null,
            "inventory_turnover_ratio": null,
            "account_receivable_turnover_ratio": null,
            "reinvestment_rate": null,
            "research_to_sale_ratio": null,
            "price_fair": 0,
            "eps_avg_yearly": 0,
            "eps_latest_yearly": 0,
            "eps_growth_yearly": 0
        },
        "20112": {
            "year_quarter": 20112,
            "year": 2011,
            "quarter": 2,
            "eps": null,
            "eps_growth_year": null,
            "eps_4q": null,
            "eps_4q_growth_year": null,
            "roe": null,
            "roe_4q": 0,
            "gross_profit": null,
            "gross_margin": null,
            "gross_margin_4q_avg": 0,
            "net_income": null,
            "revenue": null,
            "common_shares": null,
            "book_valuer_per_share": null,
            "book_valuer_per_share_4q_avg": 0,
            "equity": null,
            "current_ratio": null,
            "debt_ratio": null,
            "inventory_turnover_ratio": null,
            "account_receivable_turnover_ratio": null,
            "reinvestment_rate": null,
            "research_to_sale_ratio": null,
            "price_fair": 0,
            "eps_avg_yearly": 0,
            "eps_latest_yearly": 0,
            "eps_growth_yearly": 0
        },
        "20113": {
            "year_quarter": 20113,
            "year": 2011,
            "quarter": 3,
            "eps": null,
            "eps_growth_year": null,
            "eps_4q": null,
            "eps_4q_growth_year": null,
            "roe": null,
            "roe_4q": 0,
            "gross_profit": null,
            "gross_margin": null,
            "gross_margin_4q_avg": 0,
            "net_income": null,
            "revenue": null,
            "common_shares": null,
            "book_valuer_per_share": null,
            "book_valuer_per_share_4q_avg": 0,
            "equity": null,
            "current_ratio": null,
            "debt_ratio": null,
            "inventory_turnover_ratio": null,
            "account_receivable_turnover_ratio": null,
            "reinvestment_rate": null,
            "research_to_sale_ratio": null,
            "price_fair": 0,
            "eps_avg_yearly": 0,
            "eps_latest_yearly": 0,
            "eps_growth_yearly": 0
        },
        "20114": {
            "year_quarter": 20114,
            "year": 2011,
            "quarter": 4,
            "eps": null,
            "eps_growth_year": null,
            "eps_4q": null,
            "eps_4q_growth_year": null,
            "roe": null,
            "roe_4q": 0,
            "gross_profit": null,
            "gross_margin": null,
            "gross_margin_4q_avg": 0,
            "net_income": null,
            "revenue": null,
            "common_shares": 101010,
            "book_valuer_per_share": 10.04,
            "book_valuer_per_share_4q_avg": 2.51,
            "equity": 101441,
            "current_ratio": 354.07,
            "debt_ratio": 26.34,
            "inventory_turnover_ratio": null,
            "account_receivable_turnover_ratio": null,
            "reinvestment_rate": null,
            "research_to_sale_ratio": null,
            "price_fair": 0,
            "eps_avg_yearly": 0,
            "eps_latest_yearly": 0,
            "eps_growth_yearly": 0
        },
        "20121": {
            "year_quarter": 20121,
            "year": 2012,
            "quarter": 1,
            "eps": null,
            "eps_growth_year": null,
            "eps_4q": null,
            "eps_4q_growth_year": null,
            "roe": null,
            "roe_4q": 0,
            "gross_profit": null,
            "gross_margin": null,
            "gross_margin_4q_avg": 0,
            "net_income": null,
            "revenue": null,
            "common_shares": null,
            "book_valuer_per_share": null,
            "book_valuer_per_share_4q_avg": 2.51,
            "equity": null,
            "current_ratio": null,
            "debt_ratio": null,
            "inventory_turnover_ratio": null,
            "account_receivable_turnover_ratio": null,
            "reinvestment_rate": null,
            "research_to_sale_ratio": null,
            "price_fair": 0,
            "eps_avg_yearly": 0,
            "eps_latest_yearly": 0,
            "eps_growth_yearly": 0
        },
        "20122": {
            "year_quarter": 20122,
            "year": 2012,
            "quarter": 2,
            "eps": null,
            "eps_growth_year": null,
            "eps_4q": null,
            "eps_4q_growth_year": null,
            "roe": null,
            "roe_4q": 0,
            "gross_profit": null,
            "gross_margin": null,
            "gross_margin_4q_avg": 0,
            "net_income": null,
            "revenue": null,
            "common_shares": null,
            "book_valuer_per_share": null,
            "book_valuer_per_share_4q_avg": 2.51,
            "equity": null,
            "current_ratio": null,
            "debt_ratio": null,
            "inventory_turnover_ratio": null,
            "account_receivable_turnover_ratio": null,
            "reinvestment_rate": null,
            "research_to_sale_ratio": null,
            "price_fair": 0,
            "eps_avg_yearly": 0,
            "eps_latest_yearly": 0,
            "eps_growth_yearly": 0
        },
        "20123": {
            "year_quarter": 20123,
            "year": 2012,
            "quarter": 3,
            "eps": null,
            "eps_growth_year": null,
            "eps_4q": null,
            "eps_4q_growth_year": null,
            "roe": null,
            "roe_4q": 0,
            "gross_profit": null,
            "gross_margin": null,
            "gross_margin_4q_avg": 0,
            "net_income": null,
            "revenue": null,
            "common_shares": null,
            "book_valuer_per_share": null,
            "book_valuer_per_share_4q_avg": 2.51,
            "equity": null,
            "current_ratio": null,
            "debt_ratio": null,
            "inventory_turnover_ratio": null,
            "account_receivable_turnover_ratio": null,
            "reinvestment_rate": null,
            "research_to_sale_ratio": null,
            "price_fair": 0,
            "eps_avg_yearly": 0,
            "eps_latest_yearly": 0,
            "eps_growth_yearly": 0
        },
        "20124": {
            "year_quarter": 20124,
            "year": 2012,
            "quarter": 4,
            "eps": null,
            "eps_growth_year": null,
            "eps_4q": null,
            "eps_4q_growth_year": null,
            "roe": null,
            "roe_4q": 0,
            "gross_profit": null,
            "gross_margin": null,
            "gross_margin_4q_avg": 0,
            "net_income": null,
            "revenue": null,
            "common_shares": 101010,
            "book_valuer_per_share": 10.75,
            "book_valuer_per_share_4q_avg": 2.69,
            "equity": 108619,
            "current_ratio": 171.07,
            "debt_ratio": 57.05,
            "inventory_turnover_ratio": null,
            "account_receivable_turnover_ratio": null,
            "reinvestment_rate": null,
            "research_to_sale_ratio": null,
            "price_fair": 0,
            "eps_avg_yearly": 0,
            "eps_latest_yearly": 0,
            "eps_growth_yearly": 0
        },
        "20131": {
            "year_quarter": 20131,
            "year": 2013,
            "quarter": 1,
            "eps": null,
            "eps_growth_year": null,
            "eps_4q": null,
            "eps_4q_growth_year": null,
            "roe": null,
            "roe_4q": 0,
            "gross_profit": null,
            "gross_margin": null,
            "gross_margin_4q_avg": 0,
            "net_income": null,
            "revenue": null,
            "common_shares": null,
            "book_valuer_per_share": null,
            "book_valuer_per_share_4q_avg": 2.69,
            "equity": null,
            "current_ratio": null,
            "debt_ratio": null,
            "inventory_turnover_ratio": null,
            "account_receivable_turnover_ratio": null,
            "reinvestment_rate": null,
            "research_to_sale_ratio": null,
            "price_fair": 0,
            "eps_avg_yearly": 0,
            "eps_latest_yearly": 0,
            "eps_growth_yearly": 0
        },
        "20132": {
            "year_quarter": 20132,
            "year": 2013,
            "quarter": 2,
            "eps": null,
            "eps_growth_year": null,
            "eps_4q": null,
            "eps_4q_growth_year": null,
            "roe": null,
            "roe_4q": 0,
            "gross_profit": null,
            "gross_margin": null,
            "gross_margin_4q_avg": 0,
            "net_income": null,
            "revenue": null,
            "common_shares": null,
            "book_valuer_per_share": null,
            "book_valuer_per_share_4q_avg": 2.69,
            "equity": null,
            "current_ratio": null,
            "debt_ratio": null,
            "inventory_turnover_ratio": null,
            "account_receivable_turnover_ratio": null,
            "reinvestment_rate": null,
            "research_to_sale_ratio": null,
            "price_fair": 0,
            "eps_avg_yearly": 0,
            "eps_latest_yearly": 0,
            "eps_growth_yearly": 0
        },
        "20133": {
            "year_quarter": 20133,
            "year": 2013,
            "quarter": 3,
            "eps": null,
            "eps_growth_year": null,
            "eps_4q": null,
            "eps_4q_growth_year": null,
            "roe": null,
            "roe_4q": 0,
            "gross_profit": null,
            "gross_margin": null,
            "gross_margin_4q_avg": 0,
            "net_income": null,
            "revenue": null,
            "common_shares": null,
            "book_valuer_per_share": null,
            "book_valuer_per_share_4q_avg": 2.69,
            "equity": null,
            "current_ratio": null,
            "debt_ratio": null,
            "inventory_turnover_ratio": null,
            "account_receivable_turnover_ratio": null,
            "reinvestment_rate": null,
            "research_to_sale_ratio": null,
            "price_fair": 0,
            "eps_avg_yearly": 0,
            "eps_latest_yearly": 0,
            "eps_growth_yearly": 0
        },
        "20134": {
            "year_quarter": 20134,
            "year": 2013,
            "quarter": 4,
            "eps": null,
            "eps_growth_year": null,
            "eps_4q": null,
            "eps_4q_growth_year": null,
            "roe": null,
            "roe_4q": 0,
            "gross_profit": null,
            "gross_margin": null,
            "gross_margin_4q_avg": 0,
            "net_income": null,
            "revenue": null,
            "common_shares": 146600,
            "book_valuer_per_share": null,
            "book_valuer_per_share_4q_avg": 0,
            "equity": 284492,
            "current_ratio": null,
            "debt_ratio": null,
            "inventory_turnover_ratio": null,
            "account_receivable_turnover_ratio": null,
            "reinvestment_rate": null,
            "research_to_sale_ratio": null,
            "price_fair": 0,
            "eps_avg_yearly": 0,
            "eps_latest_yearly": 0,
            "eps_growth_yearly": 0
        },
        "20141": {
            "year_quarter": 20141,
            "year": 2014,
            "quarter": 1,
            "eps": null,
            "eps_growth_year": null,
            "eps_4q": null,
            "eps_4q_growth_year": null,
            "roe": null,
            "roe_4q": 0,
            "gross_profit": 112128,
            "gross_margin": null,
            "gross_margin_4q_avg": 0,
            "net_income": 36124,
            "revenue": 360295,
            "common_shares": 146600,
            "book_valuer_per_share": null,
            "book_valuer_per_share_4q_avg": 0,
            "equity": 320616,
            "current_ratio": null,
            "debt_ratio": null,
            "inventory_turnover_ratio": null,
            "account_receivable_turnover_ratio": null,
            "reinvestment_rate": null,
            "research_to_sale_ratio": null,
            "price_fair": 0,
            "eps_avg_yearly": 0,
            "eps_latest_yearly": 0,
            "eps_growth_yearly": 0
        },
        "20142": {
            "year_quarter": 20142,
            "year": 2014,
            "quarter": 2,
            "eps": null,
            "eps_growth_year": null,
            "eps_4q": null,
            "eps_4q_growth_year": null,
            "roe": null,
            "roe_4q": 0,
            "gross_profit": 110064,
            "gross_margin": null,
            "gross_margin_4q_avg": 0,
            "net_income": 27954,
            "revenue": 357587,
            "common_shares": 146600,
            "book_valuer_per_share": null,
            "book_valuer_per_share_4q_avg": 0,
            "equity": 382017,
            "current_ratio": null,
            "debt_ratio": null,
            "inventory_turnover_ratio": null,
            "account_receivable_turnover_ratio": null,
            "reinvestment_rate": null,
            "research_to_sale_ratio": null,
            "price_fair": 0,
            "eps_avg_yearly": 0,
            "eps_latest_yearly": 0,
            "eps_growth_yearly": 0
        },
        "20143": {
            "year_quarter": 20143,
            "year": 2014,
            "quarter": 3,
            "eps": null,
            "eps_growth_year": null,
            "eps_4q": null,
            "eps_4q_growth_year": null,
            "roe": null,
            "roe_4q": 0,
            "gross_profit": 90068,
            "gross_margin": null,
            "gross_margin_4q_avg": 0,
            "net_income": 34015,
            "revenue": 382918,
            "common_shares": 200000,
            "book_valuer_per_share": null,
            "book_valuer_per_share_4q_avg": 0,
            "equity": 631796,
            "current_ratio": null,
            "debt_ratio": null,
            "inventory_turnover_ratio": null,
            "account_receivable_turnover_ratio": null,
            "reinvestment_rate": null,
            "research_to_sale_ratio": null,
            "price_fair": 0,
            "eps_avg_yearly": 0,
            "eps_latest_yearly": 0,
            "eps_growth_yearly": 0
        },
        "20144": {
            "year_quarter": 20144,
            "year": 2014,
            "quarter": 4,
            "eps": null,
            "eps_growth_year": null,
            "eps_4q": null,
            "eps_4q_growth_year": null,
            "roe": null,
            "roe_4q": 0,
            "gross_profit": 61777,
            "gross_margin": null,
            "gross_margin_4q_avg": 0,
            "net_income": 20076,
            "revenue": 294083,
            "common_shares": 200000,
            "book_valuer_per_share": 31.06,
            "book_valuer_per_share_4q_avg": 7.77,
            "equity": 654036,
            "current_ratio": 273.39,
            "debt_ratio": 35.75,
            "inventory_turnover_ratio": null,
            "account_receivable_turnover_ratio": null,
            "reinvestment_rate": null,
            "research_to_sale_ratio": null,
            "price_fair": 0,
            "eps_avg_yearly": 0,
            "eps_latest_yearly": 0,
            "eps_growth_yearly": 0
        },
        "20151": {
            "year_quarter": 20151,
            "year": 2015,
            "quarter": 1,
            "eps": 0.87,
            "eps_growth_year": null,
            "eps_4q": 0.86,
            "eps_4q_growth_year": null,
            "roe": 1.99,
            "roe_4q": 1.99,
            "gross_profit": 76370,
            "gross_margin": 30.12,
            "gross_margin_4q_avg": 7.53,
            "net_income": 13228,
            "revenue": 253523,
            "common_shares": 203630,
            "book_valuer_per_share": 31.83,
            "book_valuer_per_share_4q_avg": 15.72,
            "equity": 676775,
            "current_ratio": 280.28,
            "debt_ratio": 34.83,
            "inventory_turnover_ratio": 0.41,
            "account_receivable_turnover_ratio": 0.98,
            "reinvestment_rate": null,
            "research_to_sale_ratio": 14.41,
            "price_fair": 0,
            "eps_avg_yearly": 0,
            "eps_latest_yearly": 0,
            "eps_growth_yearly": 0
        },
        "20152": {
            "year_quarter": 20152,
            "year": 2015,
            "quarter": 2,
            "eps": 1.39,
            "eps_growth_year": null,
            "eps_4q": 2.13,
            "eps_4q_growth_year": null,
            "roe": 3.54,
            "roe_4q": 5.53,
            "gross_profit": 88964,
            "gross_margin": 37.09,
            "gross_margin_4q_avg": 16.8,
            "net_income": 23201,
            "revenue": 239839,
            "common_shares": 204460,
            "book_valuer_per_share": 29.81,
            "book_valuer_per_share_4q_avg": 23.18,
            "equity": 633006,
            "current_ratio": 339.2,
            "debt_ratio": 28.75,
            "inventory_turnover_ratio": 0.28,
            "account_receivable_turnover_ratio": 1.14,
            "reinvestment_rate": null,
            "research_to_sale_ratio": 17.51,
            "price_fair": 194.6,
            "eps_avg_yearly": 5.56,
            "eps_latest_yearly": 5.56,
            "eps_growth_yearly": 239.08
        },
        "20153": {
            "year_quarter": 20153,
            "year": 2015,
            "quarter": 3,
            "eps": 2.02,
            "eps_growth_year": null,
            "eps_4q": 4.15,
            "eps_4q_growth_year": null,
            "roe": 5.91,
            "roe_4q": 11.44,
            "gross_profit": 111304,
            "gross_margin": 37.19,
            "gross_margin_4q_avg": 26.1,
            "net_income": 38615,
            "revenue": 299300,
            "common_shares": 214460,
            "book_valuer_per_share": 30.49,
            "book_valuer_per_share_4q_avg": 30.8,
            "equity": 672825,
            "current_ratio": 658.13,
            "debt_ratio": 15.03,
            "inventory_turnover_ratio": 0.43,
            "account_receivable_turnover_ratio": 1.34,
            "reinvestment_rate": null,
            "research_to_sale_ratio": 15.26,
            "price_fair": 238.7,
            "eps_avg_yearly": 6.82,
            "eps_latest_yearly": 8.08,
            "eps_growth_yearly": 210.19
        },
        "20154": {
            "year_quarter": 20154,
            "year": 2015,
            "quarter": 4,
            "eps": 1.57,
            "eps_growth_year": null,
            "eps_4q": 5.31,
            "eps_4q_growth_year": null,
            "roe": 4.33,
            "roe_4q": 15.770000000000001,
            "gross_profit": 119001,
            "gross_margin": 38.1,
            "gross_margin_4q_avg": 35.63,
            "net_income": 31960,
            "revenue": 312324,
            "common_shares": 237460,
            "book_valuer_per_share": 33.23,
            "book_valuer_per_share_4q_avg": 31.34,
            "equity": 802809,
            "current_ratio": 745.36,
            "debt_ratio": 13.25,
            "inventory_turnover_ratio": 0.65,
            "account_receivable_turnover_ratio": 1.18,
            "reinvestment_rate": null,
            "research_to_sale_ratio": 18.37,
            "price_fair": 232.4,
            "eps_avg_yearly": 6.64,
            "eps_latest_yearly": 6.28,
            "eps_growth_yearly": 110.42
        },
        "20161": {
            "year_quarter": 20161,
            "year": 2016,
            "quarter": 1,
            "eps": 2,
            "eps_growth_year": 129.89,
            "eps_4q": 6.39,
            "eps_4q_growth_year": 644.42,
            "roe": 5.06,
            "roe_4q": 18.84,
            "gross_profit": 121203,
            "gross_margin": 40.46,
            "gross_margin_4q_avg": 38.21,
            "net_income": 42109,
            "revenue": 299566,
            "common_shares": 245090,
            "book_valuer_per_share": 34.87,
            "book_valuer_per_share_4q_avg": 32.1,
            "equity": 862454,
            "current_ratio": 355.34,
            "debt_ratio": 26.75,
            "inventory_turnover_ratio": 0.58,
            "account_receivable_turnover_ratio": 1,
            "reinvestment_rate": null,
            "research_to_sale_ratio": 16.06,
            "price_fair": 244.3,
            "eps_avg_yearly": 6.98,
            "eps_latest_yearly": 8,
            "eps_growth_yearly": 110.21
        },
        "20162": {
            "year_quarter": 20162,
            "year": 2016,
            "quarter": 2,
            "eps": 2.07,
            "eps_growth_year": 48.92,
            "eps_4q": 5.88,
            "eps_4q_growth_year": 175.96,
            "roe": 5.64,
            "roe_4q": 20.939999999999998,
            "gross_profit": 131747,
            "gross_margin": 40.1,
            "gross_margin_4q_avg": 38.96,
            "net_income": 49062,
            "revenue": 328546,
            "common_shares": 245090,
            "book_valuer_per_share": 35.51,
            "book_valuer_per_share_4q_avg": 33.53,
            "equity": 876421,
            "current_ratio": 281.77,
            "debt_ratio": 31.51,
            "inventory_turnover_ratio": 0.5,
            "account_receivable_turnover_ratio": 1.09,
            "reinvestment_rate": null,
            "research_to_sale_ratio": 16.58,
            "price_fair": 253.4,
            "eps_avg_yearly": 7.24,
            "eps_latest_yearly": 8.28,
            "eps_growth_yearly": 90.96
        },
        "20163": {
            "year_quarter": 20163,
            "year": 2016,
            "quarter": 3,
            "eps": 1.19,
            "eps_growth_year": -41.09,
            "eps_4q": 5.65,
            "eps_4q_growth_year": 36.27,
            "roe": 3.93,
            "roe_4q": 18.96,
            "gross_profit": 99863,
            "gross_margin": 44.02,
            "gross_margin_4q_avg": 40.67,
            "net_income": 35314,
            "revenue": 226834,
            "common_shares": 304455,
            "book_valuer_per_share": 29.79,
            "book_valuer_per_share_4q_avg": 33.35,
            "equity": 921769,
            "current_ratio": 253.55,
            "debt_ratio": 33.68,
            "inventory_turnover_ratio": 0.31,
            "account_receivable_turnover_ratio": 0.92,
            "reinvestment_rate": null,
            "research_to_sale_ratio": 17.23,
            "price_fair": 238.93,
            "eps_avg_yearly": 6.83,
            "eps_latest_yearly": 4.76,
            "eps_growth_yearly": 47.46
        },
        "20164": {
            "year_quarter": 20164,
            "year": 2016,
            "quarter": 4,
            "eps": 0.15,
            "eps_growth_year": -90.65,
            "eps_4q": 4.58,
            "eps_4q_growth_year": -13.82,
            "roe": 0.1,
            "roe_4q": 14.73,
            "gross_profit": 76476,
            "gross_margin": 38.2,
            "gross_margin_4q_avg": 40.7,
            "net_income": 883,
            "revenue": 200194,
            "common_shares": 304455,
            "book_valuer_per_share": 29.95,
            "book_valuer_per_share_4q_avg": 32.53,
            "equity": 935052,
            "current_ratio": 386.47,
            "debt_ratio": 21.53,
            "inventory_turnover_ratio": 0.33,
            "account_receivable_turnover_ratio": 1.37,
            "reinvestment_rate": null,
            "research_to_sale_ratio": 25.48,
            "price_fair": 17.81,
            "eps_avg_yearly": 5.94,
            "eps_latest_yearly": 0.6,
            "eps_growth_yearly": -9.26
        },
        "20171": {
            "year_quarter": 20171,
            "year": 2017,
            "quarter": 1,
            "eps": -0.33,
            "eps_growth_year": -116.5,
            "eps_4q": 2.61,
            "eps_4q_growth_year": -59.12,
            "roe": -1.21,
            "roe_4q": 8.46,
            "gross_profit": 70377,
            "gross_margin": 46.45,
            "gross_margin_4q_avg": 42.19,
            "net_income": -11382,
            "revenue": 151497,
            "common_shares": 311785,
            "book_valuer_per_share": 29.45,
            "book_valuer_per_share_4q_avg": 31.18,
            "equity": 939971,
            "current_ratio": 327.98,
            "debt_ratio": 25.46,
            "inventory_turnover_ratio": 0.21,
            "account_receivable_turnover_ratio": 1.69,
            "reinvestment_rate": null,
            "research_to_sale_ratio": 33.44,
            "price_fair": 17.81,
            "eps_avg_yearly": 5.94,
            "eps_latest_yearly": 0.6,
            "eps_growth_yearly": -9.26
        },
        "20172": {
            "year_quarter": 20172,
            "year": 2017,
            "quarter": 2,
            "eps": -0.93,
            "eps_growth_year": -144.93,
            "eps_4q": 0.05,
            "eps_4q_growth_year": -99.16,
            "roe": -3.42,
            "roe_4q": -0.6000000000000001,
            "gross_profit": 65238,
            "gross_margin": 39.87,
            "gross_margin_4q_avg": 42.14,
            "net_income": -30829,
            "revenue": 163621,
            "common_shares": 311785,
            "book_valuer_per_share": 27.08,
            "book_valuer_per_share_4q_avg": 29.07,
            "equity": 863757,
            "current_ratio": 255.46,
            "debt_ratio": 33.14,
            "inventory_turnover_ratio": 0.21,
            "account_receivable_turnover_ratio": 1.07,
            "reinvestment_rate": null,
            "research_to_sale_ratio": 42.11,
            "price_fair": 17.81,
            "eps_avg_yearly": 5.94,
            "eps_latest_yearly": 0.6,
            "eps_growth_yearly": -9.26
        },
        "20173": {
            "year_quarter": 20173,
            "year": 2017,
            "quarter": 3,
            "eps": -0.51,
            "eps_growth_year": -142.86,
            "eps_4q": -1.51,
            "eps_4q_growth_year": -126.81,
            "roe": -2.26,
            "roe_4q": -6.79,
            "gross_profit": 79417,
            "gross_margin": 41.59,
            "gross_margin_4q_avg": 41.53,
            "net_income": -19362,
            "revenue": 190973,
            "common_shares": 342231,
            "book_valuer_per_share": 24.22,
            "book_valuer_per_share_4q_avg": 27.68,
            "equity": 846285,
            "current_ratio": 265.67,
            "debt_ratio": 31.95,
            "inventory_turnover_ratio": 0.2,
            "account_receivable_turnover_ratio": 1.36,
            "reinvestment_rate": null,
            "research_to_sale_ratio": 35.4,
            "price_fair": 17.81,
            "eps_avg_yearly": 5.94,
            "eps_latest_yearly": 0.6,
            "eps_growth_yearly": -9.26
        },
        "20174": {
            "year_quarter": 20174,
            "year": 2017,
            "quarter": 4,
            "eps": -0.53,
            "eps_growth_year": -459.92,
            "eps_4q": -2.17,
            "eps_4q_growth_year": -147.46,
            "roe": -2.33,
            "roe_4q": -9.219999999999999,
            "gross_profit": 84306,
            "gross_margin": 40.28,
            "gross_margin_4q_avg": 42.05,
            "net_income": -19491,
            "revenue": 209284,
            "common_shares": 342231,
            "book_valuer_per_share": 23.75,
            "book_valuer_per_share_4q_avg": 26.13,
            "equity": 828689,
            "current_ratio": 378.94,
            "debt_ratio": 22.08,
            "inventory_turnover_ratio": 0.27,
            "account_receivable_turnover_ratio": 1.49,
            "reinvestment_rate": 28.07,
            "research_to_sale_ratio": 30.48,
            "price_fair": 17.81,
            "eps_avg_yearly": 5.94,
            "eps_latest_yearly": 0.6,
            "eps_growth_yearly": -9.26
        },
        "20181": {
            "year_quarter": 20181,
            "year": 2018,
            "quarter": 1,
            "eps": 0.05,
            "eps_growth_year": null,
            "eps_4q": -1.83,
            "eps_4q_growth_year": -170.16,
            "roe": -0.03,
            "roe_4q": -8.04,
            "gross_profit": 92977,
            "gross_margin": 41.44,
            "gross_margin_4q_avg": 40.8,
            "net_income": -256,
            "revenue": 224351,
            "common_shares": 342231,
            "book_valuer_per_share": 23.85,
            "book_valuer_per_share_4q_avg": 24.73,
            "equity": 830323,
            "current_ratio": 231.25,
            "debt_ratio": 37.79,
            "inventory_turnover_ratio": 0.26,
            "account_receivable_turnover_ratio": 1.06,
            "reinvestment_rate": 31.13,
            "research_to_sale_ratio": 27.13,
            "price_fair": 17.81,
            "eps_avg_yearly": 5.94,
            "eps_latest_yearly": 0.6,
            "eps_growth_yearly": -9.26
        },
        "20182": {
            "year_quarter": 20182,
            "year": 2018,
            "quarter": 2,
            "eps": 0.39,
            "eps_growth_year": null,
            "eps_4q": -0.6,
            "eps_4q_growth_year": -1319.46,
            "roe": 1.47,
            "roe_4q": -3.15,
            "gross_profit": 115167,
            "gross_margin": 39.93,
            "gross_margin_4q_avg": 40.81,
            "net_income": 12286,
            "revenue": 288434,
            "common_shares": 342231,
            "book_valuer_per_share": 24.29,
            "book_valuer_per_share_4q_avg": 24.03,
            "equity": 844500,
            "current_ratio": 254.84,
            "debt_ratio": 34.4,
            "inventory_turnover_ratio": 0.26,
            "account_receivable_turnover_ratio": 1.48,
            "reinvestment_rate": 32.55,
            "research_to_sale_ratio": 24.73,
            "price_fair": 188.65,
            "eps_avg_yearly": 5.39,
            "eps_latest_yearly": 1.56,
            "eps_growth_yearly": 331.9
        },
        "20183": {
            "year_quarter": 20183,
            "year": 2018,
            "quarter": 3,
            "eps": 1.02,
            "eps_growth_year": null,
            "eps_4q": 0.95,
            "eps_4q_growth_year": null,
            "roe": 3.97,
            "roe_4q": 3.08,
            "gross_profit": 138581,
            "gross_margin": 43.67,
            "gross_margin_4q_avg": 41.33,
            "net_income": 34260,
            "revenue": 317320,
            "common_shares": 342231,
            "book_valuer_per_share": 25.38,
            "book_valuer_per_share_4q_avg": 24.32,
            "equity": 880650,
            "current_ratio": 317.67,
            "debt_ratio": 27.64,
            "inventory_turnover_ratio": 0.32,
            "account_receivable_turnover_ratio": 1.46,
            "reinvestment_rate": 32.24,
            "research_to_sale_ratio": 21.3,
            "price_fair": 183.56,
            "eps_avg_yearly": 5.24,
            "eps_latest_yearly": 4.08,
            "eps_growth_yearly": 366.82
        },
        "20184": {
            "year_quarter": 20184,
            "year": 2018,
            "quarter": 4,
            "eps": 0.72,
            "eps_growth_year": null,
            "eps_4q": 2.19,
            "eps_4q_growth_year": null,
            "roe": 2.54,
            "roe_4q": 7.949999999999999,
            "gross_profit": 128585,
            "gross_margin": 43.19,
            "gross_margin_4q_avg": 42.06,
            "net_income": 22713,
            "revenue": 297694,
            "common_shares": 342231,
            "book_valuer_per_share": 26.16,
            "book_valuer_per_share_4q_avg": 24.92,
            "equity": 904382,
            "current_ratio": 277.44,
            "debt_ratio": 31.81,
            "inventory_turnover_ratio": 0.36,
            "account_receivable_turnover_ratio": 1.07,
            "reinvestment_rate": 31.42,
            "research_to_sale_ratio": 20.38,
            "price_fair": 175.28,
            "eps_avg_yearly": 5.01,
            "eps_latest_yearly": 2.88,
            "eps_growth_yearly": 318.37
        },
        "20191": {
            "year_quarter": 20191,
            "year": 2019,
            "quarter": 1,
            "eps": 0.24,
            "eps_growth_year": 380,
            "eps_4q": 2.39,
            "eps_4q_growth_year": null,
            "roe": 0.77,
            "roe_4q": 8.75,
            "gross_profit": 116052,
            "gross_margin": 45.91,
            "gross_margin_4q_avg": 43.18,
            "net_income": 6955,
            "revenue": 252760,
            "common_shares": 342231,
            "book_valuer_per_share": 26.44,
            "book_valuer_per_share_4q_avg": 25.57,
            "equity": 912611,
            "current_ratio": 344.95,
            "debt_ratio": 25.58,
            "inventory_turnover_ratio": 0.32,
            "account_receivable_turnover_ratio": 0.87,
            "reinvestment_rate": 32.38,
            "research_to_sale_ratio": 25.8,
            "price_fair": 162.4,
            "eps_avg_yearly": 4.64,
            "eps_latest_yearly": 0.96,
            "eps_growth_yearly": 265.18
        },
        "20192": {
            "year_quarter": 20192,
            "year": 2019,
            "quarter": 2,
            "eps": 0.47,
            "eps_growth_year": 20.51,
            "eps_4q": 2.15,
            "eps_4q_growth_year": null,
            "roe": 1.64,
            "roe_4q": 8.92,
            "gross_profit": 135588,
            "gross_margin": 49.19,
            "gross_margin_4q_avg": 45.49,
            "net_income": 15094,
            "revenue": 275622,
            "common_shares": 342231,
            "book_valuer_per_share": 26.95,
            "book_valuer_per_share_4q_avg": 26.23,
            "equity": 929966,
            "current_ratio": 293.22,
            "debt_ratio": 29.83,
            "inventory_turnover_ratio": 0.36,
            "account_receivable_turnover_ratio": 0.9,
            "reinvestment_rate": 33.81,
            "research_to_sale_ratio": 26.86,
            "price_fair": 150.69,
            "eps_avg_yearly": 4.31,
            "eps_latest_yearly": 1.88,
            "eps_growth_yearly": 278.3
        },
        "20193": {
            "year_quarter": 20193,
            "year": 2019,
            "quarter": 3,
            "eps": 0.56,
            "eps_growth_year": -45.1,
            "eps_4q": 1.81,
            "eps_4q_growth_year": 90.86,
            "roe": 2.22,
            "roe_4q": 7.170000000000001,
            "gross_profit": 146244,
            "gross_margin": 52.91,
            "gross_margin_4q_avg": 47.8,
            "net_income": 20896,
            "revenue": 276406,
            "common_shares": 393835,
            "book_valuer_per_share": 24.03,
            "book_valuer_per_share_4q_avg": 25.9,
            "equity": 952135,
            "current_ratio": 315.68,
            "debt_ratio": 27.93,
            "inventory_turnover_ratio": 0.32,
            "account_receivable_turnover_ratio": 0.9,
            "reinvestment_rate": 36.63,
            "research_to_sale_ratio": 25.42,
            "price_fair": 132.11,
            "eps_avg_yearly": 3.77,
            "eps_latest_yearly": 2.24,
            "eps_growth_yearly": 268.78
        },
        "20194": {
            "year_quarter": 20194,
            "year": 2019,
            "quarter": 4,
            "eps": 0.38,
            "eps_growth_year": -48.08,
            "eps_4q": 1.55,
            "eps_4q_growth_year": -29.26,
            "roe": 1.36,
            "roe_4q": 5.99,
            "gross_profit": 142300,
            "gross_margin": 52.9,
            "gross_margin_4q_avg": 50.23,
            "net_income": 12980,
            "revenue": 268976,
            "common_shares": 393835,
            "book_valuer_per_share": 24.44,
            "book_valuer_per_share_4q_avg": 25.47,
            "equity": 962327,
            "current_ratio": 312.09,
            "debt_ratio": 28.83,
            "inventory_turnover_ratio": 0.3,
            "account_receivable_turnover_ratio": 0.97,
            "reinvestment_rate": 39.32,
            "research_to_sale_ratio": 25.3,
            "price_fair": 116.96,
            "eps_avg_yearly": 3.34,
            "eps_latest_yearly": 1.52,
            "eps_growth_yearly": 265.19
        },
        "20201": {
            "year_quarter": 20201,
            "year": 2020,
            "quarter": 1,
            "eps": 0.08,
            "eps_growth_year": -66.67,
            "eps_4q": 1.43,
            "eps_4q_growth_year": -40.1,
            "roe": 0.18,
            "roe_4q": 5.4,
            "gross_profit": 116574,
            "gross_margin": 51.27,
            "gross_margin_4q_avg": 51.57,
            "net_income": 1782,
            "revenue": 227355,
            "common_shares": 393835,
            "book_valuer_per_share": 24.58,
            "book_valuer_per_share_4q_avg": 25,
            "equity": 966451,
            "current_ratio": 350.59,
            "debt_ratio": 25.38,
            "inventory_turnover_ratio": 0.28,
            "account_receivable_turnover_ratio": 0.83,
            "reinvestment_rate": 51.1,
            "research_to_sale_ratio": 33.06,
            "price_fair": 92.53,
            "eps_avg_yearly": 2.64,
            "eps_latest_yearly": 0.32,
            "eps_growth_yearly": 226.53
        },
        "20202": {
            "year_quarter": 20202,
            "year": 2020,
            "quarter": 2,
            "eps": -0.06,
            "eps_growth_year": -112.77,
            "eps_4q": 0.96,
            "eps_4q_growth_year": -55.31,
            "roe": -0.38,
            "roe_4q": 3.3800000000000003,
            "gross_profit": 78250,
            "gross_margin": 49.94,
            "gross_margin_4q_avg": 51.76,
            "net_income": -3656,
            "revenue": 156696,
            "common_shares": 393835,
            "book_valuer_per_share": 24.09,
            "book_valuer_per_share_4q_avg": 24.29,
            "equity": 945636,
            "current_ratio": 347.13,
            "debt_ratio": 25.57,
            "inventory_turnover_ratio": 0.2,
            "account_receivable_turnover_ratio": 0.68,
            "reinvestment_rate": -2.29,
            "research_to_sale_ratio": 43.2,
            "price_fair": 72.8,
            "eps_avg_yearly": 2.08,
            "eps_latest_yearly": 0.32,
            "eps_growth_yearly": 247.78
        },
        "20203": {
            "year_quarter": 20203,
            "year": 2020,
            "quarter": 3,
            "eps": 0.19,
            "eps_growth_year": -66.07,
            "eps_4q": 0.58,
            "eps_4q_growth_year": -67.6,
            "roe": 0.65,
            "roe_4q": 1.81,
            "gross_profit": 116855,
            "gross_margin": 46.24,
            "gross_margin_4q_avg": 50.09,
            "net_income": 6138,
            "revenue": 252691,
            "common_shares": 393835,
            "book_valuer_per_share": 24.34,
            "book_valuer_per_share_4q_avg": 24.36,
            "equity": 954307,
            "current_ratio": 348.87,
            "debt_ratio": 25.7,
            "inventory_turnover_ratio": 0.32,
            "account_receivable_turnover_ratio": 1.27,
            "reinvestment_rate": -14.57,
            "research_to_sale_ratio": 30.75,
            "price_fair": 62.38,
            "eps_avg_yearly": 1.78,
            "eps_latest_yearly": 0.32,
            "eps_growth_yearly": 294.2
        },
        "20204": {
            "year_quarter": 20204,
            "year": 2020,
            "quarter": 4,
            "eps": 0.61,
            "eps_growth_year": 63.22,
            "eps_4q": 0.82,
            "eps_4q_growth_year": -47.06,
            "roe": 2.57,
            "roe_4q": 3.02,
            "gross_profit": 147461,
            "gross_margin": 48.69,
            "gross_margin_4q_avg": 49.04,
            "net_income": 24903,
            "revenue": 302870,
            "common_shares": 393835,
            "book_valuer_per_share": 25.02,
            "book_valuer_per_share_4q_avg": 24.51,
            "equity": 981741,
            "current_ratio": 411.42,
            "debt_ratio": 21.94,
            "inventory_turnover_ratio": 0.42,
            "account_receivable_turnover_ratio": 1.31,
            "reinvestment_rate": -11.33,
            "research_to_sale_ratio": 22.31,
            "price_fair": 69.53,
            "eps_avg_yearly": 1.99,
            "eps_latest_yearly": 2.44,
            "eps_growth_yearly": 431.29
        },
        "20211": {
            "year_quarter": 20211,
            "year": 2021,
            "quarter": 1,
            "eps": 1.21,
            "eps_growth_year": 1412.5,
            "eps_4q": 1.92,
            "eps_4q_growth_year": 34.08,
            "roe": 4.68,
            "roe_4q": 7.5200000000000005,
            "gross_profit": 185040,
            "gross_margin": 51.9,
            "gross_margin_4q_avg": 49.19,
            "net_income": 47943,
            "revenue": 356566,
            "common_shares": 404435,
            "book_valuer_per_share": 26.44,
            "book_valuer_per_share_4q_avg": 24.97,
            "equity": 1065514,
            "current_ratio": 455.04,
            "debt_ratio": 20.11,
            "inventory_turnover_ratio": 0.62,
            "account_receivable_turnover_ratio": 1.61,
            "reinvestment_rate": -7.12,
            "research_to_sale_ratio": 21.8,
            "price_fair": 79.52,
            "eps_avg_yearly": 2.27,
            "eps_latest_yearly": 4.84,
            "eps_growth_yearly": 427.51
        },
        "20212": {
            "year_quarter": 20212,
            "year": 2021,
            "quarter": 2,
            "eps": 2.58,
            "eps_growth_year": null,
            "eps_4q": 4.55,
            "eps_4q_growth_year": 374.79,
            "roe": 9.31,
            "roe_4q": 17.209999999999997,
            "gross_profit": 266185,
            "gross_margin": 58.53,
            "gross_margin_4q_avg": 51.34,
            "net_income": 103966,
            "revenue": 454815,
            "common_shares": 404435,
            "book_valuer_per_share": 28.97,
            "book_valuer_per_share_4q_avg": 26.19,
            "equity": 1167623,
            "current_ratio": 348.56,
            "debt_ratio": 26.71,
            "inventory_turnover_ratio": 0.79,
            "account_receivable_turnover_ratio": 2.07,
            "reinvestment_rate": -3.78,
            "research_to_sale_ratio": 18.12,
            "price_fair": 105.13,
            "eps_avg_yearly": 3,
            "eps_latest_yearly": 10.32,
            "eps_growth_yearly": 429.81
        },
        "20213": {
            "year_quarter": 20213,
            "year": 2021,
            "quarter": 3,
            "eps": 4.03,
            "eps_growth_year": 2021.05,
            "eps_4q": 8.32,
            "eps_4q_growth_year": 1322.23,
            "roe": 13.31,
            "roe_4q": 29.87,
            "gross_profit": 342257,
            "gross_margin": 62.64,
            "gross_margin_4q_avg": 55.44,
            "net_income": 166220,
            "revenue": 546361,
            "common_shares": 404435,
            "book_valuer_per_share": 32.89,
            "book_valuer_per_share_4q_avg": 28.33,
            "equity": 1330712,
            "current_ratio": 325.61,
            "debt_ratio": 28.71,
            "inventory_turnover_ratio": 0.72,
            "account_receivable_turnover_ratio": 1.93,
            "reinvestment_rate": -2.01,
            "research_to_sale_ratio": 18.36,
            "price_fair": 143.38,
            "eps_avg_yearly": 4.1,
            "eps_latest_yearly": 16.12,
            "eps_growth_yearly": 412.73
        },
        "20214": {
            "year_quarter": 20214,
            "year": 2021,
            "quarter": 4,
            "eps": 4.2,
            "eps_growth_year": 586.74,
            "eps_4q": 11.54,
            "eps_4q_growth_year": 1304.13,
            "roe": 11.79,
            "roe_4q": 39.09,
            "gross_profit": 386606,
            "gross_margin": 65.19,
            "gross_margin_4q_avg": 59.57,
            "net_income": 180630,
            "revenue": 593013,
            "common_shares": 430365,
            "book_valuer_per_share": 40.26,
            "book_valuer_per_share_4q_avg": 32.14,
            "equity": 1733154,
            "current_ratio": 443.21,
            "debt_ratio": 21.26,
            "inventory_turnover_ratio": 0.69,
            "account_receivable_turnover_ratio": 1.76,
            "reinvestment_rate": -1.33,
            "research_to_sale_ratio": 17.9,
            "price_fair": 177.58,
            "eps_avg_yearly": 5.07,
            "eps_latest_yearly": 16.8,
            "eps_growth_yearly": 382.28
        },
        "20221": {
            "year_quarter": 20221,
            "year": 2022,
            "quarter": 1,
            "eps": 3.25,
            "eps_growth_year": 168.6,
            "eps_4q": 13.4,
            "eps_4q_growth_year": 599.35,
            "roe": 7.77,
            "roe_4q": 42.18,
            "gross_profit": 341951,
            "gross_margin": 62.85,
            "gross_margin_4q_avg": 62.3,
            "net_income": 141281,
            "revenue": 544045,
            "common_shares": 430365,
            "book_valuer_per_share": 44.26,
            "book_valuer_per_share_4q_avg": 36.6,
            "equity": 1905654,
            "current_ratio": 402.74,
            "debt_ratio": 23.45,
            "inventory_turnover_ratio": 0.6,
            "account_receivable_turnover_ratio": 1.74,
            "reinvestment_rate": -1.15,
            "research_to_sale_ratio": 19.36,
            "price_fair": 197.4,
            "eps_avg_yearly": 5.64,
            "eps_latest_yearly": 13,
            "eps_growth_yearly": 348.51
        },
        "20222": {
            "year_quarter": 20222,
            "year": 2022,
            "quarter": 2,
            "eps": 2.96,
            "eps_growth_year": 14.73,
            "eps_4q": 13.94,
            "eps_4q_growth_year": 206.14,
            "roe": 6.99,
            "roe_4q": 39.86,
            "gross_profit": 313147,
            "gross_margin": 62.25,
            "gross_margin_4q_avg": 63.23,
            "net_income": 130283,
            "revenue": 503012,
            "common_shares": 430365,
            "book_valuer_per_share": 41.25,
            "book_valuer_per_share_4q_avg": 39.67,
            "equity": 1821620,
            "current_ratio": 290.32,
            "debt_ratio": 30.89,
            "inventory_turnover_ratio": 0.45,
            "account_receivable_turnover_ratio": 1.83,
            "reinvestment_rate": 13.09,
            "research_to_sale_ratio": 18.96,
            "price_fair": 223.1,
            "eps_avg_yearly": 6.37,
            "eps_latest_yearly": 11.84,
            "eps_growth_yearly": 151.68
        },
        "20223": {
            "year_quarter": 20223,
            "year": 2022,
            "quarter": 3,
            "eps": 1.88,
            "eps_growth_year": -53.35,
            "eps_4q": 12.13,
            "eps_4q_growth_year": 45.86,
            "roe": 4.46,
            "roe_4q": 31.009999999999998,
            "gross_profit": 247950,
            "gross_margin": 55.94,
            "gross_margin_4q_avg": 61.56,
            "net_income": 83158,
            "revenue": 443224,
            "common_shares": 441520,
            "book_valuer_per_share": 43.15,
            "book_valuer_per_share_4q_avg": 42.23,
            "equity": 1905465,
            "current_ratio": 379.72,
            "debt_ratio": 23.39,
            "inventory_turnover_ratio": 0.43,
            "account_receivable_turnover_ratio": 1.84,
            "reinvestment_rate": 12.62,
            "research_to_sale_ratio": 21.27,
            "price_fair": 231.7,
            "eps_avg_yearly": 6.62,
            "eps_latest_yearly": 7.52,
            "eps_growth_yearly": 95.1
        },
        "20224": {
            "year_quarter": 20224,
            "year": 2022,
            "quarter": 4,
            "eps": 1.61,
            "eps_growth_year": -61.7,
            "eps_4q": 9.55,
            "eps_4q_growth_year": -17.25,
            "roe": 3.69,
            "roe_4q": 22.91,
            "gross_profit": 237180,
            "gross_margin": 55,
            "gross_margin_4q_avg": 59.01,
            "net_income": 71918,
            "revenue": 431270,
            "common_shares": 441520,
            "book_valuer_per_share": 44.62,
            "book_valuer_per_share_4q_avg": 43.32,
            "equity": 1993853,
            "current_ratio": 509.78,
            "debt_ratio": 17.51,
            "inventory_turnover_ratio": 0.39,
            "account_receivable_turnover_ratio": 2.24,
            "reinvestment_rate": 11.98,
            "research_to_sale_ratio": 25.57,
            "price_fair": 240.6,
            "eps_avg_yearly": 6.87,
            "eps_latest_yearly": 6.44,
            "eps_growth_yearly": 99.4
        },
        "20231": {
            "year_quarter": 20231,
            "year": 2023,
            "quarter": 1,
            "eps": 0.78,
            "eps_growth_year": -76,
            "eps_4q": 7.17,
            "eps_4q_growth_year": -46.52,
            "roe": 1.73,
            "roe_4q": 16.869999999999997,
            "gross_profit": 182690,
            "gross_margin": 47.66,
            "gross_margin_4q_avg": 55.21,
            "net_income": 34845,
            "revenue": 383359,
            "common_shares": 441520,
            "book_valuer_per_share": 45.44,
            "book_valuer_per_share_4q_avg": 43.62,
            "equity": 2030402,
            "current_ratio": 501.86,
            "debt_ratio": 17.68,
            "inventory_turnover_ratio": 0.37,
            "account_receivable_turnover_ratio": 2.09,
            "reinvestment_rate": 11.92,
            "research_to_sale_ratio": 26.45,
            "price_fair": 246,
            "eps_avg_yearly": 7.03,
            "eps_latest_yearly": 3.12,
            "eps_growth_yearly": 103.72
        }
    },
    "months": {
        "2014-10": {
            "month": "2014-10",
            "price": "68.60",
            "revenue": 110599
        },
        "2014-11": {
            "month": "2014-11",
            "price": "68.36",
            "revenue": 87908
        },
        "2014-12": {
            "month": "2014-12",
            "price": "69.88",
            "revenue": 95576
        },
        "2015-01": {
            "month": "2015-01",
            "price": "86.47",
            "revenue": 125652
        },
        "2015-02": {
            "month": "2015-02",
            "price": "87.04",
            "revenue": 63054
        },
        "2015-03": {
            "month": "2015-03",
            "price": "89.54",
            "revenue": 64749
        },
        "2015-04": {
            "month": "2015-04",
            "price": "77.04",
            "revenue": 70053
        },
        "2015-05": {
            "month": "2015-05",
            "price": "57.78",
            "revenue": 76813
        },
        "2015-06": {
            "month": "2015-06",
            "price": "51.81",
            "revenue": 93039
        },
        "2015-07": {
            "month": "2015-07",
            "price": "47.52",
            "revenue": 96331
        },
        "2015-08": {
            "month": "2015-08",
            "price": "42.63",
            "revenue": 98415
        },
        "2015-09": {
            "month": "2015-09",
            "price": "45.14",
            "revenue": 104555
        },
        "2015-10": {
            "month": "2015-10",
            "price": "55.72",
            "revenue": 105521
        },
        "2015-11": {
            "month": "2015-11",
            "price": "64.60",
            "revenue": 103023
        },
        "2015-12": {
            "month": "2015-12",
            "price": "59.44",
            "revenue": 103780
        },
        "2016-01": {
            "month": "2016-01",
            "price": "51.15",
            "revenue": 103492
        },
        "2016-02": {
            "month": "2016-02",
            "price": "54.72",
            "revenue": 90513
        },
        "2016-03": {
            "month": "2016-03",
            "price": "62.35",
            "revenue": 105561
        },
        "2016-04": {
            "month": "2016-04",
            "price": "64.06",
            "revenue": 110205
        },
        "2016-05": {
            "month": "2016-05",
            "price": "72.79",
            "revenue": 108752
        },
        "2016-06": {
            "month": "2016-06",
            "price": "84.32",
            "revenue": 109588
        },
        "2016-07": {
            "month": "2016-07",
            "price": "88.71",
            "revenue": 94422
        },
        "2016-08": {
            "month": "2016-08",
            "price": "82.15",
            "revenue": 69082
        },
        "2016-09": {
            "month": "2016-09",
            "price": "61.16",
            "revenue": 63331
        },
        "2016-10": {
            "month": "2016-10",
            "price": "53.26",
            "revenue": 74377
        },
        "2016-11": {
            "month": "2016-11",
            "price": "53.53",
            "revenue": 72403
        },
        "2016-12": {
            "month": "2016-12",
            "price": "58.05",
            "revenue": 53414
        },
        "2017-01": {
            "month": "2017-01",
            "price": "53.76",
            "revenue": 52169
        },
        "2017-02": {
            "month": "2017-02",
            "price": "54.13",
            "revenue": 45699
        },
        "2017-03": {
            "month": "2017-03",
            "price": "52.07",
            "revenue": 53629
        },
        "2017-04": {
            "month": "2017-04",
            "price": "47.04",
            "revenue": 41583
        },
        "2017-05": {
            "month": "2017-05",
            "price": "42.61",
            "revenue": 59219
        },
        "2017-06": {
            "month": "2017-06",
            "price": "43.37",
            "revenue": 62819
        },
        "2017-07": {
            "month": "2017-07",
            "price": "44.74",
            "revenue": 65315
        },
        "2017-08": {
            "month": "2017-08",
            "price": "43.13",
            "revenue": 67266
        },
        "2017-09": {
            "month": "2017-09",
            "price": "39.25",
            "revenue": 58391
        },
        "2017-10": {
            "month": "2017-10",
            "price": "36.04",
            "revenue": 60655
        },
        "2017-11": {
            "month": "2017-11",
            "price": "35.40",
            "revenue": 65115
        },
        "2017-12": {
            "month": "2017-12",
            "price": "37.32",
            "revenue": 83194
        },
        "2018-01": {
            "month": "2018-01",
            "price": "45.78",
            "revenue": 72933
        },
        "2018-02": {
            "month": "2018-02",
            "price": "44.68",
            "revenue": 58934
        },
        "2018-03": {
            "month": "2018-03",
            "price": "49.53",
            "revenue": 92484
        },
        "2018-04": {
            "month": "2018-04",
            "price": "55.81",
            "revenue": 92014
        },
        "2018-05": {
            "month": "2018-05",
            "price": "57.15",
            "revenue": 96364
        },
        "2018-06": {
            "month": "2018-06",
            "price": "56.54",
            "revenue": 100056
        },
        "2018-07": {
            "month": "2018-07",
            "price": "49.71",
            "revenue": 99887
        },
        "2018-08": {
            "month": "2018-08",
            "price": "46.48",
            "revenue": 106672
        },
        "2018-09": {
            "month": "2018-09",
            "price": "40.78",
            "revenue": 110762
        },
        "2018-10": {
            "month": "2018-10",
            "price": "42.11",
            "revenue": 107232
        },
        "2018-11": {
            "month": "2018-11",
            "price": "44.38",
            "revenue": 100199
        },
        "2018-12": {
            "month": "2018-12",
            "price": "43.60",
            "revenue": 90263
        },
        "2019-01": {
            "month": "2019-01",
            "price": "41.26",
            "revenue": 84003
        },
        "2019-02": {
            "month": "2019-02",
            "price": "41.32",
            "revenue": 74718
        },
        "2019-03": {
            "month": "2019-03",
            "price": "42.32",
            "revenue": 94039
        },
        "2019-04": {
            "month": "2019-04",
            "price": "43.00",
            "revenue": 95727
        },
        "2019-05": {
            "month": "2019-05",
            "price": "39.57",
            "revenue": 97570
        },
        "2019-06": {
            "month": "2019-06",
            "price": "38.00",
            "revenue": 82325
        },
        "2019-07": {
            "month": "2019-07",
            "price": "40.00",
            "revenue": 93193
        },
        "2019-08": {
            "month": "2019-08",
            "price": "38.20",
            "revenue": 95435
        },
        "2019-09": {
            "month": "2019-09",
            "price": "35.19",
            "revenue": 87778
        },
        "2019-10": {
            "month": "2019-10",
            "price": "32.12",
            "revenue": 84892
        },
        "2019-11": {
            "month": "2019-11",
            "price": "29.73",
            "revenue": 76013
        },
        "2019-12": {
            "month": "2019-12",
            "price": "31.83",
            "revenue": 108071
        },
        "2020-01": {
            "month": "2020-01",
            "price": "36.99",
            "revenue": 88040
        },
        "2020-02": {
            "month": "2020-02",
            "price": "36.78",
            "revenue": 57338
        },
        "2020-03": {
            "month": "2020-03",
            "price": "27.36",
            "revenue": 81977
        },
        "2020-04": {
            "month": "2020-04",
            "price": "25.38",
            "revenue": 58602
        },
        "2020-05": {
            "month": "2020-05",
            "price": "26.76",
            "revenue": 42010
        },
        "2020-06": {
            "month": "2020-06",
            "price": "26.07",
            "revenue": 56084
        },
        "2020-07": {
            "month": "2020-07",
            "price": "25.99",
            "revenue": 76336
        },
        "2020-08": {
            "month": "2020-08",
            "price": "24.50",
            "revenue": 81623
        },
        "2020-09": {
            "month": "2020-09",
            "price": "24.53",
            "revenue": 94732
        },
        "2020-10": {
            "month": "2020-10",
            "price": "25.05",
            "revenue": 95401
        },
        "2020-11": {
            "month": "2020-11",
            "price": "26.91",
            "revenue": 97013
        },
        "2020-12": {
            "month": "2020-12",
            "price": "32.30",
            "revenue": 110457
        },
        "2021-01": {
            "month": "2021-01",
            "price": "37.85",
            "revenue": 113953
        },
        "2021-02": {
            "month": "2021-02",
            "price": "71.37",
            "revenue": 116061
        },
        "2021-03": {
            "month": "2021-03",
            "price": "105.06",
            "revenue": 126552
        },
        "2021-04": {
            "month": "2021-04",
            "price": "129.05",
            "revenue": 140181
        },
        "2021-05": {
            "month": "2021-05",
            "price": "102.53",
            "revenue": 152926
        },
        "2021-06": {
            "month": "2021-06",
            "price": "128.24",
            "revenue": 161708
        },
        "2021-07": {
            "month": "2021-07",
            "price": "141.14",
            "revenue": 173461
        },
        "2021-08": {
            "month": "2021-08",
            "price": "152.80",
            "revenue": 182810
        },
        "2021-09": {
            "month": "2021-09",
            "price": "135.78",
            "revenue": 190089
        },
        "2021-10": {
            "month": "2021-10",
            "price": "117.58",
            "revenue": 195539
        },
        "2021-11": {
            "month": "2021-11",
            "price": "149.20",
            "revenue": 196842
        },
        "2021-12": {
            "month": "2021-12",
            "price": "152.86",
            "revenue": 200633
        },
        "2022-01": {
            "month": "2022-01",
            "price": "136.22",
            "revenue": 180743
        },
        "2022-02": {
            "month": "2022-02",
            "price": "141.23",
            "revenue": 176223
        },
        "2022-03": {
            "month": "2022-03",
            "price": "142.24",
            "revenue": 187080
        },
        "2022-04": {
            "month": "2022-04",
            "price": "129.74",
            "revenue": 188534
        },
        "2022-05": {
            "month": "2022-05",
            "price": "117.74",
            "revenue": 160332
        },
        "2022-06": {
            "month": "2022-06",
            "price": "102.87",
            "revenue": 154146
        },
        "2022-07": {
            "month": "2022-07",
            "price": "82.77",
            "revenue": 152043
        },
        "2022-08": {
            "month": "2022-08",
            "price": "84.29",
            "revenue": 145429
        },
        "2022-09": {
            "month": "2022-09",
            "price": "70.00",
            "revenue": 145752
        },
        "2022-10": {
            "month": "2022-10",
            "price": "60.70",
            "revenue": 145615
        },
        "2022-11": {
            "month": "2022-11",
            "price": "70.91",
            "revenue": 142894
        },
        "2022-12": {
            "month": "2022-12",
            "price": "70.40",
            "revenue": 142762
        },
        "2023-01": {
            "month": "2023-01",
            "price": "70.39",
            "revenue": 105891
        },
        "2023-02": {
            "month": "2023-02",
            "price": "76.51",
            "revenue": 136227
        },
        "2023-03": {
            "month": "2023-03",
            "price": "84.35",
            "revenue": 141240
        },
        "2023-04": {
            "month": "2023-04",
            "price": "105.55",
            "revenue": 148940
        }
    }
}
