{
    "summary": {
        "stock_name": "互動",
        "stock_id": "6486",
        "category": "通信網路",
        "main_business": "電信暨寬頻網路系統服務、無線傳輸服務、數位媒體系統服務<br>雲端資訊系統服務、地理資訊系統服務",
        "website_url": "http://www.idtech.com.tw/",
        "ceo": "劉美蘭",
        "pe_ratio": 14,
        "report_year_from": 2013,
        "report_year_to": 2023,
        "age": 11,
        "eps_negative_percentage": 0,
        "eps_growth_avg": {
            "last_all": 20.39,
            "last_2y": -0.11,
            "last_4y": 6.71,
            "last_8y": null,
            "last_12y": null,
            "last_16y": null,
            "last_20y": null,
            "at_2006_last_3y": null,
            "at_2007_last_3y": null,
            "at_2008_last_3y": null,
            "at_2009_last_3y": null,
            "at_2010_last_3y": null,
            "at_2011_last_3y": null,
            "at_2012_last_3y": null,
            "at_2013_last_3y": null,
            "at_2014_last_3y": null,
            "at_2015_last_3y": null,
            "at_2016_last_3y": null,
            "at_2017_last_3y": null,
            "at_2018_last_3y": null,
            "at_2019_last_3y": 41.75,
            "at_2020_last_3y": 15.86,
            "at_2021_last_3y": 17.97,
            "at_2022_last_3y": 5.44,
            "at_2023_last_3y": -0.96,
            "at_2024_last_3y": -0.96,
            "at_2006_last_all": null,
            "at_2007_last_all": null,
            "at_2008_last_all": null,
            "at_2009_last_all": null,
            "at_2010_last_all": null,
            "at_2011_last_all": null,
            "at_2012_last_all": null,
            "at_2013_last_all": null,
            "at_2014_last_all": null,
            "at_2015_last_all": null,
            "at_2016_last_all": null,
            "at_2017_last_all": 49.45,
            "at_2018_last_all": 43.19,
            "at_2019_last_all": 41.75,
            "at_2020_last_all": 32.69,
            "at_2021_last_all": 28.46,
            "at_2022_last_all": 21.62,
            "at_2023_last_all": 20.39,
            "at_2024_last_all": 20.39
        },
        "latest_eps": 5.7,
        "latest_price": 80.5,
        "latest_roe": 17.13,
        "latest_gross_margin": 35.39,
        "latest_equity": 1739731,
        "latest_revenue": 1067091,
        "latest_gross_profit": 377676,
        "latest_net_income": 135032,
        "latest_debt_ratio": 42.73,
        "latest_current_ratio": 212.23,
        "latest_account_receivable_turnover_ratio": 2.4,
        "latest_inventory_turnover_ratio": 0.95,
        "latest_reinvestment_rate": 53.48,
        "latest_research_to_sale_ratio": null
    },
    "eps_dividends": {
        "2001": {
            "cash": 0,
            "stock": 0,
            "eps": 0
        },
        "2002": {
            "cash": 0,
            "stock": 0,
            "eps": 0
        },
        "2003": {
            "cash": 0,
            "stock": 0,
            "eps": 0
        },
        "2004": {
            "cash": 0,
            "stock": 0,
            "eps": 0
        },
        "2005": {
            "cash": 0,
            "stock": 0,
            "eps": 0
        },
        "2006": {
            "cash": 0,
            "stock": 0,
            "eps": 0
        },
        "2007": {
            "cash": 0,
            "stock": 0,
            "eps": 0
        },
        "2008": {
            "cash": 0,
            "stock": 0,
            "eps": 0
        },
        "2009": {
            "cash": 0,
            "stock": 0,
            "eps": 0
        },
        "2010": {
            "cash": 0,
            "stock": 0,
            "eps": 0
        },
        "2011": {
            "cash": 0,
            "stock": 0,
            "eps": 0
        },
        "2012": {
            "cash": 0,
            "stock": 0,
            "eps": 0
        },
        "2013": {
            "cash": 0,
            "stock": 0,
            "eps": 0
        },
        "2014": {
            "cash": 0,
            "stock": 0,
            "eps": 0
        },
        "2015": {
            "cash": 4,
            "stock": 0,
            "eps": 0.22
        },
        "2016": {
            "cash": 3,
            "stock": 0,
            "eps": 3.66
        },
        "2017": {
            "cash": 3.5,
            "stock": 0,
            "eps": 3.62
        },
        "2018": {
            "cash": 3.2,
            "stock": 0,
            "eps": 4.73
        },
        "2019": {
            "cash": 4.8,
            "stock": 0,
            "eps": 6.5
        },
        "2020": {
            "cash": 6,
            "stock": 0,
            "eps": 6.27
        },
        "2021": {
            "cash": 6,
            "stock": 0,
            "eps": 6.73
        },
        "2022": {
            "cash": 6.5,
            "stock": 0,
            "eps": 5.42
        },
        "2023": {
            "cash": 5.3,
            "stock": 0,
            "eps": 6.06
        },
        "2024": {
            "cash": 6,
            "stock": 0,
            "eps": 0
        }
    },
    "dividends": {
        "2015-08-14": {
            "cash": 4,
            "stock": 0
        },
        "2016-08-15": {
            "cash": 3,
            "stock": 0
        },
        "2017-07-28": {
            "cash": 3.5,
            "stock": 0
        },
        "2018-08-15": {
            "cash": 3.2,
            "stock": 0
        },
        "2019-08-15": {
            "cash": 4.8,
            "stock": 0
        },
        "2020-08-14": {
            "cash": 6,
            "stock": 0
        },
        "2021-09-10": {
            "cash": 6,
            "stock": 0
        },
        "2022-07-15": {
            "cash": 6.5,
            "stock": 0
        },
        "2023-08-04": {
            "cash": 5.3,
            "stock": 0
        },
        "2024-02-23": {
            "cash": 6,
            "stock": 0
        }
    },
    "prices": {
        "200101": "無",
        "200102": "無",
        "200103": "無",
        "200104": "無",
        "200105": "無",
        "200106": "無",
        "200107": "無",
        "200108": "無",
        "200109": "無",
        "200110": "無",
        "200111": "無",
        "200112": "無",
        "200201": "無",
        "200202": "無",
        "200203": "無",
        "200204": "無",
        "200205": "無",
        "200206": "無",
        "200207": "無",
        "200208": "無",
        "200209": "無",
        "200210": "無",
        "200211": "無",
        "200212": "無",
        "200301": "無",
        "200302": "無",
        "200303": "無",
        "200304": "無",
        "200305": "無",
        "200306": "無",
        "200307": "無",
        "200308": "無",
        "200309": "無",
        "200310": "無",
        "200311": "無",
        "200312": "無",
        "200401": "無",
        "200402": "無",
        "200403": "無",
        "200404": "無",
        "200405": "無",
        "200406": "無",
        "200407": "無",
        "200408": "無",
        "200409": "無",
        "200410": "無",
        "200411": "無",
        "200412": "無",
        "200501": "無",
        "200502": "無",
        "200503": "無",
        "200504": "無",
        "200505": "無",
        "200506": "無",
        "200507": "無",
        "200508": "無",
        "200509": "無",
        "200510": "無",
        "200511": "無",
        "200512": "無",
        "200601": "無",
        "200602": "無",
        "200603": "無",
        "200604": "無",
        "200605": "無",
        "200606": "無",
        "200607": "無",
        "200608": "無",
        "200609": "無",
        "200610": "無",
        "200611": "無",
        "200612": "無",
        "200701": "無",
        "200702": "無",
        "200703": "無",
        "200704": "無",
        "200705": "無",
        "200706": "無",
        "200707": "無",
        "200708": "無",
        "200709": "無",
        "200710": "無",
        "200711": "無",
        "200712": "無",
        "200801": "無",
        "200802": "無",
        "200803": "無",
        "200804": "無",
        "200805": "無",
        "200806": "無",
        "200807": "無",
        "200808": "無",
        "200809": "無",
        "200810": "無",
        "200811": "無",
        "200812": "無",
        "200901": "無",
        "200902": "無",
        "200903": "無",
        "200904": "無",
        "200905": "無",
        "200906": "無",
        "200907": "無",
        "200908": "無",
        "200909": "無",
        "200910": "無",
        "200911": "無",
        "200912": "無",
        "201001": "無",
        "201002": "無",
        "201003": "無",
        "201004": "無",
        "201005": "無",
        "201006": "無",
        "201007": "無",
        "201008": "無",
        "201009": "無",
        "201010": "無",
        "201011": "無",
        "201012": "無",
        "201101": "無",
        "201102": "無",
        "201103": "無",
        "201104": "無",
        "201105": "無",
        "201106": "無",
        "201107": "無",
        "201108": "無",
        "201109": "無",
        "201110": "無",
        "201111": "無",
        "201112": "無",
        "201201": "無",
        "201202": "無",
        "201203": "無",
        "201204": "無",
        "201205": "無",
        "201206": "無",
        "201207": "無",
        "201208": "無",
        "201209": "無",
        "201210": "無",
        "201211": "無",
        "201212": "無",
        "201301": "無",
        "201302": "無",
        "201303": "無",
        "201304": "無",
        "201305": "無",
        "201306": "無",
        "201307": "無",
        "201308": "無",
        "201309": "無",
        "201310": "無",
        "201311": "無",
        "201312": "無",
        "201401": "無",
        "201402": "無",
        "201403": "無",
        "201404": "無",
        "201405": "無",
        "201406": "無",
        "201407": "無",
        "201408": "無",
        "201409": "無",
        "201410": "無",
        "201411": "52.58",
        "201412": "60.05",
        "201501": "54.32",
        "201502": "55.53",
        "201503": "55.91",
        "201504": "56.00",
        "201505": "53.64",
        "201506": "50.03",
        "201507": "43.44",
        "201508": "35.98",
        "201509": "36.12",
        "201510": "37.62",
        "201511": "39.07",
        "201512": "39.80",
        "201601": "42.54",
        "201602": "42.15",
        "201603": "46.33",
        "201604": "46.21",
        "201605": "42.00",
        "201606": "43.06",
        "201607": "42.01",
        "201608": "41.43",
        "201609": "38.30",
        "201610": "38.90",
        "201611": "36.08",
        "201612": "37.48",
        "201701": "35.85",
        "201702": "35.28",
        "201703": "44.13",
        "201704": "64.15",
        "201705": "59.92",
        "201706": "55.74",
        "201707": "49.70",
        "201708": "52.73",
        "201709": "54.41",
        "201710": "50.26",
        "201711": "47.46",
        "201712": "41.62",
        "201801": "45.70",
        "201802": "42.86",
        "201803": "47.47",
        "201804": "47.85",
        "201805": "47.79",
        "201806": "50.51",
        "201807": "46.11",
        "201808": "43.09",
        "201809": "43.23",
        "201810": "40.13",
        "201811": "40.48",
        "201812": "44.99",
        "201901": "52.71",
        "201902": "53.01",
        "201903": "59.24",
        "201904": "59.46",
        "201905": "61.22",
        "201906": "71.10",
        "201907": "72.37",
        "201908": "71.03",
        "201909": "75.24",
        "201910": "74.05",
        "201911": "75.29",
        "201912": "78.05",
        "202001": "77.97",
        "202002": "74.93",
        "202003": "68.73",
        "202004": "72.57",
        "202005": "74.14",
        "202006": "76.37",
        "202007": "75.81",
        "202008": "71.57",
        "202009": "68.48",
        "202010": "72.38",
        "202011": "76.00",
        "202012": "87.12",
        "202101": "81.44",
        "202102": "79.22",
        "202103": "83.45",
        "202104": "81.74",
        "202105": "78.08",
        "202106": "77.77",
        "202107": "78.83",
        "202108": "75.86",
        "202109": "71.36",
        "202110": "70.66",
        "202111": "73.76",
        "202112": "73.07",
        "202201": "75.06",
        "202202": "73.30",
        "202203": "77.53",
        "202204": "76.45",
        "202205": "72.79",
        "202206": "71.26",
        "202207": "61.47",
        "202208": "63.57",
        "202209": "62.14",
        "202210": "59.56",
        "202211": "59.42",
        "202212": "60.28",
        "202301": "65.49",
        "202302": "67.66",
        "202303": "69.47",
        "202304": "70.34",
        "202305": "72.67",
        "202306": "77.50",
        "202307": "75.53",
        "202308": "69.56",
        "202309": "70.76",
        "202310": "70.08",
        "202311": "70.29",
        "202312": "75.00"
    },
    "quarters": {
        "20011": {
            "year_quarter": 20011,
            "year": 2001,
            "quarter": 1,
            "eps": null,
            "eps_growth_year": null,
            "eps_4q": null,
            "eps_4q_growth_year": null,
            "roe": null,
            "roe_4q": 0,
            "gross_profit": null,
            "gross_margin": null,
            "gross_margin_4q_avg": 0,
            "net_income": null,
            "net_income_4q": null,
            "revenue": null,
            "revenue_4q": null,
            "common_shares": null,
            "book_valuer_per_share": null,
            "book_valuer_per_share_4q_avg": 0,
            "equity": null,
            "current_ratio": null,
            "debt_ratio": null,
            "inventory_turnover_ratio": null,
            "account_receivable_turnover_ratio": null,
            "reinvestment_rate": null,
            "research_to_sale_ratio": null,
            "price_fair": 0,
            "eps_avg_yearly": 0,
            "eps_latest_yearly": 0,
            "eps_growth_yearly": 0
        },
        "20012": {
            "year_quarter": 20012,
            "year": 2001,
            "quarter": 2,
            "eps": null,
            "eps_growth_year": null,
            "eps_4q": null,
            "eps_4q_growth_year": null,
            "roe": null,
            "roe_4q": 0,
            "gross_profit": null,
            "gross_margin": null,
            "gross_margin_4q_avg": 0,
            "net_income": null,
            "net_income_4q": null,
            "revenue": null,
            "revenue_4q": null,
            "common_shares": null,
            "book_valuer_per_share": null,
            "book_valuer_per_share_4q_avg": 0,
            "equity": null,
            "current_ratio": null,
            "debt_ratio": null,
            "inventory_turnover_ratio": null,
            "account_receivable_turnover_ratio": null,
            "reinvestment_rate": null,
            "research_to_sale_ratio": null,
            "price_fair": 0,
            "eps_avg_yearly": 0,
            "eps_latest_yearly": 0,
            "eps_growth_yearly": 0
        },
        "20013": {
            "year_quarter": 20013,
            "year": 2001,
            "quarter": 3,
            "eps": null,
            "eps_growth_year": null,
            "eps_4q": null,
            "eps_4q_growth_year": null,
            "roe": null,
            "roe_4q": 0,
            "gross_profit": null,
            "gross_margin": null,
            "gross_margin_4q_avg": 0,
            "net_income": null,
            "net_income_4q": null,
            "revenue": null,
            "revenue_4q": null,
            "common_shares": null,
            "book_valuer_per_share": null,
            "book_valuer_per_share_4q_avg": 0,
            "equity": null,
            "current_ratio": null,
            "debt_ratio": null,
            "inventory_turnover_ratio": null,
            "account_receivable_turnover_ratio": null,
            "reinvestment_rate": null,
            "research_to_sale_ratio": null,
            "price_fair": 0,
            "eps_avg_yearly": 0,
            "eps_latest_yearly": 0,
            "eps_growth_yearly": 0
        },
        "20014": {
            "year_quarter": 20014,
            "year": 2001,
            "quarter": 4,
            "eps": null,
            "eps_growth_year": null,
            "eps_4q": null,
            "eps_4q_growth_year": null,
            "roe": null,
            "roe_4q": 0,
            "gross_profit": null,
            "gross_margin": null,
            "gross_margin_4q_avg": 0,
            "net_income": null,
            "net_income_4q": null,
            "revenue": null,
            "revenue_4q": null,
            "common_shares": null,
            "book_valuer_per_share": null,
            "book_valuer_per_share_4q_avg": 0,
            "equity": null,
            "current_ratio": null,
            "debt_ratio": null,
            "inventory_turnover_ratio": null,
            "account_receivable_turnover_ratio": null,
            "reinvestment_rate": null,
            "research_to_sale_ratio": null,
            "price_fair": 0,
            "eps_avg_yearly": 0,
            "eps_latest_yearly": 0,
            "eps_growth_yearly": 0
        },
        "20021": {
            "year_quarter": 20021,
            "year": 2002,
            "quarter": 1,
            "eps": null,
            "eps_growth_year": null,
            "eps_4q": null,
            "eps_4q_growth_year": null,
            "roe": null,
            "roe_4q": 0,
            "gross_profit": null,
            "gross_margin": null,
            "gross_margin_4q_avg": 0,
            "net_income": null,
            "net_income_4q": null,
            "revenue": null,
            "revenue_4q": null,
            "common_shares": null,
            "book_valuer_per_share": null,
            "book_valuer_per_share_4q_avg": 0,
            "equity": null,
            "current_ratio": null,
            "debt_ratio": null,
            "inventory_turnover_ratio": null,
            "account_receivable_turnover_ratio": null,
            "reinvestment_rate": null,
            "research_to_sale_ratio": null,
            "price_fair": 0,
            "eps_avg_yearly": 0,
            "eps_latest_yearly": 0,
            "eps_growth_yearly": 0
        },
        "20022": {
            "year_quarter": 20022,
            "year": 2002,
            "quarter": 2,
            "eps": null,
            "eps_growth_year": null,
            "eps_4q": null,
            "eps_4q_growth_year": null,
            "roe": null,
            "roe_4q": 0,
            "gross_profit": null,
            "gross_margin": null,
            "gross_margin_4q_avg": 0,
            "net_income": null,
            "net_income_4q": null,
            "revenue": null,
            "revenue_4q": null,
            "common_shares": null,
            "book_valuer_per_share": null,
            "book_valuer_per_share_4q_avg": 0,
            "equity": null,
            "current_ratio": null,
            "debt_ratio": null,
            "inventory_turnover_ratio": null,
            "account_receivable_turnover_ratio": null,
            "reinvestment_rate": null,
            "research_to_sale_ratio": null,
            "price_fair": 0,
            "eps_avg_yearly": 0,
            "eps_latest_yearly": 0,
            "eps_growth_yearly": 0
        },
        "20023": {
            "year_quarter": 20023,
            "year": 2002,
            "quarter": 3,
            "eps": null,
            "eps_growth_year": null,
            "eps_4q": null,
            "eps_4q_growth_year": null,
            "roe": null,
            "roe_4q": 0,
            "gross_profit": null,
            "gross_margin": null,
            "gross_margin_4q_avg": 0,
            "net_income": null,
            "net_income_4q": null,
            "revenue": null,
            "revenue_4q": null,
            "common_shares": null,
            "book_valuer_per_share": null,
            "book_valuer_per_share_4q_avg": 0,
            "equity": null,
            "current_ratio": null,
            "debt_ratio": null,
            "inventory_turnover_ratio": null,
            "account_receivable_turnover_ratio": null,
            "reinvestment_rate": null,
            "research_to_sale_ratio": null,
            "price_fair": 0,
            "eps_avg_yearly": 0,
            "eps_latest_yearly": 0,
            "eps_growth_yearly": 0
        },
        "20024": {
            "year_quarter": 20024,
            "year": 2002,
            "quarter": 4,
            "eps": null,
            "eps_growth_year": null,
            "eps_4q": null,
            "eps_4q_growth_year": null,
            "roe": null,
            "roe_4q": 0,
            "gross_profit": null,
            "gross_margin": null,
            "gross_margin_4q_avg": 0,
            "net_income": null,
            "net_income_4q": null,
            "revenue": null,
            "revenue_4q": null,
            "common_shares": null,
            "book_valuer_per_share": null,
            "book_valuer_per_share_4q_avg": 0,
            "equity": null,
            "current_ratio": null,
            "debt_ratio": null,
            "inventory_turnover_ratio": null,
            "account_receivable_turnover_ratio": null,
            "reinvestment_rate": null,
            "research_to_sale_ratio": null,
            "price_fair": 0,
            "eps_avg_yearly": 0,
            "eps_latest_yearly": 0,
            "eps_growth_yearly": 0
        },
        "20031": {
            "year_quarter": 20031,
            "year": 2003,
            "quarter": 1,
            "eps": null,
            "eps_growth_year": null,
            "eps_4q": null,
            "eps_4q_growth_year": null,
            "roe": null,
            "roe_4q": 0,
            "gross_profit": null,
            "gross_margin": null,
            "gross_margin_4q_avg": 0,
            "net_income": null,
            "net_income_4q": null,
            "revenue": null,
            "revenue_4q": null,
            "common_shares": null,
            "book_valuer_per_share": null,
            "book_valuer_per_share_4q_avg": 0,
            "equity": null,
            "current_ratio": null,
            "debt_ratio": null,
            "inventory_turnover_ratio": null,
            "account_receivable_turnover_ratio": null,
            "reinvestment_rate": null,
            "research_to_sale_ratio": null,
            "price_fair": 0,
            "eps_avg_yearly": 0,
            "eps_latest_yearly": 0,
            "eps_growth_yearly": 0
        },
        "20032": {
            "year_quarter": 20032,
            "year": 2003,
            "quarter": 2,
            "eps": null,
            "eps_growth_year": null,
            "eps_4q": null,
            "eps_4q_growth_year": null,
            "roe": null,
            "roe_4q": 0,
            "gross_profit": null,
            "gross_margin": null,
            "gross_margin_4q_avg": 0,
            "net_income": null,
            "net_income_4q": null,
            "revenue": null,
            "revenue_4q": null,
            "common_shares": null,
            "book_valuer_per_share": null,
            "book_valuer_per_share_4q_avg": 0,
            "equity": null,
            "current_ratio": null,
            "debt_ratio": null,
            "inventory_turnover_ratio": null,
            "account_receivable_turnover_ratio": null,
            "reinvestment_rate": null,
            "research_to_sale_ratio": null,
            "price_fair": 0,
            "eps_avg_yearly": 0,
            "eps_latest_yearly": 0,
            "eps_growth_yearly": 0
        },
        "20033": {
            "year_quarter": 20033,
            "year": 2003,
            "quarter": 3,
            "eps": null,
            "eps_growth_year": null,
            "eps_4q": null,
            "eps_4q_growth_year": null,
            "roe": null,
            "roe_4q": 0,
            "gross_profit": null,
            "gross_margin": null,
            "gross_margin_4q_avg": 0,
            "net_income": null,
            "net_income_4q": null,
            "revenue": null,
            "revenue_4q": null,
            "common_shares": null,
            "book_valuer_per_share": null,
            "book_valuer_per_share_4q_avg": 0,
            "equity": null,
            "current_ratio": null,
            "debt_ratio": null,
            "inventory_turnover_ratio": null,
            "account_receivable_turnover_ratio": null,
            "reinvestment_rate": null,
            "research_to_sale_ratio": null,
            "price_fair": 0,
            "eps_avg_yearly": 0,
            "eps_latest_yearly": 0,
            "eps_growth_yearly": 0
        },
        "20034": {
            "year_quarter": 20034,
            "year": 2003,
            "quarter": 4,
            "eps": null,
            "eps_growth_year": null,
            "eps_4q": null,
            "eps_4q_growth_year": null,
            "roe": null,
            "roe_4q": 0,
            "gross_profit": null,
            "gross_margin": null,
            "gross_margin_4q_avg": 0,
            "net_income": null,
            "net_income_4q": null,
            "revenue": null,
            "revenue_4q": null,
            "common_shares": null,
            "book_valuer_per_share": null,
            "book_valuer_per_share_4q_avg": 0,
            "equity": null,
            "current_ratio": null,
            "debt_ratio": null,
            "inventory_turnover_ratio": null,
            "account_receivable_turnover_ratio": null,
            "reinvestment_rate": null,
            "research_to_sale_ratio": null,
            "price_fair": 0,
            "eps_avg_yearly": 0,
            "eps_latest_yearly": 0,
            "eps_growth_yearly": 0
        },
        "20041": {
            "year_quarter": 20041,
            "year": 2004,
            "quarter": 1,
            "eps": null,
            "eps_growth_year": null,
            "eps_4q": null,
            "eps_4q_growth_year": null,
            "roe": null,
            "roe_4q": 0,
            "gross_profit": null,
            "gross_margin": null,
            "gross_margin_4q_avg": 0,
            "net_income": null,
            "net_income_4q": null,
            "revenue": null,
            "revenue_4q": null,
            "common_shares": null,
            "book_valuer_per_share": null,
            "book_valuer_per_share_4q_avg": 0,
            "equity": null,
            "current_ratio": null,
            "debt_ratio": null,
            "inventory_turnover_ratio": null,
            "account_receivable_turnover_ratio": null,
            "reinvestment_rate": null,
            "research_to_sale_ratio": null,
            "price_fair": 0,
            "eps_avg_yearly": 0,
            "eps_latest_yearly": 0,
            "eps_growth_yearly": 0
        },
        "20042": {
            "year_quarter": 20042,
            "year": 2004,
            "quarter": 2,
            "eps": null,
            "eps_growth_year": null,
            "eps_4q": null,
            "eps_4q_growth_year": null,
            "roe": null,
            "roe_4q": 0,
            "gross_profit": null,
            "gross_margin": null,
            "gross_margin_4q_avg": 0,
            "net_income": null,
            "net_income_4q": null,
            "revenue": null,
            "revenue_4q": null,
            "common_shares": null,
            "book_valuer_per_share": null,
            "book_valuer_per_share_4q_avg": 0,
            "equity": null,
            "current_ratio": null,
            "debt_ratio": null,
            "inventory_turnover_ratio": null,
            "account_receivable_turnover_ratio": null,
            "reinvestment_rate": null,
            "research_to_sale_ratio": null,
            "price_fair": 0,
            "eps_avg_yearly": 0,
            "eps_latest_yearly": 0,
            "eps_growth_yearly": 0
        },
        "20043": {
            "year_quarter": 20043,
            "year": 2004,
            "quarter": 3,
            "eps": null,
            "eps_growth_year": null,
            "eps_4q": null,
            "eps_4q_growth_year": null,
            "roe": null,
            "roe_4q": 0,
            "gross_profit": null,
            "gross_margin": null,
            "gross_margin_4q_avg": 0,
            "net_income": null,
            "net_income_4q": null,
            "revenue": null,
            "revenue_4q": null,
            "common_shares": null,
            "book_valuer_per_share": null,
            "book_valuer_per_share_4q_avg": 0,
            "equity": null,
            "current_ratio": null,
            "debt_ratio": null,
            "inventory_turnover_ratio": null,
            "account_receivable_turnover_ratio": null,
            "reinvestment_rate": null,
            "research_to_sale_ratio": null,
            "price_fair": 0,
            "eps_avg_yearly": 0,
            "eps_latest_yearly": 0,
            "eps_growth_yearly": 0
        },
        "20044": {
            "year_quarter": 20044,
            "year": 2004,
            "quarter": 4,
            "eps": null,
            "eps_growth_year": null,
            "eps_4q": null,
            "eps_4q_growth_year": null,
            "roe": null,
            "roe_4q": 0,
            "gross_profit": null,
            "gross_margin": null,
            "gross_margin_4q_avg": 0,
            "net_income": null,
            "net_income_4q": null,
            "revenue": null,
            "revenue_4q": null,
            "common_shares": null,
            "book_valuer_per_share": null,
            "book_valuer_per_share_4q_avg": 0,
            "equity": null,
            "current_ratio": null,
            "debt_ratio": null,
            "inventory_turnover_ratio": null,
            "account_receivable_turnover_ratio": null,
            "reinvestment_rate": null,
            "research_to_sale_ratio": null,
            "price_fair": 0,
            "eps_avg_yearly": 0,
            "eps_latest_yearly": 0,
            "eps_growth_yearly": 0
        },
        "20051": {
            "year_quarter": 20051,
            "year": 2005,
            "quarter": 1,
            "eps": null,
            "eps_growth_year": null,
            "eps_4q": null,
            "eps_4q_growth_year": null,
            "roe": null,
            "roe_4q": 0,
            "gross_profit": null,
            "gross_margin": null,
            "gross_margin_4q_avg": 0,
            "net_income": null,
            "net_income_4q": null,
            "revenue": null,
            "revenue_4q": null,
            "common_shares": null,
            "book_valuer_per_share": null,
            "book_valuer_per_share_4q_avg": 0,
            "equity": null,
            "current_ratio": null,
            "debt_ratio": null,
            "inventory_turnover_ratio": null,
            "account_receivable_turnover_ratio": null,
            "reinvestment_rate": null,
            "research_to_sale_ratio": null,
            "price_fair": 0,
            "eps_avg_yearly": 0,
            "eps_latest_yearly": 0,
            "eps_growth_yearly": 0
        },
        "20052": {
            "year_quarter": 20052,
            "year": 2005,
            "quarter": 2,
            "eps": null,
            "eps_growth_year": null,
            "eps_4q": null,
            "eps_4q_growth_year": null,
            "roe": null,
            "roe_4q": 0,
            "gross_profit": null,
            "gross_margin": null,
            "gross_margin_4q_avg": 0,
            "net_income": null,
            "net_income_4q": null,
            "revenue": null,
            "revenue_4q": null,
            "common_shares": null,
            "book_valuer_per_share": null,
            "book_valuer_per_share_4q_avg": 0,
            "equity": null,
            "current_ratio": null,
            "debt_ratio": null,
            "inventory_turnover_ratio": null,
            "account_receivable_turnover_ratio": null,
            "reinvestment_rate": null,
            "research_to_sale_ratio": null,
            "price_fair": 0,
            "eps_avg_yearly": 0,
            "eps_latest_yearly": 0,
            "eps_growth_yearly": 0
        },
        "20053": {
            "year_quarter": 20053,
            "year": 2005,
            "quarter": 3,
            "eps": null,
            "eps_growth_year": null,
            "eps_4q": null,
            "eps_4q_growth_year": null,
            "roe": null,
            "roe_4q": 0,
            "gross_profit": null,
            "gross_margin": null,
            "gross_margin_4q_avg": 0,
            "net_income": null,
            "net_income_4q": null,
            "revenue": null,
            "revenue_4q": null,
            "common_shares": null,
            "book_valuer_per_share": null,
            "book_valuer_per_share_4q_avg": 0,
            "equity": null,
            "current_ratio": null,
            "debt_ratio": null,
            "inventory_turnover_ratio": null,
            "account_receivable_turnover_ratio": null,
            "reinvestment_rate": null,
            "research_to_sale_ratio": null,
            "price_fair": 0,
            "eps_avg_yearly": 0,
            "eps_latest_yearly": 0,
            "eps_growth_yearly": 0
        },
        "20054": {
            "year_quarter": 20054,
            "year": 2005,
            "quarter": 4,
            "eps": null,
            "eps_growth_year": null,
            "eps_4q": null,
            "eps_4q_growth_year": null,
            "roe": null,
            "roe_4q": 0,
            "gross_profit": null,
            "gross_margin": null,
            "gross_margin_4q_avg": 0,
            "net_income": null,
            "net_income_4q": null,
            "revenue": null,
            "revenue_4q": null,
            "common_shares": null,
            "book_valuer_per_share": null,
            "book_valuer_per_share_4q_avg": 0,
            "equity": null,
            "current_ratio": null,
            "debt_ratio": null,
            "inventory_turnover_ratio": null,
            "account_receivable_turnover_ratio": null,
            "reinvestment_rate": null,
            "research_to_sale_ratio": null,
            "price_fair": 0,
            "eps_avg_yearly": 0,
            "eps_latest_yearly": 0,
            "eps_growth_yearly": 0
        },
        "20061": {
            "year_quarter": 20061,
            "year": 2006,
            "quarter": 1,
            "eps": null,
            "eps_growth_year": null,
            "eps_4q": null,
            "eps_4q_growth_year": null,
            "roe": null,
            "roe_4q": 0,
            "gross_profit": null,
            "gross_margin": null,
            "gross_margin_4q_avg": 0,
            "net_income": null,
            "net_income_4q": null,
            "revenue": null,
            "revenue_4q": null,
            "common_shares": null,
            "book_valuer_per_share": null,
            "book_valuer_per_share_4q_avg": 0,
            "equity": null,
            "current_ratio": null,
            "debt_ratio": null,
            "inventory_turnover_ratio": null,
            "account_receivable_turnover_ratio": null,
            "reinvestment_rate": null,
            "research_to_sale_ratio": null,
            "price_fair": 0,
            "eps_avg_yearly": 0,
            "eps_latest_yearly": 0,
            "eps_growth_yearly": 0
        },
        "20062": {
            "year_quarter": 20062,
            "year": 2006,
            "quarter": 2,
            "eps": null,
            "eps_growth_year": null,
            "eps_4q": null,
            "eps_4q_growth_year": null,
            "roe": null,
            "roe_4q": 0,
            "gross_profit": null,
            "gross_margin": null,
            "gross_margin_4q_avg": 0,
            "net_income": null,
            "net_income_4q": null,
            "revenue": null,
            "revenue_4q": null,
            "common_shares": null,
            "book_valuer_per_share": null,
            "book_valuer_per_share_4q_avg": 0,
            "equity": null,
            "current_ratio": null,
            "debt_ratio": null,
            "inventory_turnover_ratio": null,
            "account_receivable_turnover_ratio": null,
            "reinvestment_rate": null,
            "research_to_sale_ratio": null,
            "price_fair": 0,
            "eps_avg_yearly": 0,
            "eps_latest_yearly": 0,
            "eps_growth_yearly": 0
        },
        "20063": {
            "year_quarter": 20063,
            "year": 2006,
            "quarter": 3,
            "eps": null,
            "eps_growth_year": null,
            "eps_4q": null,
            "eps_4q_growth_year": null,
            "roe": null,
            "roe_4q": 0,
            "gross_profit": null,
            "gross_margin": null,
            "gross_margin_4q_avg": 0,
            "net_income": null,
            "net_income_4q": null,
            "revenue": null,
            "revenue_4q": null,
            "common_shares": null,
            "book_valuer_per_share": null,
            "book_valuer_per_share_4q_avg": 0,
            "equity": null,
            "current_ratio": null,
            "debt_ratio": null,
            "inventory_turnover_ratio": null,
            "account_receivable_turnover_ratio": null,
            "reinvestment_rate": null,
            "research_to_sale_ratio": null,
            "price_fair": 0,
            "eps_avg_yearly": 0,
            "eps_latest_yearly": 0,
            "eps_growth_yearly": 0
        },
        "20064": {
            "year_quarter": 20064,
            "year": 2006,
            "quarter": 4,
            "eps": null,
            "eps_growth_year": null,
            "eps_4q": null,
            "eps_4q_growth_year": null,
            "roe": null,
            "roe_4q": 0,
            "gross_profit": null,
            "gross_margin": null,
            "gross_margin_4q_avg": 0,
            "net_income": null,
            "net_income_4q": null,
            "revenue": null,
            "revenue_4q": null,
            "common_shares": null,
            "book_valuer_per_share": null,
            "book_valuer_per_share_4q_avg": 0,
            "equity": null,
            "current_ratio": null,
            "debt_ratio": null,
            "inventory_turnover_ratio": null,
            "account_receivable_turnover_ratio": null,
            "reinvestment_rate": null,
            "research_to_sale_ratio": null,
            "price_fair": 0,
            "eps_avg_yearly": 0,
            "eps_latest_yearly": 0,
            "eps_growth_yearly": 0
        },
        "20071": {
            "year_quarter": 20071,
            "year": 2007,
            "quarter": 1,
            "eps": null,
            "eps_growth_year": null,
            "eps_4q": null,
            "eps_4q_growth_year": null,
            "roe": null,
            "roe_4q": 0,
            "gross_profit": null,
            "gross_margin": null,
            "gross_margin_4q_avg": 0,
            "net_income": null,
            "net_income_4q": null,
            "revenue": null,
            "revenue_4q": null,
            "common_shares": null,
            "book_valuer_per_share": null,
            "book_valuer_per_share_4q_avg": 0,
            "equity": null,
            "current_ratio": null,
            "debt_ratio": null,
            "inventory_turnover_ratio": null,
            "account_receivable_turnover_ratio": null,
            "reinvestment_rate": null,
            "research_to_sale_ratio": null,
            "price_fair": 0,
            "eps_avg_yearly": 0,
            "eps_latest_yearly": 0,
            "eps_growth_yearly": 0
        },
        "20072": {
            "year_quarter": 20072,
            "year": 2007,
            "quarter": 2,
            "eps": null,
            "eps_growth_year": null,
            "eps_4q": null,
            "eps_4q_growth_year": null,
            "roe": null,
            "roe_4q": 0,
            "gross_profit": null,
            "gross_margin": null,
            "gross_margin_4q_avg": 0,
            "net_income": null,
            "net_income_4q": null,
            "revenue": null,
            "revenue_4q": null,
            "common_shares": null,
            "book_valuer_per_share": null,
            "book_valuer_per_share_4q_avg": 0,
            "equity": null,
            "current_ratio": null,
            "debt_ratio": null,
            "inventory_turnover_ratio": null,
            "account_receivable_turnover_ratio": null,
            "reinvestment_rate": null,
            "research_to_sale_ratio": null,
            "price_fair": 0,
            "eps_avg_yearly": 0,
            "eps_latest_yearly": 0,
            "eps_growth_yearly": 0
        },
        "20073": {
            "year_quarter": 20073,
            "year": 2007,
            "quarter": 3,
            "eps": null,
            "eps_growth_year": null,
            "eps_4q": null,
            "eps_4q_growth_year": null,
            "roe": null,
            "roe_4q": 0,
            "gross_profit": null,
            "gross_margin": null,
            "gross_margin_4q_avg": 0,
            "net_income": null,
            "net_income_4q": null,
            "revenue": null,
            "revenue_4q": null,
            "common_shares": null,
            "book_valuer_per_share": null,
            "book_valuer_per_share_4q_avg": 0,
            "equity": null,
            "current_ratio": null,
            "debt_ratio": null,
            "inventory_turnover_ratio": null,
            "account_receivable_turnover_ratio": null,
            "reinvestment_rate": null,
            "research_to_sale_ratio": null,
            "price_fair": 0,
            "eps_avg_yearly": 0,
            "eps_latest_yearly": 0,
            "eps_growth_yearly": 0
        },
        "20074": {
            "year_quarter": 20074,
            "year": 2007,
            "quarter": 4,
            "eps": null,
            "eps_growth_year": null,
            "eps_4q": null,
            "eps_4q_growth_year": null,
            "roe": null,
            "roe_4q": 0,
            "gross_profit": null,
            "gross_margin": null,
            "gross_margin_4q_avg": 0,
            "net_income": null,
            "net_income_4q": null,
            "revenue": null,
            "revenue_4q": null,
            "common_shares": null,
            "book_valuer_per_share": null,
            "book_valuer_per_share_4q_avg": 0,
            "equity": null,
            "current_ratio": null,
            "debt_ratio": null,
            "inventory_turnover_ratio": null,
            "account_receivable_turnover_ratio": null,
            "reinvestment_rate": null,
            "research_to_sale_ratio": null,
            "price_fair": 0,
            "eps_avg_yearly": 0,
            "eps_latest_yearly": 0,
            "eps_growth_yearly": 0
        },
        "20081": {
            "year_quarter": 20081,
            "year": 2008,
            "quarter": 1,
            "eps": null,
            "eps_growth_year": null,
            "eps_4q": null,
            "eps_4q_growth_year": null,
            "roe": null,
            "roe_4q": 0,
            "gross_profit": null,
            "gross_margin": null,
            "gross_margin_4q_avg": 0,
            "net_income": null,
            "net_income_4q": null,
            "revenue": null,
            "revenue_4q": null,
            "common_shares": null,
            "book_valuer_per_share": null,
            "book_valuer_per_share_4q_avg": 0,
            "equity": null,
            "current_ratio": null,
            "debt_ratio": null,
            "inventory_turnover_ratio": null,
            "account_receivable_turnover_ratio": null,
            "reinvestment_rate": null,
            "research_to_sale_ratio": null,
            "price_fair": 0,
            "eps_avg_yearly": 0,
            "eps_latest_yearly": 0,
            "eps_growth_yearly": 0
        },
        "20082": {
            "year_quarter": 20082,
            "year": 2008,
            "quarter": 2,
            "eps": null,
            "eps_growth_year": null,
            "eps_4q": null,
            "eps_4q_growth_year": null,
            "roe": null,
            "roe_4q": 0,
            "gross_profit": null,
            "gross_margin": null,
            "gross_margin_4q_avg": 0,
            "net_income": null,
            "net_income_4q": null,
            "revenue": null,
            "revenue_4q": null,
            "common_shares": null,
            "book_valuer_per_share": null,
            "book_valuer_per_share_4q_avg": 0,
            "equity": null,
            "current_ratio": null,
            "debt_ratio": null,
            "inventory_turnover_ratio": null,
            "account_receivable_turnover_ratio": null,
            "reinvestment_rate": null,
            "research_to_sale_ratio": null,
            "price_fair": 0,
            "eps_avg_yearly": 0,
            "eps_latest_yearly": 0,
            "eps_growth_yearly": 0
        },
        "20083": {
            "year_quarter": 20083,
            "year": 2008,
            "quarter": 3,
            "eps": null,
            "eps_growth_year": null,
            "eps_4q": null,
            "eps_4q_growth_year": null,
            "roe": null,
            "roe_4q": 0,
            "gross_profit": null,
            "gross_margin": null,
            "gross_margin_4q_avg": 0,
            "net_income": null,
            "net_income_4q": null,
            "revenue": null,
            "revenue_4q": null,
            "common_shares": null,
            "book_valuer_per_share": null,
            "book_valuer_per_share_4q_avg": 0,
            "equity": null,
            "current_ratio": null,
            "debt_ratio": null,
            "inventory_turnover_ratio": null,
            "account_receivable_turnover_ratio": null,
            "reinvestment_rate": null,
            "research_to_sale_ratio": null,
            "price_fair": 0,
            "eps_avg_yearly": 0,
            "eps_latest_yearly": 0,
            "eps_growth_yearly": 0
        },
        "20084": {
            "year_quarter": 20084,
            "year": 2008,
            "quarter": 4,
            "eps": null,
            "eps_growth_year": null,
            "eps_4q": null,
            "eps_4q_growth_year": null,
            "roe": null,
            "roe_4q": 0,
            "gross_profit": null,
            "gross_margin": null,
            "gross_margin_4q_avg": 0,
            "net_income": null,
            "net_income_4q": null,
            "revenue": null,
            "revenue_4q": null,
            "common_shares": null,
            "book_valuer_per_share": null,
            "book_valuer_per_share_4q_avg": 0,
            "equity": null,
            "current_ratio": null,
            "debt_ratio": null,
            "inventory_turnover_ratio": null,
            "account_receivable_turnover_ratio": null,
            "reinvestment_rate": null,
            "research_to_sale_ratio": null,
            "price_fair": 0,
            "eps_avg_yearly": 0,
            "eps_latest_yearly": 0,
            "eps_growth_yearly": 0
        },
        "20091": {
            "year_quarter": 20091,
            "year": 2009,
            "quarter": 1,
            "eps": null,
            "eps_growth_year": null,
            "eps_4q": null,
            "eps_4q_growth_year": null,
            "roe": null,
            "roe_4q": 0,
            "gross_profit": null,
            "gross_margin": null,
            "gross_margin_4q_avg": 0,
            "net_income": null,
            "net_income_4q": null,
            "revenue": null,
            "revenue_4q": null,
            "common_shares": null,
            "book_valuer_per_share": null,
            "book_valuer_per_share_4q_avg": 0,
            "equity": null,
            "current_ratio": null,
            "debt_ratio": null,
            "inventory_turnover_ratio": null,
            "account_receivable_turnover_ratio": null,
            "reinvestment_rate": null,
            "research_to_sale_ratio": null,
            "price_fair": 0,
            "eps_avg_yearly": 0,
            "eps_latest_yearly": 0,
            "eps_growth_yearly": 0
        },
        "20092": {
            "year_quarter": 20092,
            "year": 2009,
            "quarter": 2,
            "eps": null,
            "eps_growth_year": null,
            "eps_4q": null,
            "eps_4q_growth_year": null,
            "roe": null,
            "roe_4q": 0,
            "gross_profit": null,
            "gross_margin": null,
            "gross_margin_4q_avg": 0,
            "net_income": null,
            "net_income_4q": null,
            "revenue": null,
            "revenue_4q": null,
            "common_shares": null,
            "book_valuer_per_share": null,
            "book_valuer_per_share_4q_avg": 0,
            "equity": null,
            "current_ratio": null,
            "debt_ratio": null,
            "inventory_turnover_ratio": null,
            "account_receivable_turnover_ratio": null,
            "reinvestment_rate": null,
            "research_to_sale_ratio": null,
            "price_fair": 0,
            "eps_avg_yearly": 0,
            "eps_latest_yearly": 0,
            "eps_growth_yearly": 0
        },
        "20093": {
            "year_quarter": 20093,
            "year": 2009,
            "quarter": 3,
            "eps": null,
            "eps_growth_year": null,
            "eps_4q": null,
            "eps_4q_growth_year": null,
            "roe": null,
            "roe_4q": 0,
            "gross_profit": null,
            "gross_margin": null,
            "gross_margin_4q_avg": 0,
            "net_income": null,
            "net_income_4q": null,
            "revenue": null,
            "revenue_4q": null,
            "common_shares": null,
            "book_valuer_per_share": null,
            "book_valuer_per_share_4q_avg": 0,
            "equity": null,
            "current_ratio": null,
            "debt_ratio": null,
            "inventory_turnover_ratio": null,
            "account_receivable_turnover_ratio": null,
            "reinvestment_rate": null,
            "research_to_sale_ratio": null,
            "price_fair": 0,
            "eps_avg_yearly": 0,
            "eps_latest_yearly": 0,
            "eps_growth_yearly": 0
        },
        "20094": {
            "year_quarter": 20094,
            "year": 2009,
            "quarter": 4,
            "eps": null,
            "eps_growth_year": null,
            "eps_4q": null,
            "eps_4q_growth_year": null,
            "roe": null,
            "roe_4q": 0,
            "gross_profit": null,
            "gross_margin": null,
            "gross_margin_4q_avg": 0,
            "net_income": null,
            "net_income_4q": null,
            "revenue": null,
            "revenue_4q": null,
            "common_shares": null,
            "book_valuer_per_share": null,
            "book_valuer_per_share_4q_avg": 0,
            "equity": null,
            "current_ratio": null,
            "debt_ratio": null,
            "inventory_turnover_ratio": null,
            "account_receivable_turnover_ratio": null,
            "reinvestment_rate": null,
            "research_to_sale_ratio": null,
            "price_fair": 0,
            "eps_avg_yearly": 0,
            "eps_latest_yearly": 0,
            "eps_growth_yearly": 0
        },
        "20101": {
            "year_quarter": 20101,
            "year": 2010,
            "quarter": 1,
            "eps": null,
            "eps_growth_year": null,
            "eps_4q": null,
            "eps_4q_growth_year": null,
            "roe": null,
            "roe_4q": 0,
            "gross_profit": null,
            "gross_margin": null,
            "gross_margin_4q_avg": 0,
            "net_income": null,
            "net_income_4q": null,
            "revenue": null,
            "revenue_4q": null,
            "common_shares": null,
            "book_valuer_per_share": null,
            "book_valuer_per_share_4q_avg": 0,
            "equity": null,
            "current_ratio": null,
            "debt_ratio": null,
            "inventory_turnover_ratio": null,
            "account_receivable_turnover_ratio": null,
            "reinvestment_rate": null,
            "research_to_sale_ratio": null,
            "price_fair": 0,
            "eps_avg_yearly": 0,
            "eps_latest_yearly": 0,
            "eps_growth_yearly": 0
        },
        "20102": {
            "year_quarter": 20102,
            "year": 2010,
            "quarter": 2,
            "eps": null,
            "eps_growth_year": null,
            "eps_4q": null,
            "eps_4q_growth_year": null,
            "roe": null,
            "roe_4q": 0,
            "gross_profit": null,
            "gross_margin": null,
            "gross_margin_4q_avg": 0,
            "net_income": null,
            "net_income_4q": null,
            "revenue": null,
            "revenue_4q": null,
            "common_shares": null,
            "book_valuer_per_share": null,
            "book_valuer_per_share_4q_avg": 0,
            "equity": null,
            "current_ratio": null,
            "debt_ratio": null,
            "inventory_turnover_ratio": null,
            "account_receivable_turnover_ratio": null,
            "reinvestment_rate": null,
            "research_to_sale_ratio": null,
            "price_fair": 0,
            "eps_avg_yearly": 0,
            "eps_latest_yearly": 0,
            "eps_growth_yearly": 0
        },
        "20103": {
            "year_quarter": 20103,
            "year": 2010,
            "quarter": 3,
            "eps": null,
            "eps_growth_year": null,
            "eps_4q": null,
            "eps_4q_growth_year": null,
            "roe": null,
            "roe_4q": 0,
            "gross_profit": null,
            "gross_margin": null,
            "gross_margin_4q_avg": 0,
            "net_income": null,
            "net_income_4q": null,
            "revenue": null,
            "revenue_4q": null,
            "common_shares": null,
            "book_valuer_per_share": null,
            "book_valuer_per_share_4q_avg": 0,
            "equity": null,
            "current_ratio": null,
            "debt_ratio": null,
            "inventory_turnover_ratio": null,
            "account_receivable_turnover_ratio": null,
            "reinvestment_rate": null,
            "research_to_sale_ratio": null,
            "price_fair": 0,
            "eps_avg_yearly": 0,
            "eps_latest_yearly": 0,
            "eps_growth_yearly": 0
        },
        "20104": {
            "year_quarter": 20104,
            "year": 2010,
            "quarter": 4,
            "eps": null,
            "eps_growth_year": null,
            "eps_4q": null,
            "eps_4q_growth_year": null,
            "roe": null,
            "roe_4q": 0,
            "gross_profit": null,
            "gross_margin": null,
            "gross_margin_4q_avg": 0,
            "net_income": null,
            "net_income_4q": null,
            "revenue": null,
            "revenue_4q": null,
            "common_shares": null,
            "book_valuer_per_share": null,
            "book_valuer_per_share_4q_avg": 0,
            "equity": null,
            "current_ratio": null,
            "debt_ratio": null,
            "inventory_turnover_ratio": null,
            "account_receivable_turnover_ratio": null,
            "reinvestment_rate": null,
            "research_to_sale_ratio": null,
            "price_fair": 0,
            "eps_avg_yearly": 0,
            "eps_latest_yearly": 0,
            "eps_growth_yearly": 0
        },
        "20111": {
            "year_quarter": 20111,
            "year": 2011,
            "quarter": 1,
            "eps": null,
            "eps_growth_year": null,
            "eps_4q": null,
            "eps_4q_growth_year": null,
            "roe": null,
            "roe_4q": 0,
            "gross_profit": null,
            "gross_margin": null,
            "gross_margin_4q_avg": 0,
            "net_income": null,
            "net_income_4q": null,
            "revenue": null,
            "revenue_4q": null,
            "common_shares": null,
            "book_valuer_per_share": null,
            "book_valuer_per_share_4q_avg": 0,
            "equity": null,
            "current_ratio": null,
            "debt_ratio": null,
            "inventory_turnover_ratio": null,
            "account_receivable_turnover_ratio": null,
            "reinvestment_rate": null,
            "research_to_sale_ratio": null,
            "price_fair": 0,
            "eps_avg_yearly": 0,
            "eps_latest_yearly": 0,
            "eps_growth_yearly": 0
        },
        "20112": {
            "year_quarter": 20112,
            "year": 2011,
            "quarter": 2,
            "eps": null,
            "eps_growth_year": null,
            "eps_4q": null,
            "eps_4q_growth_year": null,
            "roe": null,
            "roe_4q": 0,
            "gross_profit": null,
            "gross_margin": null,
            "gross_margin_4q_avg": 0,
            "net_income": null,
            "net_income_4q": null,
            "revenue": null,
            "revenue_4q": null,
            "common_shares": null,
            "book_valuer_per_share": null,
            "book_valuer_per_share_4q_avg": 0,
            "equity": null,
            "current_ratio": null,
            "debt_ratio": null,
            "inventory_turnover_ratio": null,
            "account_receivable_turnover_ratio": null,
            "reinvestment_rate": null,
            "research_to_sale_ratio": null,
            "price_fair": 0,
            "eps_avg_yearly": 0,
            "eps_latest_yearly": 0,
            "eps_growth_yearly": 0
        },
        "20113": {
            "year_quarter": 20113,
            "year": 2011,
            "quarter": 3,
            "eps": null,
            "eps_growth_year": null,
            "eps_4q": null,
            "eps_4q_growth_year": null,
            "roe": null,
            "roe_4q": 0,
            "gross_profit": null,
            "gross_margin": null,
            "gross_margin_4q_avg": 0,
            "net_income": null,
            "net_income_4q": null,
            "revenue": null,
            "revenue_4q": null,
            "common_shares": null,
            "book_valuer_per_share": null,
            "book_valuer_per_share_4q_avg": 0,
            "equity": null,
            "current_ratio": null,
            "debt_ratio": null,
            "inventory_turnover_ratio": null,
            "account_receivable_turnover_ratio": null,
            "reinvestment_rate": null,
            "research_to_sale_ratio": null,
            "price_fair": 0,
            "eps_avg_yearly": 0,
            "eps_latest_yearly": 0,
            "eps_growth_yearly": 0
        },
        "20114": {
            "year_quarter": 20114,
            "year": 2011,
            "quarter": 4,
            "eps": null,
            "eps_growth_year": null,
            "eps_4q": null,
            "eps_4q_growth_year": null,
            "roe": null,
            "roe_4q": 0,
            "gross_profit": null,
            "gross_margin": null,
            "gross_margin_4q_avg": 0,
            "net_income": null,
            "net_income_4q": null,
            "revenue": null,
            "revenue_4q": null,
            "common_shares": 114180,
            "book_valuer_per_share": 13.8,
            "book_valuer_per_share_4q_avg": 3.45,
            "equity": 157613,
            "current_ratio": 303.54,
            "debt_ratio": 34.73,
            "inventory_turnover_ratio": null,
            "account_receivable_turnover_ratio": null,
            "reinvestment_rate": null,
            "research_to_sale_ratio": null,
            "price_fair": 0,
            "eps_avg_yearly": 0,
            "eps_latest_yearly": 0,
            "eps_growth_yearly": 0
        },
        "20121": {
            "year_quarter": 20121,
            "year": 2012,
            "quarter": 1,
            "eps": null,
            "eps_growth_year": null,
            "eps_4q": null,
            "eps_4q_growth_year": null,
            "roe": null,
            "roe_4q": 0,
            "gross_profit": null,
            "gross_margin": null,
            "gross_margin_4q_avg": 0,
            "net_income": null,
            "net_income_4q": null,
            "revenue": null,
            "revenue_4q": null,
            "common_shares": null,
            "book_valuer_per_share": null,
            "book_valuer_per_share_4q_avg": 3.45,
            "equity": null,
            "current_ratio": null,
            "debt_ratio": null,
            "inventory_turnover_ratio": null,
            "account_receivable_turnover_ratio": null,
            "reinvestment_rate": null,
            "research_to_sale_ratio": null,
            "price_fair": 0,
            "eps_avg_yearly": 0,
            "eps_latest_yearly": 0,
            "eps_growth_yearly": 0
        },
        "20122": {
            "year_quarter": 20122,
            "year": 2012,
            "quarter": 2,
            "eps": null,
            "eps_growth_year": null,
            "eps_4q": null,
            "eps_4q_growth_year": null,
            "roe": null,
            "roe_4q": 0,
            "gross_profit": null,
            "gross_margin": null,
            "gross_margin_4q_avg": 0,
            "net_income": null,
            "net_income_4q": null,
            "revenue": null,
            "revenue_4q": null,
            "common_shares": null,
            "book_valuer_per_share": null,
            "book_valuer_per_share_4q_avg": 3.45,
            "equity": null,
            "current_ratio": null,
            "debt_ratio": null,
            "inventory_turnover_ratio": null,
            "account_receivable_turnover_ratio": null,
            "reinvestment_rate": null,
            "research_to_sale_ratio": null,
            "price_fair": 0,
            "eps_avg_yearly": 0,
            "eps_latest_yearly": 0,
            "eps_growth_yearly": 0
        },
        "20123": {
            "year_quarter": 20123,
            "year": 2012,
            "quarter": 3,
            "eps": null,
            "eps_growth_year": null,
            "eps_4q": null,
            "eps_4q_growth_year": null,
            "roe": null,
            "roe_4q": 0,
            "gross_profit": null,
            "gross_margin": null,
            "gross_margin_4q_avg": 0,
            "net_income": null,
            "net_income_4q": null,
            "revenue": null,
            "revenue_4q": null,
            "common_shares": null,
            "book_valuer_per_share": null,
            "book_valuer_per_share_4q_avg": 3.45,
            "equity": null,
            "current_ratio": null,
            "debt_ratio": null,
            "inventory_turnover_ratio": null,
            "account_receivable_turnover_ratio": null,
            "reinvestment_rate": null,
            "research_to_sale_ratio": null,
            "price_fair": 0,
            "eps_avg_yearly": 0,
            "eps_latest_yearly": 0,
            "eps_growth_yearly": 0
        },
        "20124": {
            "year_quarter": 20124,
            "year": 2012,
            "quarter": 4,
            "eps": null,
            "eps_growth_year": null,
            "eps_4q": null,
            "eps_4q_growth_year": null,
            "roe": null,
            "roe_4q": 0,
            "gross_profit": null,
            "gross_margin": null,
            "gross_margin_4q_avg": 0,
            "net_income": null,
            "net_income_4q": null,
            "revenue": null,
            "revenue_4q": null,
            "common_shares": 420000,
            "book_valuer_per_share": 18.3,
            "book_valuer_per_share_4q_avg": 4.58,
            "equity": 768432,
            "current_ratio": 189.66,
            "debt_ratio": 40.36,
            "inventory_turnover_ratio": null,
            "account_receivable_turnover_ratio": null,
            "reinvestment_rate": null,
            "research_to_sale_ratio": null,
            "price_fair": 0,
            "eps_avg_yearly": 0,
            "eps_latest_yearly": 0,
            "eps_growth_yearly": 0
        },
        "20131": {
            "year_quarter": 20131,
            "year": 2013,
            "quarter": 1,
            "eps": null,
            "eps_growth_year": null,
            "eps_4q": null,
            "eps_4q_growth_year": null,
            "roe": null,
            "roe_4q": 0,
            "gross_profit": null,
            "gross_margin": null,
            "gross_margin_4q_avg": 0,
            "net_income": null,
            "net_income_4q": null,
            "revenue": null,
            "revenue_4q": null,
            "common_shares": null,
            "book_valuer_per_share": null,
            "book_valuer_per_share_4q_avg": 4.58,
            "equity": null,
            "current_ratio": null,
            "debt_ratio": null,
            "inventory_turnover_ratio": null,
            "account_receivable_turnover_ratio": null,
            "reinvestment_rate": null,
            "research_to_sale_ratio": null,
            "price_fair": 0,
            "eps_avg_yearly": 0,
            "eps_latest_yearly": 0,
            "eps_growth_yearly": 0
        },
        "20132": {
            "year_quarter": 20132,
            "year": 2013,
            "quarter": 2,
            "eps": null,
            "eps_growth_year": null,
            "eps_4q": null,
            "eps_4q_growth_year": null,
            "roe": null,
            "roe_4q": 0,
            "gross_profit": null,
            "gross_margin": null,
            "gross_margin_4q_avg": 0,
            "net_income": null,
            "net_income_4q": null,
            "revenue": null,
            "revenue_4q": null,
            "common_shares": null,
            "book_valuer_per_share": null,
            "book_valuer_per_share_4q_avg": 4.58,
            "equity": null,
            "current_ratio": null,
            "debt_ratio": null,
            "inventory_turnover_ratio": null,
            "account_receivable_turnover_ratio": null,
            "reinvestment_rate": null,
            "research_to_sale_ratio": null,
            "price_fair": 0,
            "eps_avg_yearly": 0,
            "eps_latest_yearly": 0,
            "eps_growth_yearly": 0
        },
        "20133": {
            "year_quarter": 20133,
            "year": 2013,
            "quarter": 3,
            "eps": null,
            "eps_growth_year": null,
            "eps_4q": null,
            "eps_4q_growth_year": null,
            "roe": null,
            "roe_4q": 0,
            "gross_profit": null,
            "gross_margin": null,
            "gross_margin_4q_avg": 0,
            "net_income": null,
            "net_income_4q": null,
            "revenue": null,
            "revenue_4q": null,
            "common_shares": null,
            "book_valuer_per_share": null,
            "book_valuer_per_share_4q_avg": 4.58,
            "equity": null,
            "current_ratio": null,
            "debt_ratio": null,
            "inventory_turnover_ratio": null,
            "account_receivable_turnover_ratio": null,
            "reinvestment_rate": null,
            "research_to_sale_ratio": null,
            "price_fair": 0,
            "eps_avg_yearly": 0,
            "eps_latest_yearly": 0,
            "eps_growth_yearly": 0
        },
        "20134": {
            "year_quarter": 20134,
            "year": 2013,
            "quarter": 4,
            "eps": null,
            "eps_growth_year": null,
            "eps_4q": null,
            "eps_4q_growth_year": null,
            "roe": null,
            "roe_4q": 0,
            "gross_profit": null,
            "gross_margin": null,
            "gross_margin_4q_avg": 0,
            "net_income": null,
            "net_income_4q": null,
            "revenue": null,
            "revenue_4q": null,
            "common_shares": 420000,
            "book_valuer_per_share": null,
            "book_valuer_per_share_4q_avg": 0,
            "equity": 837204,
            "current_ratio": null,
            "debt_ratio": null,
            "inventory_turnover_ratio": null,
            "account_receivable_turnover_ratio": null,
            "reinvestment_rate": null,
            "research_to_sale_ratio": null,
            "price_fair": 0,
            "eps_avg_yearly": 0,
            "eps_latest_yearly": 0,
            "eps_growth_yearly": 0
        },
        "20141": {
            "year_quarter": 20141,
            "year": 2014,
            "quarter": 1,
            "eps": null,
            "eps_growth_year": null,
            "eps_4q": null,
            "eps_4q_growth_year": null,
            "roe": null,
            "roe_4q": 0,
            "gross_profit": null,
            "gross_margin": null,
            "gross_margin_4q_avg": 0,
            "net_income": null,
            "net_income_4q": null,
            "revenue": null,
            "revenue_4q": null,
            "common_shares": null,
            "book_valuer_per_share": null,
            "book_valuer_per_share_4q_avg": 0,
            "equity": null,
            "current_ratio": null,
            "debt_ratio": null,
            "inventory_turnover_ratio": null,
            "account_receivable_turnover_ratio": null,
            "reinvestment_rate": null,
            "research_to_sale_ratio": null,
            "price_fair": 0,
            "eps_avg_yearly": 0,
            "eps_latest_yearly": 0,
            "eps_growth_yearly": 0
        },
        "20142": {
            "year_quarter": 20142,
            "year": 2014,
            "quarter": 2,
            "eps": null,
            "eps_growth_year": null,
            "eps_4q": null,
            "eps_4q_growth_year": null,
            "roe": null,
            "roe_4q": 0,
            "gross_profit": null,
            "gross_margin": null,
            "gross_margin_4q_avg": 0,
            "net_income": null,
            "net_income_4q": null,
            "revenue": null,
            "revenue_4q": null,
            "common_shares": 420000,
            "book_valuer_per_share": null,
            "book_valuer_per_share_4q_avg": 0,
            "equity": 754052,
            "current_ratio": null,
            "debt_ratio": null,
            "inventory_turnover_ratio": null,
            "account_receivable_turnover_ratio": null,
            "reinvestment_rate": null,
            "research_to_sale_ratio": null,
            "price_fair": 0,
            "eps_avg_yearly": 0,
            "eps_latest_yearly": 0,
            "eps_growth_yearly": 0
        },
        "20143": {
            "year_quarter": 20143,
            "year": 2014,
            "quarter": 3,
            "eps": null,
            "eps_growth_year": null,
            "eps_4q": null,
            "eps_4q_growth_year": null,
            "roe": null,
            "roe_4q": 0,
            "gross_profit": null,
            "gross_margin": null,
            "gross_margin_4q_avg": 0,
            "net_income": null,
            "net_income_4q": null,
            "revenue": null,
            "revenue_4q": null,
            "common_shares": null,
            "book_valuer_per_share": null,
            "book_valuer_per_share_4q_avg": 0,
            "equity": null,
            "current_ratio": null,
            "debt_ratio": null,
            "inventory_turnover_ratio": null,
            "account_receivable_turnover_ratio": null,
            "reinvestment_rate": null,
            "research_to_sale_ratio": null,
            "price_fair": 0,
            "eps_avg_yearly": 0,
            "eps_latest_yearly": 0,
            "eps_growth_yearly": 0
        },
        "20144": {
            "year_quarter": 20144,
            "year": 2014,
            "quarter": 4,
            "eps": null,
            "eps_growth_year": null,
            "eps_4q": null,
            "eps_4q_growth_year": null,
            "roe": null,
            "roe_4q": 0,
            "gross_profit": null,
            "gross_margin": null,
            "gross_margin_4q_avg": 0,
            "net_income": null,
            "net_income_4q": null,
            "revenue": null,
            "revenue_4q": null,
            "common_shares": 420000,
            "book_valuer_per_share": 21.08,
            "book_valuer_per_share_4q_avg": 5.27,
            "equity": 885530,
            "current_ratio": 166.54,
            "debt_ratio": 51.24,
            "inventory_turnover_ratio": null,
            "account_receivable_turnover_ratio": null,
            "reinvestment_rate": null,
            "research_to_sale_ratio": null,
            "price_fair": 0,
            "eps_avg_yearly": 0,
            "eps_latest_yearly": 0,
            "eps_growth_yearly": 0
        },
        "20151": {
            "year_quarter": 20151,
            "year": 2015,
            "quarter": 1,
            "eps": null,
            "eps_growth_year": null,
            "eps_4q": null,
            "eps_4q_growth_year": null,
            "roe": null,
            "roe_4q": 0,
            "gross_profit": 191547,
            "gross_margin": null,
            "gross_margin_4q_avg": 0,
            "net_income": 43760,
            "net_income_4q": null,
            "revenue": 563313,
            "revenue_4q": null,
            "common_shares": 420000,
            "book_valuer_per_share": 22.13,
            "book_valuer_per_share_4q_avg": 10.8,
            "equity": 929289,
            "current_ratio": 188.95,
            "debt_ratio": 45.05,
            "inventory_turnover_ratio": null,
            "account_receivable_turnover_ratio": null,
            "reinvestment_rate": null,
            "research_to_sale_ratio": null,
            "price_fair": 0,
            "eps_avg_yearly": 0,
            "eps_latest_yearly": 0,
            "eps_growth_yearly": 0
        },
        "20152": {
            "year_quarter": 20152,
            "year": 2015,
            "quarter": 2,
            "eps": 0.22,
            "eps_growth_year": null,
            "eps_4q": null,
            "eps_4q_growth_year": null,
            "roe": 1.07,
            "roe_4q": 1.07,
            "gross_profit": 145037,
            "gross_margin": 35.48,
            "gross_margin_4q_avg": 8.87,
            "net_income": 9096,
            "net_income_4q": null,
            "revenue": 408746,
            "revenue_4q": null,
            "common_shares": 420000,
            "book_valuer_per_share": 18.33,
            "book_valuer_per_share_4q_avg": 15.39,
            "equity": 770068,
            "current_ratio": 148.94,
            "debt_ratio": 56.51,
            "inventory_turnover_ratio": 0.83,
            "account_receivable_turnover_ratio": 2.42,
            "reinvestment_rate": null,
            "research_to_sale_ratio": null,
            "price_fair": 0,
            "eps_avg_yearly": 0,
            "eps_latest_yearly": 0,
            "eps_growth_yearly": 0
        },
        "20153": {
            "year_quarter": 20153,
            "year": 2015,
            "quarter": 3,
            "eps": null,
            "eps_growth_year": null,
            "eps_4q": null,
            "eps_4q_growth_year": null,
            "roe": null,
            "roe_4q": 1.07,
            "gross_profit": 140998,
            "gross_margin": null,
            "gross_margin_4q_avg": 8.87,
            "net_income": 9129,
            "net_income_4q": null,
            "revenue": 370727,
            "revenue_4q": null,
            "common_shares": 420000,
            "book_valuer_per_share": 18.57,
            "book_valuer_per_share_4q_avg": 20.03,
            "equity": 779807,
            "current_ratio": 152.13,
            "debt_ratio": 55.62,
            "inventory_turnover_ratio": null,
            "account_receivable_turnover_ratio": null,
            "reinvestment_rate": null,
            "research_to_sale_ratio": null,
            "price_fair": 0,
            "eps_avg_yearly": 0,
            "eps_latest_yearly": 0,
            "eps_growth_yearly": 0
        },
        "20154": {
            "year_quarter": 20154,
            "year": 2015,
            "quarter": 4,
            "eps": null,
            "eps_growth_year": null,
            "eps_4q": null,
            "eps_4q_growth_year": null,
            "roe": null,
            "roe_4q": 1.07,
            "gross_profit": 246341,
            "gross_margin": null,
            "gross_margin_4q_avg": 8.87,
            "net_income": 88961,
            "net_income_4q": null,
            "revenue": 814456,
            "revenue_4q": null,
            "common_shares": 420000,
            "book_valuer_per_share": 20.58,
            "book_valuer_per_share_4q_avg": 19.9,
            "equity": 864488,
            "current_ratio": 155.78,
            "debt_ratio": 54.66,
            "inventory_turnover_ratio": null,
            "account_receivable_turnover_ratio": null,
            "reinvestment_rate": null,
            "research_to_sale_ratio": null,
            "price_fair": 0,
            "eps_avg_yearly": 0,
            "eps_latest_yearly": 0,
            "eps_growth_yearly": 0
        },
        "20161": {
            "year_quarter": 20161,
            "year": 2016,
            "quarter": 1,
            "eps": 0.58,
            "eps_growth_year": null,
            "eps_4q": 0.8,
            "eps_4q_growth_year": null,
            "roe": 2.79,
            "roe_4q": 3.8600000000000003,
            "gross_profit": 158321,
            "gross_margin": 35.37,
            "gross_margin_4q_avg": 17.71,
            "net_income": 24417,
            "net_income_4q": null,
            "revenue": 447618,
            "revenue_4q": null,
            "common_shares": 420000,
            "book_valuer_per_share": 21.16,
            "book_valuer_per_share_4q_avg": 19.66,
            "equity": 888826,
            "current_ratio": 163,
            "debt_ratio": 50.87,
            "inventory_turnover_ratio": 0.91,
            "account_receivable_turnover_ratio": 1.21,
            "reinvestment_rate": null,
            "research_to_sale_ratio": null,
            "price_fair": 0,
            "eps_avg_yearly": 0,
            "eps_latest_yearly": 0,
            "eps_growth_yearly": 0
        },
        "20162": {
            "year_quarter": 20162,
            "year": 2016,
            "quarter": 2,
            "eps": 0.77,
            "eps_growth_year": 255.54,
            "eps_4q": 1.35,
            "eps_4q_growth_year": null,
            "roe": 3.83,
            "roe_4q": 6.62,
            "gross_profit": 162549,
            "gross_margin": 40.78,
            "gross_margin_4q_avg": 19.04,
            "net_income": 32216,
            "net_income_4q": null,
            "revenue": 398634,
            "revenue_4q": null,
            "common_shares": 420000,
            "book_valuer_per_share": 18.92,
            "book_valuer_per_share_4q_avg": 19.81,
            "equity": 794683,
            "current_ratio": 139.61,
            "debt_ratio": 60,
            "inventory_turnover_ratio": 0.61,
            "account_receivable_turnover_ratio": 1.47,
            "reinvestment_rate": null,
            "research_to_sale_ratio": null,
            "price_fair": 107.8,
            "eps_avg_yearly": 3.08,
            "eps_latest_yearly": 3.08,
            "eps_growth_yearly": 131.03
        },
        "20163": {
            "year_quarter": 20163,
            "year": 2016,
            "quarter": 3,
            "eps": 0.73,
            "eps_growth_year": null,
            "eps_4q": 1.89,
            "eps_4q_growth_year": null,
            "roe": 3.49,
            "roe_4q": 10.11,
            "gross_profit": 164301,
            "gross_margin": 37.06,
            "gross_margin_4q_avg": 28.3,
            "net_income": 30705,
            "net_income_4q": null,
            "revenue": 443320,
            "revenue_4q": null,
            "common_shares": 461800,
            "book_valuer_per_share": 20.89,
            "book_valuer_per_share_4q_avg": 20.39,
            "equity": 964808,
            "current_ratio": 165.02,
            "debt_ratio": 50.91,
            "inventory_turnover_ratio": 0.62,
            "account_receivable_turnover_ratio": 1.46,
            "reinvestment_rate": null,
            "research_to_sale_ratio": null,
            "price_fair": 105,
            "eps_avg_yearly": 3,
            "eps_latest_yearly": 2.92,
            "eps_growth_yearly": 55.13
        },
        "20164": {
            "year_quarter": 20164,
            "year": 2016,
            "quarter": 4,
            "eps": 1.58,
            "eps_growth_year": null,
            "eps_4q": 3.47,
            "eps_4q_growth_year": null,
            "roe": 7.29,
            "roe_4q": 17.400000000000002,
            "gross_profit": 220304,
            "gross_margin": 35.69,
            "gross_margin_4q_avg": 37.23,
            "net_income": 73014,
            "net_income_4q": null,
            "revenue": 617307,
            "revenue_4q": null,
            "common_shares": 461800,
            "book_valuer_per_share": 22.47,
            "book_valuer_per_share_4q_avg": 20.86,
            "equity": 1037895,
            "current_ratio": 177.41,
            "debt_ratio": 47.9,
            "inventory_turnover_ratio": 0.95,
            "account_receivable_turnover_ratio": 1.82,
            "reinvestment_rate": null,
            "research_to_sale_ratio": null,
            "price_fair": 143.73,
            "eps_avg_yearly": 4.11,
            "eps_latest_yearly": 6.32,
            "eps_growth_yearly": 192
        },
        "20171": {
            "year_quarter": 20171,
            "year": 2017,
            "quarter": 1,
            "eps": 0.76,
            "eps_growth_year": 31.03,
            "eps_4q": 3.7,
            "eps_4q_growth_year": 363.92,
            "roe": 3.32,
            "roe_4q": 17.93,
            "gross_profit": 165034,
            "gross_margin": 32.32,
            "gross_margin_4q_avg": 36.46,
            "net_income": 35013,
            "net_income_4q": null,
            "revenue": 510638,
            "revenue_4q": null,
            "common_shares": 461800,
            "book_valuer_per_share": 23.22,
            "book_valuer_per_share_4q_avg": 21.38,
            "equity": 1072320,
            "current_ratio": 201.48,
            "debt_ratio": 42.65,
            "inventory_turnover_ratio": 1.03,
            "account_receivable_turnover_ratio": 1.69,
            "reinvestment_rate": null,
            "research_to_sale_ratio": null,
            "price_fair": 134.4,
            "eps_avg_yearly": 3.84,
            "eps_latest_yearly": 3.04,
            "eps_growth_yearly": 92.1
        },
        "20172": {
            "year_quarter": 20172,
            "year": 2017,
            "quarter": 2,
            "eps": 0.63,
            "eps_growth_year": -18.18,
            "eps_4q": 3.63,
            "eps_4q_growth_year": 169.37,
            "roe": 2.88,
            "roe_4q": 16.979999999999997,
            "gross_profit": 150839,
            "gross_margin": 43.7,
            "gross_margin_4q_avg": 37.19,
            "net_income": 29004,
            "net_income_4q": null,
            "revenue": 345179,
            "revenue_4q": null,
            "common_shares": 461800,
            "book_valuer_per_share": 20.35,
            "book_valuer_per_share_4q_avg": 21.73,
            "equity": 939933,
            "current_ratio": 162.12,
            "debt_ratio": 52.37,
            "inventory_turnover_ratio": 0.73,
            "account_receivable_turnover_ratio": 1.42,
            "reinvestment_rate": null,
            "research_to_sale_ratio": null,
            "price_fair": 125.16,
            "eps_avg_yearly": 3.58,
            "eps_latest_yearly": 2.52,
            "eps_growth_yearly": 60
        },
        "20173": {
            "year_quarter": 20173,
            "year": 2017,
            "quarter": 3,
            "eps": 0.75,
            "eps_growth_year": 2.74,
            "eps_4q": 3.71,
            "eps_4q_growth_year": 96.42,
            "roe": 3.61,
            "roe_4q": 17.1,
            "gross_profit": 166552,
            "gross_margin": 36.76,
            "gross_margin_4q_avg": 37.12,
            "net_income": 34516,
            "net_income_4q": null,
            "revenue": 453044,
            "revenue_4q": null,
            "common_shares": 461800,
            "book_valuer_per_share": 21.11,
            "book_valuer_per_share_4q_avg": 21.79,
            "equity": 974798,
            "current_ratio": 181.72,
            "debt_ratio": 46.46,
            "inventory_turnover_ratio": 1.17,
            "account_receivable_turnover_ratio": 1.78,
            "reinvestment_rate": null,
            "research_to_sale_ratio": null,
            "price_fair": 121.8,
            "eps_avg_yearly": 3.48,
            "eps_latest_yearly": 3,
            "eps_growth_yearly": 62.7
        },
        "20174": {
            "year_quarter": 20174,
            "year": 2017,
            "quarter": 4,
            "eps": 1.48,
            "eps_growth_year": -6.68,
            "eps_4q": 3.61,
            "eps_4q_growth_year": 3.94,
            "roe": 6.75,
            "roe_4q": 16.56,
            "gross_profit": 202000,
            "gross_margin": 41.5,
            "gross_margin_4q_avg": 38.57,
            "net_income": 68133,
            "net_income_4q": null,
            "revenue": 486694,
            "revenue_4q": null,
            "common_shares": 461800,
            "book_valuer_per_share": 22.62,
            "book_valuer_per_share_4q_avg": 21.83,
            "equity": 1044629,
            "current_ratio": 192.98,
            "debt_ratio": 44.46,
            "inventory_turnover_ratio": 1.32,
            "account_receivable_turnover_ratio": 1.89,
            "reinvestment_rate": null,
            "research_to_sale_ratio": null,
            "price_fair": 134,
            "eps_avg_yearly": 3.83,
            "eps_latest_yearly": 5.92,
            "eps_growth_yearly": 109.36
        },
        "20181": {
            "year_quarter": 20181,
            "year": 2018,
            "quarter": 1,
            "eps": 1.05,
            "eps_growth_year": 38.16,
            "eps_4q": 3.91,
            "eps_4q_growth_year": 5.51,
            "roe": 4.56,
            "roe_4q": 17.799999999999997,
            "gross_profit": 170793,
            "gross_margin": 42.5,
            "gross_margin_4q_avg": 41.12,
            "net_income": 48718,
            "net_income_4q": null,
            "revenue": 401854,
            "revenue_4q": null,
            "common_shares": 461800,
            "book_valuer_per_share": 23.68,
            "book_valuer_per_share_4q_avg": 21.94,
            "equity": 1093573,
            "current_ratio": 192.28,
            "debt_ratio": 45.15,
            "inventory_turnover_ratio": 0.9,
            "account_receivable_turnover_ratio": 1.36,
            "reinvestment_rate": null,
            "research_to_sale_ratio": null,
            "price_fair": 135.63,
            "eps_avg_yearly": 3.88,
            "eps_latest_yearly": 4.2,
            "eps_growth_yearly": 81.16
        },
        "20182": {
            "year_quarter": 20182,
            "year": 2018,
            "quarter": 2,
            "eps": 0.68,
            "eps_growth_year": 7.94,
            "eps_4q": 3.96,
            "eps_4q_growth_year": 9.01,
            "roe": 3.04,
            "roe_4q": 17.96,
            "gross_profit": 152368,
            "gross_margin": 45.91,
            "gross_margin_4q_avg": 41.67,
            "net_income": 31488,
            "net_income_4q": null,
            "revenue": 331902,
            "revenue_4q": null,
            "common_shares": 461800,
            "book_valuer_per_share": 21.16,
            "book_valuer_per_share_4q_avg": 22.14,
            "equity": 977058,
            "current_ratio": 163.24,
            "debt_ratio": 54.04,
            "inventory_turnover_ratio": 0.56,
            "account_receivable_turnover_ratio": 0.98,
            "reinvestment_rate": null,
            "research_to_sale_ratio": null,
            "price_fair": 131.13,
            "eps_avg_yearly": 3.75,
            "eps_latest_yearly": 2.72,
            "eps_growth_yearly": 56.48
        },
        "20183": {
            "year_quarter": 20183,
            "year": 2018,
            "quarter": 3,
            "eps": 1.02,
            "eps_growth_year": 36,
            "eps_4q": 5.23,
            "eps_4q_growth_year": 40.79,
            "roe": 4.71,
            "roe_4q": 19.06,
            "gross_profit": 162247,
            "gross_margin": 47.74,
            "gross_margin_4q_avg": 44.41,
            "net_income": 44876,
            "net_income_4q": null,
            "revenue": 339823,
            "revenue_4q": null,
            "common_shares": 369440,
            "book_valuer_per_share": 25.16,
            "book_valuer_per_share_4q_avg": 23.16,
            "equity": 929574,
            "current_ratio": 159.12,
            "debt_ratio": 53.88,
            "inventory_turnover_ratio": 0.43,
            "account_receivable_turnover_ratio": 1.08,
            "reinvestment_rate": null,
            "research_to_sale_ratio": null,
            "price_fair": 132.3,
            "eps_avg_yearly": 3.78,
            "eps_latest_yearly": 4.08,
            "eps_growth_yearly": 70.83
        },
        "20184": {
            "year_quarter": 20184,
            "year": 2018,
            "quarter": 4,
            "eps": 1.98,
            "eps_growth_year": 34.21,
            "eps_4q": 5.37,
            "eps_4q_growth_year": 48.68,
            "roe": 7.57,
            "roe_4q": 19.88,
            "gross_profit": 224239,
            "gross_margin": 34.3,
            "gross_margin_4q_avg": 42.61,
            "net_income": 73152,
            "net_income_4q": null,
            "revenue": 653691,
            "revenue_4q": null,
            "common_shares": 369440,
            "book_valuer_per_share": 27.13,
            "book_valuer_per_share_4q_avg": 24.28,
            "equity": 1002248,
            "current_ratio": 156.3,
            "debt_ratio": 55.71,
            "inventory_turnover_ratio": 1.01,
            "account_receivable_turnover_ratio": 1.5,
            "reinvestment_rate": -0.93,
            "research_to_sale_ratio": null,
            "price_fair": 145.47,
            "eps_avg_yearly": 4.16,
            "eps_latest_yearly": 7.92,
            "eps_growth_yearly": 98.62
        },
        "20191": {
            "year_quarter": 20191,
            "year": 2019,
            "quarter": 1,
            "eps": 1.43,
            "eps_growth_year": 36.19,
            "eps_4q": 5.48,
            "eps_4q_growth_year": 40.35,
            "roe": 5.15,
            "roe_4q": 20.47,
            "gross_profit": 181414,
            "gross_margin": 43.53,
            "gross_margin_4q_avg": 42.87,
            "net_income": 53003,
            "net_income_4q": null,
            "revenue": 416748,
            "revenue_4q": null,
            "common_shares": 369440,
            "book_valuer_per_share": 28.56,
            "book_valuer_per_share_4q_avg": 25.5,
            "equity": 1055251,
            "current_ratio": 167.35,
            "debt_ratio": 52.26,
            "inventory_turnover_ratio": 0.66,
            "account_receivable_turnover_ratio": 0.89,
            "reinvestment_rate": -0.65,
            "research_to_sale_ratio": null,
            "price_fair": 150.03,
            "eps_avg_yearly": 4.29,
            "eps_latest_yearly": 5.72,
            "eps_growth_yearly": 81.14
        },
        "20192": {
            "year_quarter": 20192,
            "year": 2019,
            "quarter": 2,
            "eps": 2.07,
            "eps_growth_year": 204.41,
            "eps_4q": 6.7,
            "eps_4q_growth_year": 69.24,
            "roe": 7.62,
            "roe_4q": 25.05,
            "gross_profit": 218088,
            "gross_margin": 40.57,
            "gross_margin_4q_avg": 41.54,
            "net_income": 76534,
            "net_income_4q": null,
            "revenue": 537570,
            "revenue_4q": null,
            "common_shares": 369440,
            "book_valuer_per_share": 25.84,
            "book_valuer_per_share_4q_avg": 26.67,
            "equity": 954454,
            "current_ratio": 156.42,
            "debt_ratio": 55.03,
            "inventory_turnover_ratio": 0.98,
            "account_receivable_turnover_ratio": 1.42,
            "reinvestment_rate": -0.37,
            "research_to_sale_ratio": null,
            "price_fair": 160.78,
            "eps_avg_yearly": 4.59,
            "eps_latest_yearly": 8.28,
            "eps_growth_yearly": 88.67
        },
        "20193": {
            "year_quarter": 20193,
            "year": 2019,
            "quarter": 3,
            "eps": 1.55,
            "eps_growth_year": 51.96,
            "eps_4q": 7.04,
            "eps_4q_growth_year": 34.57,
            "roe": 5.83,
            "roe_4q": 26.17,
            "gross_profit": 186102,
            "gross_margin": 42.97,
            "gross_margin_4q_avg": 40.34,
            "net_income": 57317,
            "net_income_4q": null,
            "revenue": 433115,
            "revenue_4q": null,
            "common_shares": 369440,
            "book_valuer_per_share": 27.39,
            "book_valuer_per_share_4q_avg": 27.23,
            "equity": 1011771,
            "current_ratio": 178.37,
            "debt_ratio": 48.38,
            "inventory_turnover_ratio": 0.91,
            "account_receivable_turnover_ratio": 1.22,
            "reinvestment_rate": -0.08,
            "research_to_sale_ratio": null,
            "price_fair": 164.8,
            "eps_avg_yearly": 4.71,
            "eps_latest_yearly": 6.2,
            "eps_growth_yearly": 75.16
        },
        "20194": {
            "year_quarter": 20194,
            "year": 2019,
            "quarter": 4,
            "eps": 1.45,
            "eps_growth_year": -26.61,
            "eps_4q": 6.51,
            "eps_4q_growth_year": 21.34,
            "roe": 5.11,
            "roe_4q": 23.71,
            "gross_profit": 220842,
            "gross_margin": 38.55,
            "gross_margin_4q_avg": 41.41,
            "net_income": 53689,
            "net_income_4q": null,
            "revenue": 572812,
            "revenue_4q": null,
            "common_shares": 369440,
            "book_valuer_per_share": 29.47,
            "book_valuer_per_share_4q_avg": 27.82,
            "equity": 1088875,
            "current_ratio": 232.3,
            "debt_ratio": 59.62,
            "inventory_turnover_ratio": 1.77,
            "account_receivable_turnover_ratio": 1.59,
            "reinvestment_rate": -0.44,
            "research_to_sale_ratio": null,
            "price_fair": 167.35,
            "eps_avg_yearly": 4.78,
            "eps_latest_yearly": 5.8,
            "eps_growth_yearly": 68.43
        },
        "20201": {
            "year_quarter": 20201,
            "year": 2020,
            "quarter": 1,
            "eps": 0.8,
            "eps_growth_year": -44.06,
            "eps_4q": 5.88,
            "eps_4q_growth_year": 7.27,
            "roe": 2.69,
            "roe_4q": 21.25,
            "gross_profit": 158782,
            "gross_margin": 45.51,
            "gross_margin_4q_avg": 41.9,
            "net_income": 29707,
            "net_income_4q": null,
            "revenue": 348861,
            "revenue_4q": null,
            "common_shares": 369440,
            "book_valuer_per_share": 30.28,
            "book_valuer_per_share_4q_avg": 28.25,
            "equity": 1118582,
            "current_ratio": 248.69,
            "debt_ratio": 57.55,
            "inventory_turnover_ratio": 1.02,
            "account_receivable_turnover_ratio": 1.02,
            "reinvestment_rate": -0.43,
            "research_to_sale_ratio": null,
            "price_fair": 163.89,
            "eps_avg_yearly": 4.68,
            "eps_latest_yearly": 3.2,
            "eps_growth_yearly": 52.95
        },
        "20202": {
            "year_quarter": 20202,
            "year": 2020,
            "quarter": 2,
            "eps": 1.91,
            "eps_growth_year": -7.73,
            "eps_4q": 5.72,
            "eps_4q_growth_year": -14.67,
            "roe": 6.76,
            "roe_4q": 20.39,
            "gross_profit": 182019,
            "gross_margin": 46.41,
            "gross_margin_4q_avg": 43.36,
            "net_income": 70530,
            "net_income_4q": null,
            "revenue": 392206,
            "revenue_4q": null,
            "common_shares": 369440,
            "book_valuer_per_share": 26.19,
            "book_valuer_per_share_4q_avg": 28.33,
            "equity": 967448,
            "current_ratio": 198.16,
            "debt_ratio": 62.19,
            "inventory_turnover_ratio": 1.11,
            "account_receivable_turnover_ratio": 1.43,
            "reinvestment_rate": 28.36,
            "research_to_sale_ratio": null,
            "price_fair": 173.86,
            "eps_avg_yearly": 4.97,
            "eps_latest_yearly": 7.64,
            "eps_growth_yearly": 79.44
        },
        "20203": {
            "year_quarter": 20203,
            "year": 2020,
            "quarter": 3,
            "eps": 0.35,
            "eps_growth_year": -77.42,
            "eps_4q": 4.52,
            "eps_4q_growth_year": -35.84,
            "roe": 1.32,
            "roe_4q": 15.879999999999999,
            "gross_profit": 142631,
            "gross_margin": 49.77,
            "gross_margin_4q_avg": 45.06,
            "net_income": 12899,
            "net_income_4q": null,
            "revenue": 286591,
            "revenue_4q": null,
            "common_shares": 369440,
            "book_valuer_per_share": 26.54,
            "book_valuer_per_share_4q_avg": 28.12,
            "equity": 980347,
            "current_ratio": 181.4,
            "debt_ratio": 65.05,
            "inventory_turnover_ratio": 0.74,
            "account_receivable_turnover_ratio": 0.81,
            "reinvestment_rate": 28.5,
            "research_to_sale_ratio": null,
            "price_fair": 170.54,
            "eps_avg_yearly": 4.87,
            "eps_latest_yearly": 1.4,
            "eps_growth_yearly": 60.32
        },
        "20204": {
            "year_quarter": 20204,
            "year": 2020,
            "quarter": 4,
            "eps": 3.21,
            "eps_growth_year": 120.94,
            "eps_4q": 6.21,
            "eps_4q_growth_year": -4.62,
            "roe": 11.34,
            "roe_4q": 22.110000000000003,
            "gross_profit": 320740,
            "gross_margin": 38.56,
            "gross_margin_4q_avg": 45.06,
            "net_income": 121107,
            "net_income_4q": null,
            "revenue": 831765,
            "revenue_4q": null,
            "common_shares": 369440,
            "book_valuer_per_share": 30.64,
            "book_valuer_per_share_4q_avg": 28.41,
            "equity": 1155721,
            "current_ratio": 133.14,
            "debt_ratio": 61.04,
            "inventory_turnover_ratio": 2.27,
            "account_receivable_turnover_ratio": 1.72,
            "reinvestment_rate": 27.97,
            "research_to_sale_ratio": null,
            "price_fair": 184.8,
            "eps_avg_yearly": 5.28,
            "eps_latest_yearly": 12.84,
            "eps_growth_yearly": 235.5
        },
        "20211": {
            "year_quarter": 20211,
            "year": 2021,
            "quarter": 1,
            "eps": 0.86,
            "eps_growth_year": 7.5,
            "eps_4q": 6.13,
            "eps_4q_growth_year": 4.31,
            "roe": 2.74,
            "roe_4q": 22.16,
            "gross_profit": 163469,
            "gross_margin": 45.8,
            "gross_margin_4q_avg": 45.14,
            "net_income": 33150,
            "net_income_4q": null,
            "revenue": 356918,
            "revenue_4q": null,
            "common_shares": 377178,
            "book_valuer_per_share": 32.55,
            "book_valuer_per_share_4q_avg": 28.98,
            "equity": 1261493,
            "current_ratio": 147.94,
            "debt_ratio": 54.18,
            "inventory_turnover_ratio": 0.79,
            "account_receivable_turnover_ratio": 0.74,
            "reinvestment_rate": 28.11,
            "research_to_sale_ratio": null,
            "price_fair": 185.68,
            "eps_avg_yearly": 5.31,
            "eps_latest_yearly": 3.44,
            "eps_growth_yearly": 230.17
        },
        "20212": {
            "year_quarter": 20212,
            "year": 2021,
            "quarter": 2,
            "eps": 1.35,
            "eps_growth_year": -29.32,
            "eps_4q": 5.66,
            "eps_4q_growth_year": -0.95,
            "roe": 4.06,
            "roe_4q": 19.46,
            "gross_profit": 185104,
            "gross_margin": 46.3,
            "gross_margin_4q_avg": 45.11,
            "net_income": 52323,
            "net_income_4q": null,
            "revenue": 399822,
            "revenue_4q": null,
            "common_shares": 387509,
            "book_valuer_per_share": 33.9,
            "book_valuer_per_share_4q_avg": 30.91,
            "equity": 1313816,
            "current_ratio": 156.47,
            "debt_ratio": 51.35,
            "inventory_turnover_ratio": 0.73,
            "account_receivable_turnover_ratio": 1.02,
            "reinvestment_rate": 26.64,
            "research_to_sale_ratio": null,
            "price_fair": 191.98,
            "eps_avg_yearly": 5.49,
            "eps_latest_yearly": 5.4,
            "eps_growth_yearly": 248.69
        },
        "20213": {
            "year_quarter": 20213,
            "year": 2021,
            "quarter": 3,
            "eps": 1.54,
            "eps_growth_year": 340,
            "eps_4q": 6.87,
            "eps_4q_growth_year": 52.24,
            "roe": 4.87,
            "roe_4q": 23.009999999999998,
            "gross_profit": 189010,
            "gross_margin": 49.95,
            "gross_margin_4q_avg": 45.15,
            "net_income": 59822,
            "net_income_4q": null,
            "revenue": 378421,
            "revenue_4q": null,
            "common_shares": 387509,
            "book_valuer_per_share": 29.45,
            "book_valuer_per_share_4q_avg": 31.64,
            "equity": 1141132,
            "current_ratio": 143.16,
            "debt_ratio": 55.03,
            "inventory_turnover_ratio": 0.35,
            "account_receivable_turnover_ratio": 1.13,
            "reinvestment_rate": 26.24,
            "research_to_sale_ratio": null,
            "price_fair": 198.89,
            "eps_avg_yearly": 5.68,
            "eps_latest_yearly": 6.16,
            "eps_growth_yearly": 247.45
        },
        "20214": {
            "year_quarter": 20214,
            "year": 2021,
            "quarter": 4,
            "eps": 2.98,
            "eps_growth_year": -7.3,
            "eps_4q": 6.73,
            "eps_4q_growth_year": 8.3,
            "roe": 9.62,
            "roe_4q": 21.29,
            "gross_profit": 310452,
            "gross_margin": 42.52,
            "gross_margin_4q_avg": 46.14,
            "net_income": 115360,
            "net_income_4q": null,
            "revenue": 730173,
            "revenue_4q": null,
            "common_shares": 387509,
            "book_valuer_per_share": 32.43,
            "book_valuer_per_share_4q_avg": 32.08,
            "equity": 1256865,
            "current_ratio": 146.43,
            "debt_ratio": 56.3,
            "inventory_turnover_ratio": 0.6,
            "account_receivable_turnover_ratio": 1.55,
            "reinvestment_rate": 25.14,
            "research_to_sale_ratio": null,
            "price_fair": 212.01,
            "eps_avg_yearly": 6.06,
            "eps_latest_yearly": 11.92,
            "eps_growth_yearly": 246.49
        },
        "20221": {
            "year_quarter": 20221,
            "year": 2022,
            "quarter": 1,
            "eps": 0.62,
            "eps_growth_year": -27.91,
            "eps_4q": 6.39,
            "eps_4q_growth_year": 4.17,
            "roe": 2.08,
            "roe_4q": 20.63,
            "gross_profit": 156290,
            "gross_margin": 45.6,
            "gross_margin_4q_avg": 46.09,
            "net_income": 24188,
            "net_income_4q": null,
            "revenue": 342719,
            "revenue_4q": null,
            "common_shares": 387553,
            "book_valuer_per_share": 27.2,
            "book_valuer_per_share_4q_avg": 30.75,
            "equity": 1071264,
            "current_ratio": 116.25,
            "debt_ratio": 63.76,
            "inventory_turnover_ratio": 0.27,
            "account_receivable_turnover_ratio": 0.65,
            "reinvestment_rate": 52.47,
            "research_to_sale_ratio": null,
            "price_fair": 208.25,
            "eps_avg_yearly": 5.95,
            "eps_latest_yearly": 2.48,
            "eps_growth_yearly": 233.96
        },
        "20222": {
            "year_quarter": 20222,
            "year": 2022,
            "quarter": 2,
            "eps": 1.32,
            "eps_growth_year": -2.22,
            "eps_4q": 6.34,
            "eps_4q_growth_year": 11.92,
            "roe": 4.67,
            "roe_4q": 21.24,
            "gross_profit": 202848,
            "gross_margin": 46.67,
            "gross_margin_4q_avg": 46.19,
            "net_income": 51473,
            "net_income_4q": null,
            "revenue": 434669,
            "revenue_4q": null,
            "common_shares": 393911,
            "book_valuer_per_share": 28.67,
            "book_valuer_per_share_4q_avg": 29.44,
            "equity": 1134648,
            "current_ratio": 120.54,
            "debt_ratio": 59.81,
            "inventory_turnover_ratio": 0.3,
            "account_receivable_turnover_ratio": 1.12,
            "reinvestment_rate": 51.39,
            "research_to_sale_ratio": null,
            "price_fair": 213.85,
            "eps_avg_yearly": 6.11,
            "eps_latest_yearly": 5.28,
            "eps_growth_yearly": 270.99
        },
        "20223": {
            "year_quarter": 20223,
            "year": 2022,
            "quarter": 3,
            "eps": 0.75,
            "eps_growth_year": -51.3,
            "eps_4q": 5.48,
            "eps_4q_growth_year": -20.3,
            "roe": 2.52,
            "roe_4q": 18.89,
            "gross_profit": 176117,
            "gross_margin": 45.59,
            "gross_margin_4q_avg": 45.1,
            "net_income": 29524,
            "net_income_4q": null,
            "revenue": 386335,
            "revenue_4q": null,
            "common_shares": 395702,
            "book_valuer_per_share": 29.95,
            "book_valuer_per_share_4q_avg": 29.56,
            "equity": 1205615,
            "current_ratio": 127.45,
            "debt_ratio": 55.56,
            "inventory_turnover_ratio": 0.25,
            "account_receivable_turnover_ratio": 1.06,
            "reinvestment_rate": 55.2,
            "research_to_sale_ratio": null,
            "price_fair": 211.49,
            "eps_avg_yearly": 6.04,
            "eps_latest_yearly": 3,
            "eps_growth_yearly": 247.7
        },
        "20224": {
            "year_quarter": 20224,
            "year": 2022,
            "quarter": 4,
            "eps": 2.73,
            "eps_growth_year": -8.34,
            "eps_4q": 5.34,
            "eps_4q_growth_year": -20.58,
            "roe": 8.71,
            "roe_4q": 17.98,
            "gross_profit": 315591,
            "gross_margin": 35.68,
            "gross_margin_4q_avg": 43.39,
            "net_income": 109822,
            "net_income_4q": null,
            "revenue": 884479,
            "revenue_4q": null,
            "common_shares": 402499,
            "book_valuer_per_share": 32.69,
            "book_valuer_per_share_4q_avg": 29.63,
            "equity": 1315821,
            "current_ratio": 139.26,
            "debt_ratio": 50.01,
            "inventory_turnover_ratio": 0.73,
            "account_receivable_turnover_ratio": 1.69,
            "reinvestment_rate": 53.7,
            "research_to_sale_ratio": null,
            "price_fair": 218.05,
            "eps_avg_yearly": 6.23,
            "eps_latest_yearly": 10.92,
            "eps_growth_yearly": 290.17
        },
        "20231": {
            "year_quarter": 20231,
            "year": 2023,
            "quarter": 1,
            "eps": 0.73,
            "eps_growth_year": 17.74,
            "eps_4q": 5.47,
            "eps_4q_growth_year": -14.39,
            "roe": 2.34,
            "roe_4q": 18.240000000000002,
            "gross_profit": 178999,
            "gross_margin": 53.77,
            "gross_margin_4q_avg": 45.43,
            "net_income": 29359,
            "net_income_4q": null,
            "revenue": 332876,
            "revenue_4q": null,
            "common_shares": 402532,
            "book_valuer_per_share": 29.7,
            "book_valuer_per_share_4q_avg": 30.25,
            "equity": 1195459,
            "current_ratio": 187.58,
            "debt_ratio": 58.66,
            "inventory_turnover_ratio": 0.23,
            "account_receivable_turnover_ratio": 0.7,
            "reinvestment_rate": 55.35,
            "research_to_sale_ratio": null,
            "price_fair": 211.93,
            "eps_avg_yearly": 6.06,
            "eps_latest_yearly": 2.92,
            "eps_growth_yearly": 278.8
        },
        "20232": {
            "year_quarter": 20232,
            "year": 2023,
            "quarter": 2,
            "eps": 1.77,
            "eps_growth_year": 34.09,
            "eps_4q": 5.78,
            "eps_4q_growth_year": -8.77,
            "roe": 5.65,
            "roe_4q": 19.220000000000002,
            "gross_profit": 205491,
            "gross_margin": 43.47,
            "gross_margin_4q_avg": 44.63,
            "net_income": 71698,
            "net_income_4q": null,
            "revenue": 472751,
            "revenue_4q": null,
            "common_shares": 402532,
            "book_valuer_per_share": 32.32,
            "book_valuer_per_share_4q_avg": 31.17,
            "equity": 1343409,
            "current_ratio": 191.22,
            "debt_ratio": 54.98,
            "inventory_turnover_ratio": 0.37,
            "account_receivable_turnover_ratio": 1.6,
            "reinvestment_rate": 56.46,
            "research_to_sale_ratio": null,
            "price_fair": 209.3,
            "eps_avg_yearly": 5.98,
            "eps_latest_yearly": 7.08,
            "eps_growth_yearly": 303.22
        },
        "20233": {
            "year_quarter": 20233,
            "year": 2023,
            "quarter": 3,
            "eps": 0.62,
            "eps_growth_year": -17.33,
            "eps_4q": 5.48,
            "eps_4q_growth_year": 0.08,
            "roe": 1.84,
            "roe_4q": 18.54,
            "gross_profit": 170649,
            "gross_margin": 46.14,
            "gross_margin_4q_avg": 44.77,
            "net_income": 25674,
            "net_income_4q": null,
            "revenue": 369842,
            "revenue_4q": null,
            "common_shares": 415694,
            "book_valuer_per_share": 33.71,
            "book_valuer_per_share_4q_avg": 32.11,
            "equity": 1454134,
            "current_ratio": 199.21,
            "debt_ratio": 50.49,
            "inventory_turnover_ratio": 0.25,
            "account_receivable_turnover_ratio": 1.26,
            "reinvestment_rate": 58.75,
            "research_to_sale_ratio": null,
            "price_fair": 201.16,
            "eps_avg_yearly": 5.75,
            "eps_latest_yearly": 2.48,
            "eps_growth_yearly": 293.26
        },
        "20234": {
            "year_quarter": 20234,
            "year": 2023,
            "quarter": 4,
            "eps": 2.94,
            "eps_growth_year": 7.83,
            "eps_4q": 5.7,
            "eps_4q_growth_year": 6.77,
            "roe": 8.46,
            "roe_4q": 18.29,
            "gross_profit": 377676,
            "gross_margin": 35.39,
            "gross_margin_4q_avg": 44.69,
            "net_income": 135032,
            "net_income_4q": null,
            "revenue": 1067091,
            "revenue_4q": null,
            "common_shares": 431373,
            "book_valuer_per_share": 37.9,
            "book_valuer_per_share_4q_avg": 33.41,
            "equity": 1739731,
            "current_ratio": 212.23,
            "debt_ratio": 42.73,
            "inventory_turnover_ratio": 0.95,
            "account_receivable_turnover_ratio": 2.4,
            "reinvestment_rate": 53.48,
            "research_to_sale_ratio": null,
            "price_fair": 214.2,
            "eps_avg_yearly": 6.12,
            "eps_latest_yearly": 11.76,
            "eps_growth_yearly": 388.42
        }
    },
    "months": {
        "2014-11": {
            "month": "2014-11",
            "price": "52.58",
            "revenue": 291496
        },
        "2014-12": {
            "month": "2014-12",
            "price": "60.05",
            "revenue": 409530
        },
        "2015-01": {
            "month": "2015-01",
            "price": "54.32",
            "revenue": 118694
        },
        "2015-02": {
            "month": "2015-02",
            "price": "55.53",
            "revenue": 206842
        },
        "2015-03": {
            "month": "2015-03",
            "price": "55.91",
            "revenue": 237777
        },
        "2015-04": {
            "month": "2015-04",
            "price": "56.00",
            "revenue": 105651
        },
        "2015-05": {
            "month": "2015-05",
            "price": "53.64",
            "revenue": 111695
        },
        "2015-06": {
            "month": "2015-06",
            "price": "50.03",
            "revenue": 187423
        },
        "2015-07": {
            "month": "2015-07",
            "price": "43.44",
            "revenue": 122649
        },
        "2015-08": {
            "month": "2015-08",
            "price": "35.98",
            "revenue": 150377
        },
        "2015-09": {
            "month": "2015-09",
            "price": "36.12",
            "revenue": 97690
        },
        "2015-10": {
            "month": "2015-10",
            "price": "37.62",
            "revenue": 170895
        },
        "2015-11": {
            "month": "2015-11",
            "price": "39.07",
            "revenue": 319092
        },
        "2015-12": {
            "month": "2015-12",
            "price": "39.80",
            "revenue": 324459
        },
        "2016-01": {
            "month": "2016-01",
            "price": "42.54",
            "revenue": 160145
        },
        "2016-02": {
            "month": "2016-02",
            "price": "42.15",
            "revenue": 151413
        },
        "2016-03": {
            "month": "2016-03",
            "price": "46.33",
            "revenue": 136060
        },
        "2016-04": {
            "month": "2016-04",
            "price": "46.21",
            "revenue": 125738
        },
        "2016-05": {
            "month": "2016-05",
            "price": "42.00",
            "revenue": 128457
        },
        "2016-06": {
            "month": "2016-06",
            "price": "43.06",
            "revenue": 144486
        },
        "2016-07": {
            "month": "2016-07",
            "price": "42.01",
            "revenue": 123222
        },
        "2016-08": {
            "month": "2016-08",
            "price": "41.43",
            "revenue": 151588
        },
        "2016-09": {
            "month": "2016-09",
            "price": "38.30",
            "revenue": 168463
        },
        "2016-10": {
            "month": "2016-10",
            "price": "38.90",
            "revenue": 161619
        },
        "2016-11": {
            "month": "2016-11",
            "price": "36.08",
            "revenue": 257450
        },
        "2016-12": {
            "month": "2016-12",
            "price": "37.48",
            "revenue": 198362
        },
        "2017-01": {
            "month": "2017-01",
            "price": "35.85",
            "revenue": 92994
        },
        "2017-02": {
            "month": "2017-02",
            "price": "35.28",
            "revenue": 198738
        },
        "2017-03": {
            "month": "2017-03",
            "price": "44.13",
            "revenue": 218906
        },
        "2017-04": {
            "month": "2017-04",
            "price": "64.15",
            "revenue": 94398
        },
        "2017-05": {
            "month": "2017-05",
            "price": "59.92",
            "revenue": 106329
        },
        "2017-06": {
            "month": "2017-06",
            "price": "55.74",
            "revenue": 144520
        },
        "2017-07": {
            "month": "2017-07",
            "price": "49.70",
            "revenue": 124142
        },
        "2017-08": {
            "month": "2017-08",
            "price": "52.73",
            "revenue": 188562
        },
        "2017-09": {
            "month": "2017-09",
            "price": "54.41",
            "revenue": 140341
        },
        "2017-10": {
            "month": "2017-10",
            "price": "50.26",
            "revenue": 114053
        },
        "2017-11": {
            "month": "2017-11",
            "price": "47.46",
            "revenue": 158623
        },
        "2017-12": {
            "month": "2017-12",
            "price": "41.62",
            "revenue": 214019
        },
        "2018-01": {
            "month": "2018-01",
            "price": "45.70",
            "revenue": 95292
        },
        "2018-02": {
            "month": "2018-02",
            "price": "42.86",
            "revenue": 85941
        },
        "2018-03": {
            "month": "2018-03",
            "price": "47.47",
            "revenue": 220621
        },
        "2018-04": {
            "month": "2018-04",
            "price": "47.85",
            "revenue": 95371
        },
        "2018-05": {
            "month": "2018-05",
            "price": "47.79",
            "revenue": 98691
        },
        "2018-06": {
            "month": "2018-06",
            "price": "50.51",
            "revenue": 137840
        },
        "2018-07": {
            "month": "2018-07",
            "price": "46.11",
            "revenue": 103240
        },
        "2018-08": {
            "month": "2018-08",
            "price": "43.09",
            "revenue": 120065
        },
        "2018-09": {
            "month": "2018-09",
            "price": "43.23",
            "revenue": 116518
        },
        "2018-10": {
            "month": "2018-10",
            "price": "40.13",
            "revenue": 126810
        },
        "2018-11": {
            "month": "2018-11",
            "price": "40.48",
            "revenue": 146392
        },
        "2018-12": {
            "month": "2018-12",
            "price": "44.99",
            "revenue": 380562
        },
        "2019-01": {
            "month": "2019-01",
            "price": "52.71",
            "revenue": 109362
        },
        "2019-02": {
            "month": "2019-02",
            "price": "53.01",
            "revenue": 165143
        },
        "2019-03": {
            "month": "2019-03",
            "price": "59.24",
            "revenue": 142243
        },
        "2019-04": {
            "month": "2019-04",
            "price": "59.46",
            "revenue": 155093
        },
        "2019-05": {
            "month": "2019-05",
            "price": "61.22",
            "revenue": 219530
        },
        "2019-06": {
            "month": "2019-06",
            "price": "71.10",
            "revenue": 162946
        },
        "2019-07": {
            "month": "2019-07",
            "price": "72.37",
            "revenue": 124110
        },
        "2019-08": {
            "month": "2019-08",
            "price": "71.03",
            "revenue": 169616
        },
        "2019-09": {
            "month": "2019-09",
            "price": "75.24",
            "revenue": 139389
        },
        "2019-10": {
            "month": "2019-10",
            "price": "74.05",
            "revenue": 123517
        },
        "2019-11": {
            "month": "2019-11",
            "price": "75.29",
            "revenue": 137632
        },
        "2019-12": {
            "month": "2019-12",
            "price": "78.05",
            "revenue": 311663
        },
        "2020-01": {
            "month": "2020-01",
            "price": "77.97",
            "revenue": 92353
        },
        "2020-02": {
            "month": "2020-02",
            "price": "74.93",
            "revenue": 76044
        },
        "2020-03": {
            "month": "2020-03",
            "price": "68.73",
            "revenue": 180464
        },
        "2020-04": {
            "month": "2020-04",
            "price": "72.57",
            "revenue": 118675
        },
        "2020-05": {
            "month": "2020-05",
            "price": "74.14",
            "revenue": 145882
        },
        "2020-06": {
            "month": "2020-06",
            "price": "76.37",
            "revenue": 127649
        },
        "2020-07": {
            "month": "2020-07",
            "price": "75.81",
            "revenue": 100530
        },
        "2020-08": {
            "month": "2020-08",
            "price": "71.57",
            "revenue": 96085
        },
        "2020-09": {
            "month": "2020-09",
            "price": "68.48",
            "revenue": 89976
        },
        "2020-10": {
            "month": "2020-10",
            "price": "72.38",
            "revenue": 127505
        },
        "2020-11": {
            "month": "2020-11",
            "price": "76.00",
            "revenue": 437393
        },
        "2020-12": {
            "month": "2020-12",
            "price": "87.12",
            "revenue": 266867
        },
        "2021-01": {
            "month": "2021-01",
            "price": "81.44",
            "revenue": 165292
        },
        "2021-02": {
            "month": "2021-02",
            "price": "79.22",
            "revenue": 89602
        },
        "2021-03": {
            "month": "2021-03",
            "price": "83.45",
            "revenue": 102024
        },
        "2021-04": {
            "month": "2021-04",
            "price": "81.74",
            "revenue": 101815
        },
        "2021-05": {
            "month": "2021-05",
            "price": "78.08",
            "revenue": 127904
        },
        "2021-06": {
            "month": "2021-06",
            "price": "77.77",
            "revenue": 170103
        },
        "2021-07": {
            "month": "2021-07",
            "price": "78.83",
            "revenue": 71703
        },
        "2021-08": {
            "month": "2021-08",
            "price": "75.86",
            "revenue": 151872
        },
        "2021-09": {
            "month": "2021-09",
            "price": "71.36",
            "revenue": 154846
        },
        "2021-10": {
            "month": "2021-10",
            "price": "70.66",
            "revenue": 133510
        },
        "2021-11": {
            "month": "2021-11",
            "price": "73.76",
            "revenue": 193330
        },
        "2021-12": {
            "month": "2021-12",
            "price": "73.07",
            "revenue": 403333
        },
        "2022-01": {
            "month": "2022-01",
            "price": "75.06",
            "revenue": 117252
        },
        "2022-02": {
            "month": "2022-02",
            "price": "73.30",
            "revenue": 114765
        },
        "2022-03": {
            "month": "2022-03",
            "price": "77.53",
            "revenue": 110702
        },
        "2022-04": {
            "month": "2022-04",
            "price": "76.45",
            "revenue": 81278
        },
        "2022-05": {
            "month": "2022-05",
            "price": "72.79",
            "revenue": 124860
        },
        "2022-06": {
            "month": "2022-06",
            "price": "71.26",
            "revenue": 228532
        },
        "2022-07": {
            "month": "2022-07",
            "price": "61.47",
            "revenue": 108320
        },
        "2022-08": {
            "month": "2022-08",
            "price": "63.57",
            "revenue": 171179
        },
        "2022-09": {
            "month": "2022-09",
            "price": "62.14",
            "revenue": 106836
        },
        "2022-10": {
            "month": "2022-10",
            "price": "59.56",
            "revenue": 139755
        },
        "2022-11": {
            "month": "2022-11",
            "price": "59.42",
            "revenue": 166307
        },
        "2022-12": {
            "month": "2022-12",
            "price": "60.28",
            "revenue": 578417
        },
        "2023-01": {
            "month": "2023-01",
            "price": "65.49",
            "revenue": 98085
        },
        "2023-02": {
            "month": "2023-02",
            "price": "67.66",
            "revenue": 104691
        },
        "2023-03": {
            "month": "2023-03",
            "price": "69.47",
            "revenue": 130100
        },
        "2023-04": {
            "month": "2023-04",
            "price": "70.34",
            "revenue": 137808
        },
        "2023-05": {
            "month": "2023-05",
            "price": "72.67",
            "revenue": 141220
        },
        "2023-06": {
            "month": "2023-06",
            "price": "77.50",
            "revenue": 193723
        },
        "2023-07": {
            "month": "2023-07",
            "price": "75.53",
            "revenue": 94406
        },
        "2023-08": {
            "month": "2023-08",
            "price": "69.56",
            "revenue": 146703
        },
        "2023-09": {
            "month": "2023-09",
            "price": "70.76",
            "revenue": 128733
        },
        "2023-10": {
            "month": "2023-10",
            "price": "70.08",
            "revenue": 110803
        },
        "2023-11": {
            "month": "2023-11",
            "price": "70.29",
            "revenue": 483471
        },
        "2023-12": {
            "month": "2023-12",
            "price": "75.00",
            "revenue": 472817
        }
    }
}
