{
    "summary": {
        "stock_name": "環球晶",
        "stock_id": "6488",
        "category": "半導體",
        "main_business": "半導體晶棒及晶圓之研發、設計與製造",
        "website_url": "http://www.sas-globalwafers.com",
        "ceo": "Mark England",
        "pe_ratio": 12,
        "report_year_from": 2012,
        "report_year_to": 2023,
        "age": 12,
        "eps_negative_percentage": 0,
        "eps_growth_avg": {
            "last_all": 28.9,
            "last_2y": 6.6,
            "last_4y": 3.28,
            "last_8y": 28.9,
            "last_12y": null,
            "last_16y": null,
            "last_20y": null,
            "at_2006_last_3y": null,
            "at_2007_last_3y": null,
            "at_2008_last_3y": null,
            "at_2009_last_3y": null,
            "at_2010_last_3y": null,
            "at_2011_last_3y": null,
            "at_2012_last_3y": null,
            "at_2013_last_3y": null,
            "at_2014_last_3y": null,
            "at_2015_last_3y": null,
            "at_2016_last_3y": null,
            "at_2017_last_3y": null,
            "at_2018_last_3y": 60.93,
            "at_2019_last_3y": 36.07,
            "at_2020_last_3y": 49.15,
            "at_2021_last_3y": 21.79,
            "at_2022_last_3y": 4.15,
            "at_2023_last_3y": 3.96,
            "at_2024_last_3y": 3.96,
            "at_2006_last_all": null,
            "at_2007_last_all": null,
            "at_2008_last_all": null,
            "at_2009_last_all": null,
            "at_2010_last_all": null,
            "at_2011_last_all": null,
            "at_2012_last_all": null,
            "at_2013_last_all": null,
            "at_2014_last_all": null,
            "at_2015_last_all": null,
            "at_2016_last_all": 21.86,
            "at_2017_last_all": 47.91,
            "at_2018_last_all": 60.93,
            "at_2019_last_all": 48.85,
            "at_2020_last_all": 40.05,
            "at_2021_last_all": 32.98,
            "at_2022_last_all": 32.54,
            "at_2023_last_all": 28.9,
            "at_2024_last_all": 28.9
        },
        "latest_eps": 48.53,
        "latest_price": 587,
        "latest_roe": 36.33,
        "latest_gross_margin": 36.61,
        "latest_equity": 66187619,
        "latest_revenue": 17375910,
        "latest_gross_profit": 6361416,
        "latest_net_income": 5538490,
        "latest_debt_ratio": 63.72,
        "latest_current_ratio": 148.61,
        "latest_account_receivable_turnover_ratio": 1.67,
        "latest_inventory_turnover_ratio": 1.19,
        "latest_reinvestment_rate": 69.59,
        "latest_research_to_sale_ratio": 3.58
    },
    "eps_dividends": {
        "2001": {
            "cash": 0,
            "stock": 0,
            "eps": 0
        },
        "2002": {
            "cash": 0,
            "stock": 0,
            "eps": 0
        },
        "2003": {
            "cash": 0,
            "stock": 0,
            "eps": 0
        },
        "2004": {
            "cash": 0,
            "stock": 0,
            "eps": 0
        },
        "2005": {
            "cash": 0,
            "stock": 0,
            "eps": 0
        },
        "2006": {
            "cash": 0,
            "stock": 0,
            "eps": 0
        },
        "2007": {
            "cash": 0,
            "stock": 0,
            "eps": 0
        },
        "2008": {
            "cash": 0,
            "stock": 0,
            "eps": 0
        },
        "2009": {
            "cash": 0,
            "stock": 0,
            "eps": 0
        },
        "2010": {
            "cash": 0,
            "stock": 0,
            "eps": 0
        },
        "2011": {
            "cash": 0,
            "stock": 0,
            "eps": 0
        },
        "2012": {
            "cash": 0,
            "stock": 0,
            "eps": 0
        },
        "2013": {
            "cash": 0,
            "stock": 0,
            "eps": 0
        },
        "2014": {
            "cash": 0,
            "stock": 0,
            "eps": 1.35
        },
        "2015": {
            "cash": 5.7,
            "stock": 0,
            "eps": 5.81
        },
        "2016": {
            "cash": 5,
            "stock": 0,
            "eps": 2.54
        },
        "2017": {
            "cash": 2.5,
            "stock": 0,
            "eps": 12.35
        },
        "2018": {
            "cash": 10,
            "stock": 0,
            "eps": 31.18
        },
        "2019": {
            "cash": 25,
            "stock": 0,
            "eps": 31.35
        },
        "2020": {
            "cash": 25,
            "stock": 0,
            "eps": 30.11
        },
        "2021": {
            "cash": 18,
            "stock": 0,
            "eps": 27.27
        },
        "2022": {
            "cash": 16,
            "stock": 0,
            "eps": 35.3
        },
        "2023": {
            "cash": 16,
            "stock": 0,
            "eps": 35.22
        },
        "2024": {
            "cash": 8,
            "stock": 0,
            "eps": 0
        }
    },
    "dividends": {
        "2015-08-07": {
            "cash": 5.7,
            "stock": 0
        },
        "2016-08-05": {
            "cash": 5,
            "stock": 0
        },
        "2017-08-09": {
            "cash": 2.5,
            "stock": 0
        },
        "2018-08-09": {
            "cash": 10,
            "stock": 0
        },
        "2019-08-09": {
            "cash": 25,
            "stock": 0
        },
        "2020-08-07": {
            "cash": 25,
            "stock": 0
        },
        "2021-02-19": {
            "cash": 8,
            "stock": 0
        },
        "2021-08-06": {
            "cash": 10,
            "stock": 0
        },
        "2022-02-11": {
            "cash": 8,
            "stock": 0
        },
        "2022-08-05": {
            "cash": 8,
            "stock": 0
        },
        "2023-02-10": {
            "cash": 6.5,
            "stock": 0
        },
        "2023-08-11": {
            "cash": 9.5,
            "stock": 0
        },
        "2024-02-23": {
            "cash": 8,
            "stock": 0
        }
    },
    "prices": {
        "200101": "無",
        "200102": "無",
        "200103": "無",
        "200104": "無",
        "200105": "無",
        "200106": "無",
        "200107": "無",
        "200108": "無",
        "200109": "無",
        "200110": "無",
        "200111": "無",
        "200112": "無",
        "200201": "無",
        "200202": "無",
        "200203": "無",
        "200204": "無",
        "200205": "無",
        "200206": "無",
        "200207": "無",
        "200208": "無",
        "200209": "無",
        "200210": "無",
        "200211": "無",
        "200212": "無",
        "200301": "無",
        "200302": "無",
        "200303": "無",
        "200304": "無",
        "200305": "無",
        "200306": "無",
        "200307": "無",
        "200308": "無",
        "200309": "無",
        "200310": "無",
        "200311": "無",
        "200312": "無",
        "200401": "無",
        "200402": "無",
        "200403": "無",
        "200404": "無",
        "200405": "無",
        "200406": "無",
        "200407": "無",
        "200408": "無",
        "200409": "無",
        "200410": "無",
        "200411": "無",
        "200412": "無",
        "200501": "無",
        "200502": "無",
        "200503": "無",
        "200504": "無",
        "200505": "無",
        "200506": "無",
        "200507": "無",
        "200508": "無",
        "200509": "無",
        "200510": "無",
        "200511": "無",
        "200512": "無",
        "200601": "無",
        "200602": "無",
        "200603": "無",
        "200604": "無",
        "200605": "無",
        "200606": "無",
        "200607": "無",
        "200608": "無",
        "200609": "無",
        "200610": "無",
        "200611": "無",
        "200612": "無",
        "200701": "無",
        "200702": "無",
        "200703": "無",
        "200704": "無",
        "200705": "無",
        "200706": "無",
        "200707": "無",
        "200708": "無",
        "200709": "無",
        "200710": "無",
        "200711": "無",
        "200712": "無",
        "200801": "無",
        "200802": "無",
        "200803": "無",
        "200804": "無",
        "200805": "無",
        "200806": "無",
        "200807": "無",
        "200808": "無",
        "200809": "無",
        "200810": "無",
        "200811": "無",
        "200812": "無",
        "200901": "無",
        "200902": "無",
        "200903": "無",
        "200904": "無",
        "200905": "無",
        "200906": "無",
        "200907": "無",
        "200908": "無",
        "200909": "無",
        "200910": "無",
        "200911": "無",
        "200912": "無",
        "201001": "無",
        "201002": "無",
        "201003": "無",
        "201004": "無",
        "201005": "無",
        "201006": "無",
        "201007": "無",
        "201008": "無",
        "201009": "無",
        "201010": "無",
        "201011": "無",
        "201012": "無",
        "201101": "無",
        "201102": "無",
        "201103": "無",
        "201104": "無",
        "201105": "無",
        "201106": "無",
        "201107": "無",
        "201108": "無",
        "201109": "無",
        "201110": "無",
        "201111": "無",
        "201112": "無",
        "201201": "無",
        "201202": "無",
        "201203": "無",
        "201204": "無",
        "201205": "無",
        "201206": "無",
        "201207": "無",
        "201208": "無",
        "201209": "無",
        "201210": "無",
        "201211": "無",
        "201212": "無",
        "201301": "無",
        "201302": "無",
        "201303": "無",
        "201304": "無",
        "201305": "無",
        "201306": "無",
        "201307": "無",
        "201308": "無",
        "201309": "無",
        "201310": "無",
        "201311": "無",
        "201312": "無",
        "201401": "無",
        "201402": "無",
        "201403": "無",
        "201404": "無",
        "201405": "無",
        "201406": "無",
        "201407": "無",
        "201408": "無",
        "201409": "無",
        "201410": "86.30",
        "201411": "82.03",
        "201412": "89.44",
        "201501": "87.78",
        "201502": "100.00",
        "201503": "99.56",
        "201504": "92.86",
        "201505": "90.57",
        "201506": "87.83",
        "201507": "82.98",
        "201508": "72.54",
        "201509": "66.20",
        "201510": "71.73",
        "201511": "75.80",
        "201512": "79.10",
        "201601": "73.18",
        "201602": "75.58",
        "201603": "79.00",
        "201604": "73.11",
        "201605": "67.67",
        "201606": "69.29",
        "201607": "68.39",
        "201608": "68.46",
        "201609": "78.29",
        "201610": "76.46",
        "201611": "89.61",
        "201612": "106.30",
        "201701": "121.97",
        "201702": "171.61",
        "201703": "204.37",
        "201704": "232.53",
        "201705": "230.48",
        "201706": "231.43",
        "201707": "235.93",
        "201708": "249.37",
        "201709": "288.93",
        "201710": "337.89",
        "201711": "384.52",
        "201712": "389.24",
        "201801": "438.98",
        "201802": "422.50",
        "201803": "443.80",
        "201804": "486.61",
        "201805": "543.86",
        "201806": "527.65",
        "201807": "507.36",
        "201808": "421.17",
        "201809": "323.13",
        "201810": "260.82",
        "201811": "304.50",
        "201812": "312.98",
        "201901": "273.52",
        "201902": "337.69",
        "201903": "306.58",
        "201904": "341.45",
        "201905": "320.20",
        "201906": "305.97",
        "201907": "334.11",
        "201908": "288.90",
        "201909": "303.21",
        "201910": "352.76",
        "201911": "350.50",
        "201912": "370.68",
        "202001": "397.33",
        "202002": "434.92",
        "202003": "359.36",
        "202004": "368.55",
        "202005": "373.92",
        "202006": "391.38",
        "202007": "417.72",
        "202008": "405.86",
        "202009": "390.86",
        "202010": "409.00",
        "202011": "448.93",
        "202012": "646.04",
        "202101": "689.55",
        "202102": "707.85",
        "202103": "727.59",
        "202104": "822.32",
        "202105": "758.33",
        "202106": "873.81",
        "202107": "889.09",
        "202108": "822.27",
        "202109": "865.60",
        "202110": "755.95",
        "202111": "799.50",
        "202112": "822.41",
        "202201": "827.44",
        "202202": "712.07",
        "202203": "660.30",
        "202204": "595.32",
        "202205": "556.14",
        "202206": "552.40",
        "202207": "438.26",
        "202208": "483.52",
        "202209": "427.17",
        "202210": "352.88",
        "202211": "442.80",
        "202212": "455.70",
        "202301": "475.65",
        "202302": "526.00",
        "202303": "510.52",
        "202304": "497.32",
        "202305": "483.50",
        "202306": "505.80",
        "202307": "511.14",
        "202308": "468.93",
        "202309": "470.10",
        "202310": "471.75",
        "202311": "530.80",
        "202312": "602.10"
    },
    "quarters": {
        "20011": {
            "year_quarter": 20011,
            "year": 2001,
            "quarter": 1,
            "eps": null,
            "eps_growth_year": null,
            "eps_4q": null,
            "eps_4q_growth_year": null,
            "roe": null,
            "roe_4q": 0,
            "gross_profit": null,
            "gross_margin": null,
            "gross_margin_4q_avg": 0,
            "net_income": null,
            "net_income_4q": null,
            "revenue": null,
            "revenue_4q": null,
            "common_shares": null,
            "book_valuer_per_share": null,
            "book_valuer_per_share_4q_avg": 0,
            "equity": null,
            "current_ratio": null,
            "debt_ratio": null,
            "inventory_turnover_ratio": null,
            "account_receivable_turnover_ratio": null,
            "reinvestment_rate": null,
            "research_to_sale_ratio": null,
            "price_fair": 0,
            "eps_avg_yearly": 0,
            "eps_latest_yearly": 0,
            "eps_growth_yearly": 0
        },
        "20012": {
            "year_quarter": 20012,
            "year": 2001,
            "quarter": 2,
            "eps": null,
            "eps_growth_year": null,
            "eps_4q": null,
            "eps_4q_growth_year": null,
            "roe": null,
            "roe_4q": 0,
            "gross_profit": null,
            "gross_margin": null,
            "gross_margin_4q_avg": 0,
            "net_income": null,
            "net_income_4q": null,
            "revenue": null,
            "revenue_4q": null,
            "common_shares": null,
            "book_valuer_per_share": null,
            "book_valuer_per_share_4q_avg": 0,
            "equity": null,
            "current_ratio": null,
            "debt_ratio": null,
            "inventory_turnover_ratio": null,
            "account_receivable_turnover_ratio": null,
            "reinvestment_rate": null,
            "research_to_sale_ratio": null,
            "price_fair": 0,
            "eps_avg_yearly": 0,
            "eps_latest_yearly": 0,
            "eps_growth_yearly": 0
        },
        "20013": {
            "year_quarter": 20013,
            "year": 2001,
            "quarter": 3,
            "eps": null,
            "eps_growth_year": null,
            "eps_4q": null,
            "eps_4q_growth_year": null,
            "roe": null,
            "roe_4q": 0,
            "gross_profit": null,
            "gross_margin": null,
            "gross_margin_4q_avg": 0,
            "net_income": null,
            "net_income_4q": null,
            "revenue": null,
            "revenue_4q": null,
            "common_shares": null,
            "book_valuer_per_share": null,
            "book_valuer_per_share_4q_avg": 0,
            "equity": null,
            "current_ratio": null,
            "debt_ratio": null,
            "inventory_turnover_ratio": null,
            "account_receivable_turnover_ratio": null,
            "reinvestment_rate": null,
            "research_to_sale_ratio": null,
            "price_fair": 0,
            "eps_avg_yearly": 0,
            "eps_latest_yearly": 0,
            "eps_growth_yearly": 0
        },
        "20014": {
            "year_quarter": 20014,
            "year": 2001,
            "quarter": 4,
            "eps": null,
            "eps_growth_year": null,
            "eps_4q": null,
            "eps_4q_growth_year": null,
            "roe": null,
            "roe_4q": 0,
            "gross_profit": null,
            "gross_margin": null,
            "gross_margin_4q_avg": 0,
            "net_income": null,
            "net_income_4q": null,
            "revenue": null,
            "revenue_4q": null,
            "common_shares": null,
            "book_valuer_per_share": null,
            "book_valuer_per_share_4q_avg": 0,
            "equity": null,
            "current_ratio": null,
            "debt_ratio": null,
            "inventory_turnover_ratio": null,
            "account_receivable_turnover_ratio": null,
            "reinvestment_rate": null,
            "research_to_sale_ratio": null,
            "price_fair": 0,
            "eps_avg_yearly": 0,
            "eps_latest_yearly": 0,
            "eps_growth_yearly": 0
        },
        "20021": {
            "year_quarter": 20021,
            "year": 2002,
            "quarter": 1,
            "eps": null,
            "eps_growth_year": null,
            "eps_4q": null,
            "eps_4q_growth_year": null,
            "roe": null,
            "roe_4q": 0,
            "gross_profit": null,
            "gross_margin": null,
            "gross_margin_4q_avg": 0,
            "net_income": null,
            "net_income_4q": null,
            "revenue": null,
            "revenue_4q": null,
            "common_shares": null,
            "book_valuer_per_share": null,
            "book_valuer_per_share_4q_avg": 0,
            "equity": null,
            "current_ratio": null,
            "debt_ratio": null,
            "inventory_turnover_ratio": null,
            "account_receivable_turnover_ratio": null,
            "reinvestment_rate": null,
            "research_to_sale_ratio": null,
            "price_fair": 0,
            "eps_avg_yearly": 0,
            "eps_latest_yearly": 0,
            "eps_growth_yearly": 0
        },
        "20022": {
            "year_quarter": 20022,
            "year": 2002,
            "quarter": 2,
            "eps": null,
            "eps_growth_year": null,
            "eps_4q": null,
            "eps_4q_growth_year": null,
            "roe": null,
            "roe_4q": 0,
            "gross_profit": null,
            "gross_margin": null,
            "gross_margin_4q_avg": 0,
            "net_income": null,
            "net_income_4q": null,
            "revenue": null,
            "revenue_4q": null,
            "common_shares": null,
            "book_valuer_per_share": null,
            "book_valuer_per_share_4q_avg": 0,
            "equity": null,
            "current_ratio": null,
            "debt_ratio": null,
            "inventory_turnover_ratio": null,
            "account_receivable_turnover_ratio": null,
            "reinvestment_rate": null,
            "research_to_sale_ratio": null,
            "price_fair": 0,
            "eps_avg_yearly": 0,
            "eps_latest_yearly": 0,
            "eps_growth_yearly": 0
        },
        "20023": {
            "year_quarter": 20023,
            "year": 2002,
            "quarter": 3,
            "eps": null,
            "eps_growth_year": null,
            "eps_4q": null,
            "eps_4q_growth_year": null,
            "roe": null,
            "roe_4q": 0,
            "gross_profit": null,
            "gross_margin": null,
            "gross_margin_4q_avg": 0,
            "net_income": null,
            "net_income_4q": null,
            "revenue": null,
            "revenue_4q": null,
            "common_shares": null,
            "book_valuer_per_share": null,
            "book_valuer_per_share_4q_avg": 0,
            "equity": null,
            "current_ratio": null,
            "debt_ratio": null,
            "inventory_turnover_ratio": null,
            "account_receivable_turnover_ratio": null,
            "reinvestment_rate": null,
            "research_to_sale_ratio": null,
            "price_fair": 0,
            "eps_avg_yearly": 0,
            "eps_latest_yearly": 0,
            "eps_growth_yearly": 0
        },
        "20024": {
            "year_quarter": 20024,
            "year": 2002,
            "quarter": 4,
            "eps": null,
            "eps_growth_year": null,
            "eps_4q": null,
            "eps_4q_growth_year": null,
            "roe": null,
            "roe_4q": 0,
            "gross_profit": null,
            "gross_margin": null,
            "gross_margin_4q_avg": 0,
            "net_income": null,
            "net_income_4q": null,
            "revenue": null,
            "revenue_4q": null,
            "common_shares": null,
            "book_valuer_per_share": null,
            "book_valuer_per_share_4q_avg": 0,
            "equity": null,
            "current_ratio": null,
            "debt_ratio": null,
            "inventory_turnover_ratio": null,
            "account_receivable_turnover_ratio": null,
            "reinvestment_rate": null,
            "research_to_sale_ratio": null,
            "price_fair": 0,
            "eps_avg_yearly": 0,
            "eps_latest_yearly": 0,
            "eps_growth_yearly": 0
        },
        "20031": {
            "year_quarter": 20031,
            "year": 2003,
            "quarter": 1,
            "eps": null,
            "eps_growth_year": null,
            "eps_4q": null,
            "eps_4q_growth_year": null,
            "roe": null,
            "roe_4q": 0,
            "gross_profit": null,
            "gross_margin": null,
            "gross_margin_4q_avg": 0,
            "net_income": null,
            "net_income_4q": null,
            "revenue": null,
            "revenue_4q": null,
            "common_shares": null,
            "book_valuer_per_share": null,
            "book_valuer_per_share_4q_avg": 0,
            "equity": null,
            "current_ratio": null,
            "debt_ratio": null,
            "inventory_turnover_ratio": null,
            "account_receivable_turnover_ratio": null,
            "reinvestment_rate": null,
            "research_to_sale_ratio": null,
            "price_fair": 0,
            "eps_avg_yearly": 0,
            "eps_latest_yearly": 0,
            "eps_growth_yearly": 0
        },
        "20032": {
            "year_quarter": 20032,
            "year": 2003,
            "quarter": 2,
            "eps": null,
            "eps_growth_year": null,
            "eps_4q": null,
            "eps_4q_growth_year": null,
            "roe": null,
            "roe_4q": 0,
            "gross_profit": null,
            "gross_margin": null,
            "gross_margin_4q_avg": 0,
            "net_income": null,
            "net_income_4q": null,
            "revenue": null,
            "revenue_4q": null,
            "common_shares": null,
            "book_valuer_per_share": null,
            "book_valuer_per_share_4q_avg": 0,
            "equity": null,
            "current_ratio": null,
            "debt_ratio": null,
            "inventory_turnover_ratio": null,
            "account_receivable_turnover_ratio": null,
            "reinvestment_rate": null,
            "research_to_sale_ratio": null,
            "price_fair": 0,
            "eps_avg_yearly": 0,
            "eps_latest_yearly": 0,
            "eps_growth_yearly": 0
        },
        "20033": {
            "year_quarter": 20033,
            "year": 2003,
            "quarter": 3,
            "eps": null,
            "eps_growth_year": null,
            "eps_4q": null,
            "eps_4q_growth_year": null,
            "roe": null,
            "roe_4q": 0,
            "gross_profit": null,
            "gross_margin": null,
            "gross_margin_4q_avg": 0,
            "net_income": null,
            "net_income_4q": null,
            "revenue": null,
            "revenue_4q": null,
            "common_shares": null,
            "book_valuer_per_share": null,
            "book_valuer_per_share_4q_avg": 0,
            "equity": null,
            "current_ratio": null,
            "debt_ratio": null,
            "inventory_turnover_ratio": null,
            "account_receivable_turnover_ratio": null,
            "reinvestment_rate": null,
            "research_to_sale_ratio": null,
            "price_fair": 0,
            "eps_avg_yearly": 0,
            "eps_latest_yearly": 0,
            "eps_growth_yearly": 0
        },
        "20034": {
            "year_quarter": 20034,
            "year": 2003,
            "quarter": 4,
            "eps": null,
            "eps_growth_year": null,
            "eps_4q": null,
            "eps_4q_growth_year": null,
            "roe": null,
            "roe_4q": 0,
            "gross_profit": null,
            "gross_margin": null,
            "gross_margin_4q_avg": 0,
            "net_income": null,
            "net_income_4q": null,
            "revenue": null,
            "revenue_4q": null,
            "common_shares": null,
            "book_valuer_per_share": null,
            "book_valuer_per_share_4q_avg": 0,
            "equity": null,
            "current_ratio": null,
            "debt_ratio": null,
            "inventory_turnover_ratio": null,
            "account_receivable_turnover_ratio": null,
            "reinvestment_rate": null,
            "research_to_sale_ratio": null,
            "price_fair": 0,
            "eps_avg_yearly": 0,
            "eps_latest_yearly": 0,
            "eps_growth_yearly": 0
        },
        "20041": {
            "year_quarter": 20041,
            "year": 2004,
            "quarter": 1,
            "eps": null,
            "eps_growth_year": null,
            "eps_4q": null,
            "eps_4q_growth_year": null,
            "roe": null,
            "roe_4q": 0,
            "gross_profit": null,
            "gross_margin": null,
            "gross_margin_4q_avg": 0,
            "net_income": null,
            "net_income_4q": null,
            "revenue": null,
            "revenue_4q": null,
            "common_shares": null,
            "book_valuer_per_share": null,
            "book_valuer_per_share_4q_avg": 0,
            "equity": null,
            "current_ratio": null,
            "debt_ratio": null,
            "inventory_turnover_ratio": null,
            "account_receivable_turnover_ratio": null,
            "reinvestment_rate": null,
            "research_to_sale_ratio": null,
            "price_fair": 0,
            "eps_avg_yearly": 0,
            "eps_latest_yearly": 0,
            "eps_growth_yearly": 0
        },
        "20042": {
            "year_quarter": 20042,
            "year": 2004,
            "quarter": 2,
            "eps": null,
            "eps_growth_year": null,
            "eps_4q": null,
            "eps_4q_growth_year": null,
            "roe": null,
            "roe_4q": 0,
            "gross_profit": null,
            "gross_margin": null,
            "gross_margin_4q_avg": 0,
            "net_income": null,
            "net_income_4q": null,
            "revenue": null,
            "revenue_4q": null,
            "common_shares": null,
            "book_valuer_per_share": null,
            "book_valuer_per_share_4q_avg": 0,
            "equity": null,
            "current_ratio": null,
            "debt_ratio": null,
            "inventory_turnover_ratio": null,
            "account_receivable_turnover_ratio": null,
            "reinvestment_rate": null,
            "research_to_sale_ratio": null,
            "price_fair": 0,
            "eps_avg_yearly": 0,
            "eps_latest_yearly": 0,
            "eps_growth_yearly": 0
        },
        "20043": {
            "year_quarter": 20043,
            "year": 2004,
            "quarter": 3,
            "eps": null,
            "eps_growth_year": null,
            "eps_4q": null,
            "eps_4q_growth_year": null,
            "roe": null,
            "roe_4q": 0,
            "gross_profit": null,
            "gross_margin": null,
            "gross_margin_4q_avg": 0,
            "net_income": null,
            "net_income_4q": null,
            "revenue": null,
            "revenue_4q": null,
            "common_shares": null,
            "book_valuer_per_share": null,
            "book_valuer_per_share_4q_avg": 0,
            "equity": null,
            "current_ratio": null,
            "debt_ratio": null,
            "inventory_turnover_ratio": null,
            "account_receivable_turnover_ratio": null,
            "reinvestment_rate": null,
            "research_to_sale_ratio": null,
            "price_fair": 0,
            "eps_avg_yearly": 0,
            "eps_latest_yearly": 0,
            "eps_growth_yearly": 0
        },
        "20044": {
            "year_quarter": 20044,
            "year": 2004,
            "quarter": 4,
            "eps": null,
            "eps_growth_year": null,
            "eps_4q": null,
            "eps_4q_growth_year": null,
            "roe": null,
            "roe_4q": 0,
            "gross_profit": null,
            "gross_margin": null,
            "gross_margin_4q_avg": 0,
            "net_income": null,
            "net_income_4q": null,
            "revenue": null,
            "revenue_4q": null,
            "common_shares": null,
            "book_valuer_per_share": null,
            "book_valuer_per_share_4q_avg": 0,
            "equity": null,
            "current_ratio": null,
            "debt_ratio": null,
            "inventory_turnover_ratio": null,
            "account_receivable_turnover_ratio": null,
            "reinvestment_rate": null,
            "research_to_sale_ratio": null,
            "price_fair": 0,
            "eps_avg_yearly": 0,
            "eps_latest_yearly": 0,
            "eps_growth_yearly": 0
        },
        "20051": {
            "year_quarter": 20051,
            "year": 2005,
            "quarter": 1,
            "eps": null,
            "eps_growth_year": null,
            "eps_4q": null,
            "eps_4q_growth_year": null,
            "roe": null,
            "roe_4q": 0,
            "gross_profit": null,
            "gross_margin": null,
            "gross_margin_4q_avg": 0,
            "net_income": null,
            "net_income_4q": null,
            "revenue": null,
            "revenue_4q": null,
            "common_shares": null,
            "book_valuer_per_share": null,
            "book_valuer_per_share_4q_avg": 0,
            "equity": null,
            "current_ratio": null,
            "debt_ratio": null,
            "inventory_turnover_ratio": null,
            "account_receivable_turnover_ratio": null,
            "reinvestment_rate": null,
            "research_to_sale_ratio": null,
            "price_fair": 0,
            "eps_avg_yearly": 0,
            "eps_latest_yearly": 0,
            "eps_growth_yearly": 0
        },
        "20052": {
            "year_quarter": 20052,
            "year": 2005,
            "quarter": 2,
            "eps": null,
            "eps_growth_year": null,
            "eps_4q": null,
            "eps_4q_growth_year": null,
            "roe": null,
            "roe_4q": 0,
            "gross_profit": null,
            "gross_margin": null,
            "gross_margin_4q_avg": 0,
            "net_income": null,
            "net_income_4q": null,
            "revenue": null,
            "revenue_4q": null,
            "common_shares": null,
            "book_valuer_per_share": null,
            "book_valuer_per_share_4q_avg": 0,
            "equity": null,
            "current_ratio": null,
            "debt_ratio": null,
            "inventory_turnover_ratio": null,
            "account_receivable_turnover_ratio": null,
            "reinvestment_rate": null,
            "research_to_sale_ratio": null,
            "price_fair": 0,
            "eps_avg_yearly": 0,
            "eps_latest_yearly": 0,
            "eps_growth_yearly": 0
        },
        "20053": {
            "year_quarter": 20053,
            "year": 2005,
            "quarter": 3,
            "eps": null,
            "eps_growth_year": null,
            "eps_4q": null,
            "eps_4q_growth_year": null,
            "roe": null,
            "roe_4q": 0,
            "gross_profit": null,
            "gross_margin": null,
            "gross_margin_4q_avg": 0,
            "net_income": null,
            "net_income_4q": null,
            "revenue": null,
            "revenue_4q": null,
            "common_shares": null,
            "book_valuer_per_share": null,
            "book_valuer_per_share_4q_avg": 0,
            "equity": null,
            "current_ratio": null,
            "debt_ratio": null,
            "inventory_turnover_ratio": null,
            "account_receivable_turnover_ratio": null,
            "reinvestment_rate": null,
            "research_to_sale_ratio": null,
            "price_fair": 0,
            "eps_avg_yearly": 0,
            "eps_latest_yearly": 0,
            "eps_growth_yearly": 0
        },
        "20054": {
            "year_quarter": 20054,
            "year": 2005,
            "quarter": 4,
            "eps": null,
            "eps_growth_year": null,
            "eps_4q": null,
            "eps_4q_growth_year": null,
            "roe": null,
            "roe_4q": 0,
            "gross_profit": null,
            "gross_margin": null,
            "gross_margin_4q_avg": 0,
            "net_income": null,
            "net_income_4q": null,
            "revenue": null,
            "revenue_4q": null,
            "common_shares": null,
            "book_valuer_per_share": null,
            "book_valuer_per_share_4q_avg": 0,
            "equity": null,
            "current_ratio": null,
            "debt_ratio": null,
            "inventory_turnover_ratio": null,
            "account_receivable_turnover_ratio": null,
            "reinvestment_rate": null,
            "research_to_sale_ratio": null,
            "price_fair": 0,
            "eps_avg_yearly": 0,
            "eps_latest_yearly": 0,
            "eps_growth_yearly": 0
        },
        "20061": {
            "year_quarter": 20061,
            "year": 2006,
            "quarter": 1,
            "eps": null,
            "eps_growth_year": null,
            "eps_4q": null,
            "eps_4q_growth_year": null,
            "roe": null,
            "roe_4q": 0,
            "gross_profit": null,
            "gross_margin": null,
            "gross_margin_4q_avg": 0,
            "net_income": null,
            "net_income_4q": null,
            "revenue": null,
            "revenue_4q": null,
            "common_shares": null,
            "book_valuer_per_share": null,
            "book_valuer_per_share_4q_avg": 0,
            "equity": null,
            "current_ratio": null,
            "debt_ratio": null,
            "inventory_turnover_ratio": null,
            "account_receivable_turnover_ratio": null,
            "reinvestment_rate": null,
            "research_to_sale_ratio": null,
            "price_fair": 0,
            "eps_avg_yearly": 0,
            "eps_latest_yearly": 0,
            "eps_growth_yearly": 0
        },
        "20062": {
            "year_quarter": 20062,
            "year": 2006,
            "quarter": 2,
            "eps": null,
            "eps_growth_year": null,
            "eps_4q": null,
            "eps_4q_growth_year": null,
            "roe": null,
            "roe_4q": 0,
            "gross_profit": null,
            "gross_margin": null,
            "gross_margin_4q_avg": 0,
            "net_income": null,
            "net_income_4q": null,
            "revenue": null,
            "revenue_4q": null,
            "common_shares": null,
            "book_valuer_per_share": null,
            "book_valuer_per_share_4q_avg": 0,
            "equity": null,
            "current_ratio": null,
            "debt_ratio": null,
            "inventory_turnover_ratio": null,
            "account_receivable_turnover_ratio": null,
            "reinvestment_rate": null,
            "research_to_sale_ratio": null,
            "price_fair": 0,
            "eps_avg_yearly": 0,
            "eps_latest_yearly": 0,
            "eps_growth_yearly": 0
        },
        "20063": {
            "year_quarter": 20063,
            "year": 2006,
            "quarter": 3,
            "eps": null,
            "eps_growth_year": null,
            "eps_4q": null,
            "eps_4q_growth_year": null,
            "roe": null,
            "roe_4q": 0,
            "gross_profit": null,
            "gross_margin": null,
            "gross_margin_4q_avg": 0,
            "net_income": null,
            "net_income_4q": null,
            "revenue": null,
            "revenue_4q": null,
            "common_shares": null,
            "book_valuer_per_share": null,
            "book_valuer_per_share_4q_avg": 0,
            "equity": null,
            "current_ratio": null,
            "debt_ratio": null,
            "inventory_turnover_ratio": null,
            "account_receivable_turnover_ratio": null,
            "reinvestment_rate": null,
            "research_to_sale_ratio": null,
            "price_fair": 0,
            "eps_avg_yearly": 0,
            "eps_latest_yearly": 0,
            "eps_growth_yearly": 0
        },
        "20064": {
            "year_quarter": 20064,
            "year": 2006,
            "quarter": 4,
            "eps": null,
            "eps_growth_year": null,
            "eps_4q": null,
            "eps_4q_growth_year": null,
            "roe": null,
            "roe_4q": 0,
            "gross_profit": null,
            "gross_margin": null,
            "gross_margin_4q_avg": 0,
            "net_income": null,
            "net_income_4q": null,
            "revenue": null,
            "revenue_4q": null,
            "common_shares": null,
            "book_valuer_per_share": null,
            "book_valuer_per_share_4q_avg": 0,
            "equity": null,
            "current_ratio": null,
            "debt_ratio": null,
            "inventory_turnover_ratio": null,
            "account_receivable_turnover_ratio": null,
            "reinvestment_rate": null,
            "research_to_sale_ratio": null,
            "price_fair": 0,
            "eps_avg_yearly": 0,
            "eps_latest_yearly": 0,
            "eps_growth_yearly": 0
        },
        "20071": {
            "year_quarter": 20071,
            "year": 2007,
            "quarter": 1,
            "eps": null,
            "eps_growth_year": null,
            "eps_4q": null,
            "eps_4q_growth_year": null,
            "roe": null,
            "roe_4q": 0,
            "gross_profit": null,
            "gross_margin": null,
            "gross_margin_4q_avg": 0,
            "net_income": null,
            "net_income_4q": null,
            "revenue": null,
            "revenue_4q": null,
            "common_shares": null,
            "book_valuer_per_share": null,
            "book_valuer_per_share_4q_avg": 0,
            "equity": null,
            "current_ratio": null,
            "debt_ratio": null,
            "inventory_turnover_ratio": null,
            "account_receivable_turnover_ratio": null,
            "reinvestment_rate": null,
            "research_to_sale_ratio": null,
            "price_fair": 0,
            "eps_avg_yearly": 0,
            "eps_latest_yearly": 0,
            "eps_growth_yearly": 0
        },
        "20072": {
            "year_quarter": 20072,
            "year": 2007,
            "quarter": 2,
            "eps": null,
            "eps_growth_year": null,
            "eps_4q": null,
            "eps_4q_growth_year": null,
            "roe": null,
            "roe_4q": 0,
            "gross_profit": null,
            "gross_margin": null,
            "gross_margin_4q_avg": 0,
            "net_income": null,
            "net_income_4q": null,
            "revenue": null,
            "revenue_4q": null,
            "common_shares": null,
            "book_valuer_per_share": null,
            "book_valuer_per_share_4q_avg": 0,
            "equity": null,
            "current_ratio": null,
            "debt_ratio": null,
            "inventory_turnover_ratio": null,
            "account_receivable_turnover_ratio": null,
            "reinvestment_rate": null,
            "research_to_sale_ratio": null,
            "price_fair": 0,
            "eps_avg_yearly": 0,
            "eps_latest_yearly": 0,
            "eps_growth_yearly": 0
        },
        "20073": {
            "year_quarter": 20073,
            "year": 2007,
            "quarter": 3,
            "eps": null,
            "eps_growth_year": null,
            "eps_4q": null,
            "eps_4q_growth_year": null,
            "roe": null,
            "roe_4q": 0,
            "gross_profit": null,
            "gross_margin": null,
            "gross_margin_4q_avg": 0,
            "net_income": null,
            "net_income_4q": null,
            "revenue": null,
            "revenue_4q": null,
            "common_shares": null,
            "book_valuer_per_share": null,
            "book_valuer_per_share_4q_avg": 0,
            "equity": null,
            "current_ratio": null,
            "debt_ratio": null,
            "inventory_turnover_ratio": null,
            "account_receivable_turnover_ratio": null,
            "reinvestment_rate": null,
            "research_to_sale_ratio": null,
            "price_fair": 0,
            "eps_avg_yearly": 0,
            "eps_latest_yearly": 0,
            "eps_growth_yearly": 0
        },
        "20074": {
            "year_quarter": 20074,
            "year": 2007,
            "quarter": 4,
            "eps": null,
            "eps_growth_year": null,
            "eps_4q": null,
            "eps_4q_growth_year": null,
            "roe": null,
            "roe_4q": 0,
            "gross_profit": null,
            "gross_margin": null,
            "gross_margin_4q_avg": 0,
            "net_income": null,
            "net_income_4q": null,
            "revenue": null,
            "revenue_4q": null,
            "common_shares": null,
            "book_valuer_per_share": null,
            "book_valuer_per_share_4q_avg": 0,
            "equity": null,
            "current_ratio": null,
            "debt_ratio": null,
            "inventory_turnover_ratio": null,
            "account_receivable_turnover_ratio": null,
            "reinvestment_rate": null,
            "research_to_sale_ratio": null,
            "price_fair": 0,
            "eps_avg_yearly": 0,
            "eps_latest_yearly": 0,
            "eps_growth_yearly": 0
        },
        "20081": {
            "year_quarter": 20081,
            "year": 2008,
            "quarter": 1,
            "eps": null,
            "eps_growth_year": null,
            "eps_4q": null,
            "eps_4q_growth_year": null,
            "roe": null,
            "roe_4q": 0,
            "gross_profit": null,
            "gross_margin": null,
            "gross_margin_4q_avg": 0,
            "net_income": null,
            "net_income_4q": null,
            "revenue": null,
            "revenue_4q": null,
            "common_shares": null,
            "book_valuer_per_share": null,
            "book_valuer_per_share_4q_avg": 0,
            "equity": null,
            "current_ratio": null,
            "debt_ratio": null,
            "inventory_turnover_ratio": null,
            "account_receivable_turnover_ratio": null,
            "reinvestment_rate": null,
            "research_to_sale_ratio": null,
            "price_fair": 0,
            "eps_avg_yearly": 0,
            "eps_latest_yearly": 0,
            "eps_growth_yearly": 0
        },
        "20082": {
            "year_quarter": 20082,
            "year": 2008,
            "quarter": 2,
            "eps": null,
            "eps_growth_year": null,
            "eps_4q": null,
            "eps_4q_growth_year": null,
            "roe": null,
            "roe_4q": 0,
            "gross_profit": null,
            "gross_margin": null,
            "gross_margin_4q_avg": 0,
            "net_income": null,
            "net_income_4q": null,
            "revenue": null,
            "revenue_4q": null,
            "common_shares": null,
            "book_valuer_per_share": null,
            "book_valuer_per_share_4q_avg": 0,
            "equity": null,
            "current_ratio": null,
            "debt_ratio": null,
            "inventory_turnover_ratio": null,
            "account_receivable_turnover_ratio": null,
            "reinvestment_rate": null,
            "research_to_sale_ratio": null,
            "price_fair": 0,
            "eps_avg_yearly": 0,
            "eps_latest_yearly": 0,
            "eps_growth_yearly": 0
        },
        "20083": {
            "year_quarter": 20083,
            "year": 2008,
            "quarter": 3,
            "eps": null,
            "eps_growth_year": null,
            "eps_4q": null,
            "eps_4q_growth_year": null,
            "roe": null,
            "roe_4q": 0,
            "gross_profit": null,
            "gross_margin": null,
            "gross_margin_4q_avg": 0,
            "net_income": null,
            "net_income_4q": null,
            "revenue": null,
            "revenue_4q": null,
            "common_shares": null,
            "book_valuer_per_share": null,
            "book_valuer_per_share_4q_avg": 0,
            "equity": null,
            "current_ratio": null,
            "debt_ratio": null,
            "inventory_turnover_ratio": null,
            "account_receivable_turnover_ratio": null,
            "reinvestment_rate": null,
            "research_to_sale_ratio": null,
            "price_fair": 0,
            "eps_avg_yearly": 0,
            "eps_latest_yearly": 0,
            "eps_growth_yearly": 0
        },
        "20084": {
            "year_quarter": 20084,
            "year": 2008,
            "quarter": 4,
            "eps": null,
            "eps_growth_year": null,
            "eps_4q": null,
            "eps_4q_growth_year": null,
            "roe": null,
            "roe_4q": 0,
            "gross_profit": null,
            "gross_margin": null,
            "gross_margin_4q_avg": 0,
            "net_income": null,
            "net_income_4q": null,
            "revenue": null,
            "revenue_4q": null,
            "common_shares": null,
            "book_valuer_per_share": null,
            "book_valuer_per_share_4q_avg": 0,
            "equity": null,
            "current_ratio": null,
            "debt_ratio": null,
            "inventory_turnover_ratio": null,
            "account_receivable_turnover_ratio": null,
            "reinvestment_rate": null,
            "research_to_sale_ratio": null,
            "price_fair": 0,
            "eps_avg_yearly": 0,
            "eps_latest_yearly": 0,
            "eps_growth_yearly": 0
        },
        "20091": {
            "year_quarter": 20091,
            "year": 2009,
            "quarter": 1,
            "eps": null,
            "eps_growth_year": null,
            "eps_4q": null,
            "eps_4q_growth_year": null,
            "roe": null,
            "roe_4q": 0,
            "gross_profit": null,
            "gross_margin": null,
            "gross_margin_4q_avg": 0,
            "net_income": null,
            "net_income_4q": null,
            "revenue": null,
            "revenue_4q": null,
            "common_shares": null,
            "book_valuer_per_share": null,
            "book_valuer_per_share_4q_avg": 0,
            "equity": null,
            "current_ratio": null,
            "debt_ratio": null,
            "inventory_turnover_ratio": null,
            "account_receivable_turnover_ratio": null,
            "reinvestment_rate": null,
            "research_to_sale_ratio": null,
            "price_fair": 0,
            "eps_avg_yearly": 0,
            "eps_latest_yearly": 0,
            "eps_growth_yearly": 0
        },
        "20092": {
            "year_quarter": 20092,
            "year": 2009,
            "quarter": 2,
            "eps": null,
            "eps_growth_year": null,
            "eps_4q": null,
            "eps_4q_growth_year": null,
            "roe": null,
            "roe_4q": 0,
            "gross_profit": null,
            "gross_margin": null,
            "gross_margin_4q_avg": 0,
            "net_income": null,
            "net_income_4q": null,
            "revenue": null,
            "revenue_4q": null,
            "common_shares": null,
            "book_valuer_per_share": null,
            "book_valuer_per_share_4q_avg": 0,
            "equity": null,
            "current_ratio": null,
            "debt_ratio": null,
            "inventory_turnover_ratio": null,
            "account_receivable_turnover_ratio": null,
            "reinvestment_rate": null,
            "research_to_sale_ratio": null,
            "price_fair": 0,
            "eps_avg_yearly": 0,
            "eps_latest_yearly": 0,
            "eps_growth_yearly": 0
        },
        "20093": {
            "year_quarter": 20093,
            "year": 2009,
            "quarter": 3,
            "eps": null,
            "eps_growth_year": null,
            "eps_4q": null,
            "eps_4q_growth_year": null,
            "roe": null,
            "roe_4q": 0,
            "gross_profit": null,
            "gross_margin": null,
            "gross_margin_4q_avg": 0,
            "net_income": null,
            "net_income_4q": null,
            "revenue": null,
            "revenue_4q": null,
            "common_shares": null,
            "book_valuer_per_share": null,
            "book_valuer_per_share_4q_avg": 0,
            "equity": null,
            "current_ratio": null,
            "debt_ratio": null,
            "inventory_turnover_ratio": null,
            "account_receivable_turnover_ratio": null,
            "reinvestment_rate": null,
            "research_to_sale_ratio": null,
            "price_fair": 0,
            "eps_avg_yearly": 0,
            "eps_latest_yearly": 0,
            "eps_growth_yearly": 0
        },
        "20094": {
            "year_quarter": 20094,
            "year": 2009,
            "quarter": 4,
            "eps": null,
            "eps_growth_year": null,
            "eps_4q": null,
            "eps_4q_growth_year": null,
            "roe": null,
            "roe_4q": 0,
            "gross_profit": null,
            "gross_margin": null,
            "gross_margin_4q_avg": 0,
            "net_income": null,
            "net_income_4q": null,
            "revenue": null,
            "revenue_4q": null,
            "common_shares": null,
            "book_valuer_per_share": null,
            "book_valuer_per_share_4q_avg": 0,
            "equity": null,
            "current_ratio": null,
            "debt_ratio": null,
            "inventory_turnover_ratio": null,
            "account_receivable_turnover_ratio": null,
            "reinvestment_rate": null,
            "research_to_sale_ratio": null,
            "price_fair": 0,
            "eps_avg_yearly": 0,
            "eps_latest_yearly": 0,
            "eps_growth_yearly": 0
        },
        "20101": {
            "year_quarter": 20101,
            "year": 2010,
            "quarter": 1,
            "eps": null,
            "eps_growth_year": null,
            "eps_4q": null,
            "eps_4q_growth_year": null,
            "roe": null,
            "roe_4q": 0,
            "gross_profit": null,
            "gross_margin": null,
            "gross_margin_4q_avg": 0,
            "net_income": null,
            "net_income_4q": null,
            "revenue": null,
            "revenue_4q": null,
            "common_shares": null,
            "book_valuer_per_share": null,
            "book_valuer_per_share_4q_avg": 0,
            "equity": null,
            "current_ratio": null,
            "debt_ratio": null,
            "inventory_turnover_ratio": null,
            "account_receivable_turnover_ratio": null,
            "reinvestment_rate": null,
            "research_to_sale_ratio": null,
            "price_fair": 0,
            "eps_avg_yearly": 0,
            "eps_latest_yearly": 0,
            "eps_growth_yearly": 0
        },
        "20102": {
            "year_quarter": 20102,
            "year": 2010,
            "quarter": 2,
            "eps": null,
            "eps_growth_year": null,
            "eps_4q": null,
            "eps_4q_growth_year": null,
            "roe": null,
            "roe_4q": 0,
            "gross_profit": null,
            "gross_margin": null,
            "gross_margin_4q_avg": 0,
            "net_income": null,
            "net_income_4q": null,
            "revenue": null,
            "revenue_4q": null,
            "common_shares": null,
            "book_valuer_per_share": null,
            "book_valuer_per_share_4q_avg": 0,
            "equity": null,
            "current_ratio": null,
            "debt_ratio": null,
            "inventory_turnover_ratio": null,
            "account_receivable_turnover_ratio": null,
            "reinvestment_rate": null,
            "research_to_sale_ratio": null,
            "price_fair": 0,
            "eps_avg_yearly": 0,
            "eps_latest_yearly": 0,
            "eps_growth_yearly": 0
        },
        "20103": {
            "year_quarter": 20103,
            "year": 2010,
            "quarter": 3,
            "eps": null,
            "eps_growth_year": null,
            "eps_4q": null,
            "eps_4q_growth_year": null,
            "roe": null,
            "roe_4q": 0,
            "gross_profit": null,
            "gross_margin": null,
            "gross_margin_4q_avg": 0,
            "net_income": null,
            "net_income_4q": null,
            "revenue": null,
            "revenue_4q": null,
            "common_shares": null,
            "book_valuer_per_share": null,
            "book_valuer_per_share_4q_avg": 0,
            "equity": null,
            "current_ratio": null,
            "debt_ratio": null,
            "inventory_turnover_ratio": null,
            "account_receivable_turnover_ratio": null,
            "reinvestment_rate": null,
            "research_to_sale_ratio": null,
            "price_fair": 0,
            "eps_avg_yearly": 0,
            "eps_latest_yearly": 0,
            "eps_growth_yearly": 0
        },
        "20104": {
            "year_quarter": 20104,
            "year": 2010,
            "quarter": 4,
            "eps": null,
            "eps_growth_year": null,
            "eps_4q": null,
            "eps_4q_growth_year": null,
            "roe": null,
            "roe_4q": 0,
            "gross_profit": null,
            "gross_margin": null,
            "gross_margin_4q_avg": 0,
            "net_income": null,
            "net_income_4q": null,
            "revenue": null,
            "revenue_4q": null,
            "common_shares": null,
            "book_valuer_per_share": null,
            "book_valuer_per_share_4q_avg": 0,
            "equity": null,
            "current_ratio": null,
            "debt_ratio": null,
            "inventory_turnover_ratio": null,
            "account_receivable_turnover_ratio": null,
            "reinvestment_rate": null,
            "research_to_sale_ratio": null,
            "price_fair": 0,
            "eps_avg_yearly": 0,
            "eps_latest_yearly": 0,
            "eps_growth_yearly": 0
        },
        "20111": {
            "year_quarter": 20111,
            "year": 2011,
            "quarter": 1,
            "eps": null,
            "eps_growth_year": null,
            "eps_4q": null,
            "eps_4q_growth_year": null,
            "roe": null,
            "roe_4q": 0,
            "gross_profit": null,
            "gross_margin": null,
            "gross_margin_4q_avg": 0,
            "net_income": null,
            "net_income_4q": null,
            "revenue": null,
            "revenue_4q": null,
            "common_shares": null,
            "book_valuer_per_share": null,
            "book_valuer_per_share_4q_avg": 0,
            "equity": null,
            "current_ratio": null,
            "debt_ratio": null,
            "inventory_turnover_ratio": null,
            "account_receivable_turnover_ratio": null,
            "reinvestment_rate": null,
            "research_to_sale_ratio": null,
            "price_fair": 0,
            "eps_avg_yearly": 0,
            "eps_latest_yearly": 0,
            "eps_growth_yearly": 0
        },
        "20112": {
            "year_quarter": 20112,
            "year": 2011,
            "quarter": 2,
            "eps": null,
            "eps_growth_year": null,
            "eps_4q": null,
            "eps_4q_growth_year": null,
            "roe": null,
            "roe_4q": 0,
            "gross_profit": null,
            "gross_margin": null,
            "gross_margin_4q_avg": 0,
            "net_income": null,
            "net_income_4q": null,
            "revenue": null,
            "revenue_4q": null,
            "common_shares": null,
            "book_valuer_per_share": null,
            "book_valuer_per_share_4q_avg": 0,
            "equity": null,
            "current_ratio": null,
            "debt_ratio": null,
            "inventory_turnover_ratio": null,
            "account_receivable_turnover_ratio": null,
            "reinvestment_rate": null,
            "research_to_sale_ratio": null,
            "price_fair": 0,
            "eps_avg_yearly": 0,
            "eps_latest_yearly": 0,
            "eps_growth_yearly": 0
        },
        "20113": {
            "year_quarter": 20113,
            "year": 2011,
            "quarter": 3,
            "eps": null,
            "eps_growth_year": null,
            "eps_4q": null,
            "eps_4q_growth_year": null,
            "roe": null,
            "roe_4q": 0,
            "gross_profit": null,
            "gross_margin": null,
            "gross_margin_4q_avg": 0,
            "net_income": null,
            "net_income_4q": null,
            "revenue": null,
            "revenue_4q": null,
            "common_shares": null,
            "book_valuer_per_share": null,
            "book_valuer_per_share_4q_avg": 0,
            "equity": null,
            "current_ratio": null,
            "debt_ratio": null,
            "inventory_turnover_ratio": null,
            "account_receivable_turnover_ratio": null,
            "reinvestment_rate": null,
            "research_to_sale_ratio": null,
            "price_fair": 0,
            "eps_avg_yearly": 0,
            "eps_latest_yearly": 0,
            "eps_growth_yearly": 0
        },
        "20114": {
            "year_quarter": 20114,
            "year": 2011,
            "quarter": 4,
            "eps": null,
            "eps_growth_year": null,
            "eps_4q": null,
            "eps_4q_growth_year": null,
            "roe": null,
            "roe_4q": 0,
            "gross_profit": null,
            "gross_margin": null,
            "gross_margin_4q_avg": 0,
            "net_income": null,
            "net_income_4q": null,
            "revenue": null,
            "revenue_4q": null,
            "common_shares": 1800000,
            "book_valuer_per_share": 40.43,
            "book_valuer_per_share_4q_avg": 10.11,
            "equity": 7276548,
            "current_ratio": 568.24,
            "debt_ratio": 7.4,
            "inventory_turnover_ratio": null,
            "account_receivable_turnover_ratio": null,
            "reinvestment_rate": null,
            "research_to_sale_ratio": null,
            "price_fair": 0,
            "eps_avg_yearly": 0,
            "eps_latest_yearly": 0,
            "eps_growth_yearly": 0
        },
        "20121": {
            "year_quarter": 20121,
            "year": 2012,
            "quarter": 1,
            "eps": null,
            "eps_growth_year": null,
            "eps_4q": null,
            "eps_4q_growth_year": null,
            "roe": null,
            "roe_4q": 0,
            "gross_profit": null,
            "gross_margin": null,
            "gross_margin_4q_avg": 0,
            "net_income": null,
            "net_income_4q": null,
            "revenue": null,
            "revenue_4q": null,
            "common_shares": null,
            "book_valuer_per_share": null,
            "book_valuer_per_share_4q_avg": 10.11,
            "equity": null,
            "current_ratio": null,
            "debt_ratio": null,
            "inventory_turnover_ratio": null,
            "account_receivable_turnover_ratio": null,
            "reinvestment_rate": null,
            "research_to_sale_ratio": null,
            "price_fair": 0,
            "eps_avg_yearly": 0,
            "eps_latest_yearly": 0,
            "eps_growth_yearly": 0
        },
        "20122": {
            "year_quarter": 20122,
            "year": 2012,
            "quarter": 2,
            "eps": null,
            "eps_growth_year": null,
            "eps_4q": null,
            "eps_4q_growth_year": null,
            "roe": null,
            "roe_4q": 0,
            "gross_profit": null,
            "gross_margin": null,
            "gross_margin_4q_avg": 0,
            "net_income": null,
            "net_income_4q": null,
            "revenue": null,
            "revenue_4q": null,
            "common_shares": null,
            "book_valuer_per_share": null,
            "book_valuer_per_share_4q_avg": 10.11,
            "equity": null,
            "current_ratio": null,
            "debt_ratio": null,
            "inventory_turnover_ratio": null,
            "account_receivable_turnover_ratio": null,
            "reinvestment_rate": null,
            "research_to_sale_ratio": null,
            "price_fair": 0,
            "eps_avg_yearly": 0,
            "eps_latest_yearly": 0,
            "eps_growth_yearly": 0
        },
        "20123": {
            "year_quarter": 20123,
            "year": 2012,
            "quarter": 3,
            "eps": null,
            "eps_growth_year": null,
            "eps_4q": null,
            "eps_4q_growth_year": null,
            "roe": null,
            "roe_4q": 0,
            "gross_profit": null,
            "gross_margin": null,
            "gross_margin_4q_avg": 0,
            "net_income": null,
            "net_income_4q": null,
            "revenue": null,
            "revenue_4q": null,
            "common_shares": null,
            "book_valuer_per_share": null,
            "book_valuer_per_share_4q_avg": 10.11,
            "equity": null,
            "current_ratio": null,
            "debt_ratio": null,
            "inventory_turnover_ratio": null,
            "account_receivable_turnover_ratio": null,
            "reinvestment_rate": null,
            "research_to_sale_ratio": null,
            "price_fair": 0,
            "eps_avg_yearly": 0,
            "eps_latest_yearly": 0,
            "eps_growth_yearly": 0
        },
        "20124": {
            "year_quarter": 20124,
            "year": 2012,
            "quarter": 4,
            "eps": null,
            "eps_growth_year": null,
            "eps_4q": null,
            "eps_4q_growth_year": null,
            "roe": null,
            "roe_4q": 0,
            "gross_profit": null,
            "gross_margin": null,
            "gross_margin_4q_avg": 0,
            "net_income": null,
            "net_income_4q": null,
            "revenue": null,
            "revenue_4q": null,
            "common_shares": 3175000,
            "book_valuer_per_share": 41.51,
            "book_valuer_per_share_4q_avg": 10.38,
            "equity": 13178079,
            "current_ratio": 128.58,
            "debt_ratio": 44.01,
            "inventory_turnover_ratio": null,
            "account_receivable_turnover_ratio": null,
            "reinvestment_rate": null,
            "research_to_sale_ratio": null,
            "price_fair": 0,
            "eps_avg_yearly": 0,
            "eps_latest_yearly": 0,
            "eps_growth_yearly": 0
        },
        "20131": {
            "year_quarter": 20131,
            "year": 2013,
            "quarter": 1,
            "eps": null,
            "eps_growth_year": null,
            "eps_4q": null,
            "eps_4q_growth_year": null,
            "roe": null,
            "roe_4q": 0,
            "gross_profit": null,
            "gross_margin": null,
            "gross_margin_4q_avg": 0,
            "net_income": null,
            "net_income_4q": null,
            "revenue": null,
            "revenue_4q": null,
            "common_shares": null,
            "book_valuer_per_share": null,
            "book_valuer_per_share_4q_avg": 10.38,
            "equity": null,
            "current_ratio": null,
            "debt_ratio": null,
            "inventory_turnover_ratio": null,
            "account_receivable_turnover_ratio": null,
            "reinvestment_rate": null,
            "research_to_sale_ratio": null,
            "price_fair": 0,
            "eps_avg_yearly": 0,
            "eps_latest_yearly": 0,
            "eps_growth_yearly": 0
        },
        "20132": {
            "year_quarter": 20132,
            "year": 2013,
            "quarter": 2,
            "eps": null,
            "eps_growth_year": null,
            "eps_4q": null,
            "eps_4q_growth_year": null,
            "roe": null,
            "roe_4q": 0,
            "gross_profit": null,
            "gross_margin": null,
            "gross_margin_4q_avg": 0,
            "net_income": null,
            "net_income_4q": null,
            "revenue": null,
            "revenue_4q": null,
            "common_shares": 3175000,
            "book_valuer_per_share": null,
            "book_valuer_per_share_4q_avg": 10.38,
            "equity": 12412970,
            "current_ratio": null,
            "debt_ratio": null,
            "inventory_turnover_ratio": null,
            "account_receivable_turnover_ratio": null,
            "reinvestment_rate": null,
            "research_to_sale_ratio": null,
            "price_fair": 0,
            "eps_avg_yearly": 0,
            "eps_latest_yearly": 0,
            "eps_growth_yearly": 0
        },
        "20133": {
            "year_quarter": 20133,
            "year": 2013,
            "quarter": 3,
            "eps": null,
            "eps_growth_year": null,
            "eps_4q": null,
            "eps_4q_growth_year": null,
            "roe": null,
            "roe_4q": 0,
            "gross_profit": null,
            "gross_margin": null,
            "gross_margin_4q_avg": 0,
            "net_income": null,
            "net_income_4q": null,
            "revenue": null,
            "revenue_4q": null,
            "common_shares": null,
            "book_valuer_per_share": null,
            "book_valuer_per_share_4q_avg": 10.38,
            "equity": null,
            "current_ratio": null,
            "debt_ratio": null,
            "inventory_turnover_ratio": null,
            "account_receivable_turnover_ratio": null,
            "reinvestment_rate": null,
            "research_to_sale_ratio": null,
            "price_fair": 0,
            "eps_avg_yearly": 0,
            "eps_latest_yearly": 0,
            "eps_growth_yearly": 0
        },
        "20134": {
            "year_quarter": 20134,
            "year": 2013,
            "quarter": 4,
            "eps": null,
            "eps_growth_year": null,
            "eps_4q": null,
            "eps_4q_growth_year": null,
            "roe": null,
            "roe_4q": 0,
            "gross_profit": null,
            "gross_margin": null,
            "gross_margin_4q_avg": 0,
            "net_income": null,
            "net_income_4q": null,
            "revenue": null,
            "revenue_4q": null,
            "common_shares": 3175000,
            "book_valuer_per_share": null,
            "book_valuer_per_share_4q_avg": 0,
            "equity": 13134744,
            "current_ratio": null,
            "debt_ratio": null,
            "inventory_turnover_ratio": null,
            "account_receivable_turnover_ratio": null,
            "reinvestment_rate": null,
            "research_to_sale_ratio": null,
            "price_fair": 0,
            "eps_avg_yearly": 0,
            "eps_latest_yearly": 0,
            "eps_growth_yearly": 0
        },
        "20141": {
            "year_quarter": 20141,
            "year": 2014,
            "quarter": 1,
            "eps": null,
            "eps_growth_year": null,
            "eps_4q": null,
            "eps_4q_growth_year": null,
            "roe": null,
            "roe_4q": 0,
            "gross_profit": 1022763,
            "gross_margin": null,
            "gross_margin_4q_avg": 0,
            "net_income": 544128,
            "net_income_4q": null,
            "revenue": 3703439,
            "revenue_4q": null,
            "common_shares": 3175000,
            "book_valuer_per_share": 43.89,
            "book_valuer_per_share_4q_avg": 10.97,
            "equity": 13934738,
            "current_ratio": 180.12,
            "debt_ratio": 37.34,
            "inventory_turnover_ratio": null,
            "account_receivable_turnover_ratio": null,
            "reinvestment_rate": null,
            "research_to_sale_ratio": null,
            "price_fair": 0,
            "eps_avg_yearly": 0,
            "eps_latest_yearly": 0,
            "eps_growth_yearly": 0
        },
        "20142": {
            "year_quarter": 20142,
            "year": 2014,
            "quarter": 2,
            "eps": 1.35,
            "eps_growth_year": null,
            "eps_4q": null,
            "eps_4q_growth_year": null,
            "roe": 3.25,
            "roe_4q": 3.25,
            "gross_profit": 730704,
            "gross_margin": 18.09,
            "gross_margin_4q_avg": 4.52,
            "net_income": 429780,
            "net_income_4q": null,
            "revenue": 4038410,
            "revenue_4q": null,
            "common_shares": 3175000,
            "book_valuer_per_share": 39.46,
            "book_valuer_per_share_4q_avg": 20.84,
            "equity": 12529848,
            "current_ratio": 151.22,
            "debt_ratio": 40.63,
            "inventory_turnover_ratio": 0.93,
            "account_receivable_turnover_ratio": 2.32,
            "reinvestment_rate": null,
            "research_to_sale_ratio": null,
            "price_fair": 0,
            "eps_avg_yearly": 0,
            "eps_latest_yearly": 0,
            "eps_growth_yearly": 0
        },
        "20143": {
            "year_quarter": 20143,
            "year": 2014,
            "quarter": 3,
            "eps": null,
            "eps_growth_year": null,
            "eps_4q": null,
            "eps_4q_growth_year": null,
            "roe": null,
            "roe_4q": 3.25,
            "gross_profit": 954506,
            "gross_margin": null,
            "gross_margin_4q_avg": 4.52,
            "net_income": 576567,
            "net_income_4q": null,
            "revenue": 4226681,
            "revenue_4q": null,
            "common_shares": 3175000,
            "book_valuer_per_share": 40.49,
            "book_valuer_per_share_4q_avg": 30.96,
            "equity": 12856000,
            "current_ratio": 162.8,
            "debt_ratio": 39,
            "inventory_turnover_ratio": null,
            "account_receivable_turnover_ratio": null,
            "reinvestment_rate": null,
            "research_to_sale_ratio": null,
            "price_fair": 0,
            "eps_avg_yearly": 0,
            "eps_latest_yearly": 0,
            "eps_growth_yearly": 0
        },
        "20144": {
            "year_quarter": 20144,
            "year": 2014,
            "quarter": 4,
            "eps": null,
            "eps_growth_year": null,
            "eps_4q": null,
            "eps_4q_growth_year": null,
            "roe": null,
            "roe_4q": 3.25,
            "gross_profit": 1020048,
            "gross_margin": null,
            "gross_margin_4q_avg": 4.52,
            "net_income": 544957,
            "net_income_4q": null,
            "revenue": 3953161,
            "revenue_4q": null,
            "common_shares": 3175000,
            "book_valuer_per_share": 41.57,
            "book_valuer_per_share_4q_avg": 41.35,
            "equity": 13200814,
            "current_ratio": 174.29,
            "debt_ratio": 38.27,
            "inventory_turnover_ratio": null,
            "account_receivable_turnover_ratio": null,
            "reinvestment_rate": null,
            "research_to_sale_ratio": null,
            "price_fair": 0,
            "eps_avg_yearly": 0,
            "eps_latest_yearly": 0,
            "eps_growth_yearly": 0
        },
        "20151": {
            "year_quarter": 20151,
            "year": 2015,
            "quarter": 1,
            "eps": 1.4,
            "eps_growth_year": null,
            "eps_4q": 2.59,
            "eps_4q_growth_year": null,
            "roe": 3.3,
            "roe_4q": 6.55,
            "gross_profit": 1019122,
            "gross_margin": 25.2,
            "gross_margin_4q_avg": 10.82,
            "net_income": 475796,
            "net_income_4q": null,
            "revenue": 4044311,
            "revenue_4q": null,
            "common_shares": 3492500,
            "book_valuer_per_share": 44.69,
            "book_valuer_per_share_4q_avg": 41.55,
            "equity": 15606317,
            "current_ratio": 240.65,
            "debt_ratio": 31.41,
            "inventory_turnover_ratio": 1.1,
            "account_receivable_turnover_ratio": 1.02,
            "reinvestment_rate": null,
            "research_to_sale_ratio": 3.02,
            "price_fair": 0,
            "eps_avg_yearly": 0,
            "eps_latest_yearly": 0,
            "eps_growth_yearly": 0
        },
        "20152": {
            "year_quarter": 20152,
            "year": 2015,
            "quarter": 2,
            "eps": 1.47,
            "eps_growth_year": 8.6,
            "eps_4q": 2.83,
            "eps_4q_growth_year": null,
            "roe": 3.47,
            "roe_4q": 6.77,
            "gross_profit": 1054971,
            "gross_margin": 26.49,
            "gross_margin_4q_avg": 12.92,
            "net_income": 511659,
            "net_income_4q": null,
            "revenue": 3982919,
            "revenue_4q": null,
            "common_shares": 3492500,
            "book_valuer_per_share": 39.78,
            "book_valuer_per_share_4q_avg": 41.63,
            "equity": 13894086,
            "current_ratio": 177.02,
            "debt_ratio": 38.97,
            "inventory_turnover_ratio": 1.08,
            "account_receivable_turnover_ratio": 0.91,
            "reinvestment_rate": null,
            "research_to_sale_ratio": 3.72,
            "price_fair": 176.4,
            "eps_avg_yearly": 5.88,
            "eps_latest_yearly": 5.88,
            "eps_growth_yearly": 20
        },
        "20153": {
            "year_quarter": 20153,
            "year": 2015,
            "quarter": 3,
            "eps": 1.69,
            "eps_growth_year": null,
            "eps_4q": 4.28,
            "eps_4q_growth_year": null,
            "roe": 3.92,
            "roe_4q": 10.690000000000001,
            "gross_profit": 1117947,
            "gross_margin": 29.7,
            "gross_margin_4q_avg": 20.35,
            "net_income": 594272,
            "net_income_4q": null,
            "revenue": 3764479,
            "revenue_4q": null,
            "common_shares": 3692500,
            "book_valuer_per_share": 44.59,
            "book_valuer_per_share_4q_avg": 42.66,
            "equity": 16464768,
            "current_ratio": 246.89,
            "debt_ratio": 29.86,
            "inventory_turnover_ratio": 0.92,
            "account_receivable_turnover_ratio": 0.83,
            "reinvestment_rate": null,
            "research_to_sale_ratio": 3.81,
            "price_fair": 221.2,
            "eps_avg_yearly": 6.32,
            "eps_latest_yearly": 6.76,
            "eps_growth_yearly": 39.93
        },
        "20154": {
            "year_quarter": 20154,
            "year": 2015,
            "quarter": 4,
            "eps": 1.25,
            "eps_growth_year": null,
            "eps_4q": 5.54,
            "eps_4q_growth_year": null,
            "roe": 2.79,
            "roe_4q": 13.48,
            "gross_profit": 881130,
            "gross_margin": 25.04,
            "gross_margin_4q_avg": 26.61,
            "net_income": 462466,
            "net_income_4q": null,
            "revenue": 3518753,
            "revenue_4q": null,
            "common_shares": 3692500,
            "book_valuer_per_share": 45.29,
            "book_valuer_per_share_4q_avg": 43.59,
            "equity": 16724597,
            "current_ratio": 245.82,
            "debt_ratio": 29.78,
            "inventory_turnover_ratio": 0.85,
            "account_receivable_turnover_ratio": 0.78,
            "reinvestment_rate": null,
            "research_to_sale_ratio": 3.89,
            "price_fair": 17.64,
            "eps_avg_yearly": 5.88,
            "eps_latest_yearly": 5,
            "eps_growth_yearly": -8.09
        },
        "20161": {
            "year_quarter": 20161,
            "year": 2016,
            "quarter": 1,
            "eps": 0.78,
            "eps_growth_year": -44.29,
            "eps_4q": 5.03,
            "eps_4q_growth_year": 93.84,
            "roe": 1.69,
            "roe_4q": 11.870000000000001,
            "gross_profit": 837120,
            "gross_margin": 22.95,
            "gross_margin_4q_avg": 26.05,
            "net_income": 287490,
            "net_income_4q": null,
            "revenue": 3647314,
            "revenue_4q": null,
            "common_shares": 3692500,
            "book_valuer_per_share": 46.71,
            "book_valuer_per_share_4q_avg": 44.09,
            "equity": 17246310,
            "current_ratio": 252.87,
            "debt_ratio": 29.03,
            "inventory_turnover_ratio": 0.83,
            "account_receivable_turnover_ratio": 0.84,
            "reinvestment_rate": null,
            "research_to_sale_ratio": 3.99,
            "price_fair": 15.57,
            "eps_avg_yearly": 5.19,
            "eps_latest_yearly": 3.12,
            "eps_growth_yearly": -43.67
        },
        "20162": {
            "year_quarter": 20162,
            "year": 2016,
            "quarter": 2,
            "eps": 1.22,
            "eps_growth_year": -17.01,
            "eps_4q": 4.86,
            "eps_4q_growth_year": 72.07,
            "roe": 2.67,
            "roe_4q": 11.07,
            "gross_profit": 1048792,
            "gross_margin": 26.87,
            "gross_margin_4q_avg": 26.14,
            "net_income": 452155,
            "net_income_4q": null,
            "revenue": 3903121,
            "revenue_4q": null,
            "common_shares": 3692500,
            "book_valuer_per_share": 44.85,
            "book_valuer_per_share_4q_avg": 45.36,
            "equity": 16565985,
            "current_ratio": 179.46,
            "debt_ratio": 34.65,
            "inventory_turnover_ratio": 0.76,
            "account_receivable_turnover_ratio": 0.9,
            "reinvestment_rate": null,
            "research_to_sale_ratio": 4.12,
            "price_fair": 103.55,
            "eps_avg_yearly": 5.13,
            "eps_latest_yearly": 4.88,
            "eps_growth_yearly": 10.19
        },
        "20163": {
            "year_quarter": 20163,
            "year": 2016,
            "quarter": 3,
            "eps": 1,
            "eps_growth_year": -40.83,
            "eps_4q": 4.26,
            "eps_4q_growth_year": -0.63,
            "roe": 2.2,
            "roe_4q": 9.350000000000001,
            "gross_profit": 1041028,
            "gross_margin": 24.4,
            "gross_margin_4q_avg": 24.82,
            "net_income": 369458,
            "net_income_4q": null,
            "revenue": 4265796,
            "revenue_4q": null,
            "common_shares": 3692500,
            "book_valuer_per_share": 45.89,
            "book_valuer_per_share_4q_avg": 45.69,
            "equity": 16948550,
            "current_ratio": 176.3,
            "debt_ratio": 37.12,
            "inventory_turnover_ratio": 0.73,
            "account_receivable_turnover_ratio": 0.93,
            "reinvestment_rate": null,
            "research_to_sale_ratio": 3.62,
            "price_fair": 14.82,
            "eps_avg_yearly": 4.94,
            "eps_latest_yearly": 4,
            "eps_growth_yearly": -3.53
        },
        "20164": {
            "year_quarter": 20164,
            "year": 2016,
            "quarter": 4,
            "eps": -0.46,
            "eps_growth_year": -136.72,
            "eps_4q": 2.54,
            "eps_4q_growth_year": -54.04,
            "roe": -1.04,
            "roe_4q": 5.52,
            "gross_profit": 1203443,
            "gross_margin": 18.2,
            "gross_margin_4q_avg": 23.11,
            "net_income": -169932,
            "net_income_4q": null,
            "revenue": 6610719,
            "revenue_4q": null,
            "common_shares": 3692500,
            "book_valuer_per_share": 42.72,
            "book_valuer_per_share_4q_avg": 45.04,
            "equity": 15818502,
            "current_ratio": 89.24,
            "debt_ratio": 73.88,
            "inventory_turnover_ratio": 0.89,
            "account_receivable_turnover_ratio": 1.07,
            "reinvestment_rate": null,
            "research_to_sale_ratio": 4.02,
            "price_fair": 14.82,
            "eps_avg_yearly": 4.94,
            "eps_latest_yearly": 4,
            "eps_growth_yearly": -3.53
        },
        "20171": {
            "year_quarter": 20171,
            "year": 2017,
            "quarter": 1,
            "eps": 0.95,
            "eps_growth_year": 21.79,
            "eps_4q": 2.71,
            "eps_4q_growth_year": -46.07,
            "roe": 2.22,
            "roe_4q": 6.050000000000001,
            "gross_profit": 2120820,
            "gross_margin": 20.04,
            "gross_margin_4q_avg": 22.38,
            "net_income": 348917,
            "net_income_4q": null,
            "revenue": 10581360,
            "revenue_4q": null,
            "common_shares": 3692500,
            "book_valuer_per_share": 42.39,
            "book_valuer_per_share_4q_avg": 43.96,
            "equity": 15663030,
            "current_ratio": 72.02,
            "debt_ratio": 72.59,
            "inventory_turnover_ratio": 1.19,
            "account_receivable_turnover_ratio": 1.36,
            "reinvestment_rate": null,
            "research_to_sale_ratio": 3.04,
            "price_fair": 14.82,
            "eps_avg_yearly": 4.94,
            "eps_latest_yearly": 4,
            "eps_growth_yearly": -3.53
        },
        "20172": {
            "year_quarter": 20172,
            "year": 2017,
            "quarter": 2,
            "eps": 3.09,
            "eps_growth_year": 153.28,
            "eps_4q": 4.21,
            "eps_4q_growth_year": -13.44,
            "roe": 5.64,
            "roe_4q": 9.02,
            "gross_profit": 2756568,
            "gross_margin": 24.6,
            "gross_margin_4q_avg": 21.81,
            "net_income": 1293374,
            "net_income_4q": null,
            "revenue": 11205068,
            "revenue_4q": null,
            "common_shares": 4372500,
            "book_valuer_per_share": 69.04,
            "book_valuer_per_share_4q_avg": 50.01,
            "equity": 30198859,
            "current_ratio": 148.83,
            "debt_ratio": 49.55,
            "inventory_turnover_ratio": 1.19,
            "account_receivable_turnover_ratio": 1.4,
            "reinvestment_rate": null,
            "research_to_sale_ratio": 2.9,
            "price_fair": 210,
            "eps_avg_yearly": 6,
            "eps_latest_yearly": 12.36,
            "eps_growth_yearly": 125.7
        },
        "20173": {
            "year_quarter": 20173,
            "year": 2017,
            "quarter": 3,
            "eps": 3.78,
            "eps_growth_year": 278,
            "eps_4q": 7.15,
            "eps_4q_growth_year": 67.86,
            "roe": 5.34,
            "roe_4q": 12.16,
            "gross_profit": 3149120,
            "gross_margin": 26.29,
            "gross_margin_4q_avg": 22.28,
            "net_income": 1653572,
            "net_income_4q": null,
            "revenue": 11978439,
            "revenue_4q": null,
            "common_shares": 4372500,
            "book_valuer_per_share": 72.67,
            "book_valuer_per_share_4q_avg": 56.71,
            "equity": 31781511,
            "current_ratio": 169.33,
            "debt_ratio": 50.17,
            "inventory_turnover_ratio": 1.19,
            "account_receivable_turnover_ratio": 1.49,
            "reinvestment_rate": null,
            "research_to_sale_ratio": 3.07,
            "price_fair": 249.9,
            "eps_avg_yearly": 7.14,
            "eps_latest_yearly": 15.12,
            "eps_growth_yearly": 121.15
        },
        "20174": {
            "year_quarter": 20174,
            "year": 2017,
            "quarter": 4,
            "eps": 4.53,
            "eps_growth_year": null,
            "eps_4q": 12.06,
            "eps_4q_growth_year": 374.13,
            "roe": 6.02,
            "roe_4q": 19.22,
            "gross_profit": 3781258,
            "gross_margin": 30.38,
            "gross_margin_4q_avg": 25.33,
            "net_income": 1982344,
            "net_income_4q": null,
            "revenue": 12447734,
            "revenue_4q": null,
            "common_shares": 4372500,
            "book_valuer_per_share": 77.86,
            "book_valuer_per_share_4q_avg": 65.49,
            "equity": 34054406,
            "current_ratio": 157.79,
            "debt_ratio": 51.51,
            "inventory_turnover_ratio": 1.17,
            "account_receivable_turnover_ratio": 1.58,
            "reinvestment_rate": 181.33,
            "research_to_sale_ratio": 3.47,
            "price_fair": 292.6,
            "eps_avg_yearly": 8.36,
            "eps_latest_yearly": 18.12,
            "eps_growth_yearly": 116.51
        },
        "20181": {
            "year_quarter": 20181,
            "year": 2018,
            "quarter": 1,
            "eps": 6.36,
            "eps_growth_year": 569.47,
            "eps_4q": 17.62,
            "eps_4q_growth_year": 550.07,
            "roe": 7.81,
            "roe_4q": 24.81,
            "gross_profit": 5028833,
            "gross_margin": 36.15,
            "gross_margin_4q_avg": 29.36,
            "net_income": 2779228,
            "net_income_4q": null,
            "revenue": 13909958,
            "revenue_4q": null,
            "common_shares": 4372500,
            "book_valuer_per_share": 84.88,
            "book_valuer_per_share_4q_avg": 76.11,
            "equity": 37120462,
            "current_ratio": 197.97,
            "debt_ratio": 53.05,
            "inventory_turnover_ratio": 1.21,
            "account_receivable_turnover_ratio": 1.73,
            "reinvestment_rate": 151.83,
            "research_to_sale_ratio": null,
            "price_fair": 352.38,
            "eps_avg_yearly": 10.07,
            "eps_latest_yearly": 25.44,
            "eps_growth_yearly": 121.02
        },
        "20182": {
            "year_quarter": 20182,
            "year": 2018,
            "quarter": 2,
            "eps": 8,
            "eps_growth_year": 158.9,
            "eps_4q": 22.67,
            "eps_4q_growth_year": 438.29,
            "roe": 9.48,
            "roe_4q": 28.65,
            "gross_profit": 5313373,
            "gross_margin": 36.98,
            "gross_margin_4q_avg": 32.45,
            "net_income": 3499919,
            "net_income_4q": null,
            "revenue": 14367993,
            "revenue_4q": null,
            "common_shares": 4372500,
            "book_valuer_per_share": 83.87,
            "book_valuer_per_share_4q_avg": 79.82,
            "equity": 36688667,
            "current_ratio": 181.05,
            "debt_ratio": 54.1,
            "inventory_turnover_ratio": 1.25,
            "account_receivable_turnover_ratio": 1.67,
            "reinvestment_rate": 130.7,
            "research_to_sale_ratio": 2.79,
            "price_fair": 422.16,
            "eps_avg_yearly": 12.06,
            "eps_latest_yearly": 32,
            "eps_growth_yearly": 119.39
        },
        "20183": {
            "year_quarter": 20183,
            "year": 2018,
            "quarter": 3,
            "eps": 8.31,
            "eps_growth_year": 119.84,
            "eps_4q": 27.2,
            "eps_4q_growth_year": 280.61,
            "roe": 9.49,
            "roe_4q": 32.8,
            "gross_profit": 5916997,
            "gross_margin": 39.03,
            "gross_margin_4q_avg": 35.64,
            "net_income": 3633636,
            "net_income_4q": null,
            "revenue": 15161616,
            "revenue_4q": null,
            "common_shares": 4372500,
            "book_valuer_per_share": 91.17,
            "book_valuer_per_share_4q_avg": 84.45,
            "equity": 39878076,
            "current_ratio": 225.91,
            "debt_ratio": 54.58,
            "inventory_turnover_ratio": 1.32,
            "account_receivable_turnover_ratio": 1.69,
            "reinvestment_rate": 111.57,
            "research_to_sale_ratio": 2.81,
            "price_fair": 483.93,
            "eps_avg_yearly": 13.83,
            "eps_latest_yearly": 33.24,
            "eps_growth_yearly": 110.73
        },
        "20184": {
            "year_quarter": 20184,
            "year": 2018,
            "quarter": 4,
            "eps": 8.51,
            "eps_growth_year": 87.83,
            "eps_4q": 31.17,
            "eps_4q_growth_year": 158.42,
            "roe": 8.96,
            "roe_4q": 35.74,
            "gross_profit": 6018158,
            "gross_margin": 38.52,
            "gross_margin_4q_avg": 37.67,
            "net_income": 3720988,
            "net_income_4q": null,
            "revenue": 15623944,
            "revenue_4q": null,
            "common_shares": 4372500,
            "book_valuer_per_share": 98.66,
            "book_valuer_per_share_4q_avg": 89.65,
            "equity": 43156113,
            "current_ratio": 217.83,
            "debt_ratio": 51.95,
            "inventory_turnover_ratio": 1.37,
            "account_receivable_turnover_ratio": 1.72,
            "reinvestment_rate": 100.93,
            "research_to_sale_ratio": 2.78,
            "price_fair": 538.35,
            "eps_avg_yearly": 15.38,
            "eps_latest_yearly": 34.04,
            "eps_growth_yearly": 102.96
        },
        "20191": {
            "year_quarter": 20191,
            "year": 2019,
            "quarter": 1,
            "eps": 8.88,
            "eps_growth_year": 39.62,
            "eps_4q": 33.81,
            "eps_4q_growth_year": 91.85,
            "roe": 8.56,
            "roe_4q": 36.49000000000001,
            "gross_profit": 6393293,
            "gross_margin": 41.01,
            "gross_margin_4q_avg": 38.89,
            "net_income": 3857417,
            "net_income_4q": null,
            "revenue": 15591100,
            "revenue_4q": null,
            "common_shares": 4372500,
            "book_valuer_per_share": 107.88,
            "book_valuer_per_share_4q_avg": 95.4,
            "equity": 46961176,
            "current_ratio": 256.74,
            "debt_ratio": 50.51,
            "inventory_turnover_ratio": 1.3,
            "account_receivable_turnover_ratio": 1.65,
            "reinvestment_rate": 87.57,
            "research_to_sale_ratio": 2.63,
            "price_fair": 588.7,
            "eps_avg_yearly": 16.82,
            "eps_latest_yearly": 35.52,
            "eps_growth_yearly": 96.84
        },
        "20192": {
            "year_quarter": 20192,
            "year": 2019,
            "quarter": 2,
            "eps": 8.15,
            "eps_growth_year": 1.88,
            "eps_4q": 33.91,
            "eps_4q_growth_year": 49.61,
            "roe": 8.12,
            "roe_4q": 35.13,
            "gross_profit": 5884890,
            "gross_margin": 40.05,
            "gross_margin_4q_avg": 39.65,
            "net_income": 3542051,
            "net_income_4q": null,
            "revenue": 14693905,
            "revenue_4q": null,
            "common_shares": 4372500,
            "book_valuer_per_share": 92.58,
            "book_valuer_per_share_4q_avg": 97.57,
            "equity": 40299653,
            "current_ratio": 190.82,
            "debt_ratio": 57.84,
            "inventory_turnover_ratio": 1.17,
            "account_receivable_turnover_ratio": 1.55,
            "reinvestment_rate": 83.34,
            "research_to_sale_ratio": 2.91,
            "price_fair": 655.5,
            "eps_avg_yearly": 18.73,
            "eps_latest_yearly": 32.6,
            "eps_growth_yearly": 93.07
        },
        "20193": {
            "year_quarter": 20193,
            "year": 2019,
            "quarter": 3,
            "eps": 7.64,
            "eps_growth_year": -8.06,
            "eps_4q": 33.21,
            "eps_4q_growth_year": 22.13,
            "roe": 7.98,
            "roe_4q": 33.620000000000005,
            "gross_profit": 5406572,
            "gross_margin": 37.8,
            "gross_margin_4q_avg": 39.35,
            "net_income": 3327626,
            "net_income_4q": null,
            "revenue": 14303162,
            "revenue_4q": null,
            "common_shares": 4372500,
            "book_valuer_per_share": 98.96,
            "book_valuer_per_share_4q_avg": 99.52,
            "equity": 43076202,
            "current_ratio": 190.13,
            "debt_ratio": 55.45,
            "inventory_turnover_ratio": 1.17,
            "account_receivable_turnover_ratio": 1.54,
            "reinvestment_rate": 77.77,
            "research_to_sale_ratio": 3.16,
            "price_fair": 715,
            "eps_avg_yearly": 20.43,
            "eps_latest_yearly": 30.56,
            "eps_growth_yearly": 87
        },
        "20194": {
            "year_quarter": 20194,
            "year": 2019,
            "quarter": 4,
            "eps": 6.68,
            "eps_growth_year": -21.47,
            "eps_4q": 31.35,
            "eps_4q_growth_year": 0.56,
            "roe": 6.6,
            "roe_4q": 31.259999999999998,
            "gross_profit": 5161966,
            "gross_margin": 38.22,
            "gross_margin_4q_avg": 39.27,
            "net_income": 2908562,
            "net_income_4q": null,
            "revenue": 13506164,
            "revenue_4q": null,
            "common_shares": 4372500,
            "book_valuer_per_share": 103.55,
            "book_valuer_per_share_4q_avg": 100.74,
            "equity": 45073250,
            "current_ratio": 191.35,
            "debt_ratio": 53.33,
            "inventory_turnover_ratio": 1.18,
            "account_receivable_turnover_ratio": 1.55,
            "reinvestment_rate": 76.05,
            "research_to_sale_ratio": 3.12,
            "price_fair": 769.3,
            "eps_avg_yearly": 21.98,
            "eps_latest_yearly": 26.72,
            "eps_growth_yearly": 90.85
        },
        "20201": {
            "year_quarter": 20201,
            "year": 2020,
            "quarter": 1,
            "eps": 6.62,
            "eps_growth_year": -25.45,
            "eps_4q": 29.09,
            "eps_4q_growth_year": -13.95,
            "roe": 7.06,
            "roe_4q": 29.759999999999998,
            "gross_profit": 4937527,
            "gross_margin": 36.53,
            "gross_margin_4q_avg": 38.15,
            "net_income": 2880380,
            "net_income_4q": null,
            "revenue": 13514739,
            "revenue_4q": null,
            "common_shares": 4372500,
            "book_valuer_per_share": 84.03,
            "book_valuer_per_share_4q_avg": 94.78,
            "equity": 36573557,
            "current_ratio": 126.78,
            "debt_ratio": 62.18,
            "inventory_turnover_ratio": 1.29,
            "account_receivable_turnover_ratio": 1.62,
            "reinvestment_rate": 72.52,
            "research_to_sale_ratio": 2.8,
            "price_fair": 827.7,
            "eps_avg_yearly": 23.65,
            "eps_latest_yearly": 26.48,
            "eps_growth_yearly": 101.34
        },
        "20202": {
            "year_quarter": 20202,
            "year": 2020,
            "quarter": 2,
            "eps": 7.81,
            "eps_growth_year": -4.17,
            "eps_4q": 28.75,
            "eps_4q_growth_year": -15.23,
            "roe": 8.91,
            "roe_4q": 30.55,
            "gross_profit": 5283752,
            "gross_margin": 38.56,
            "gross_margin_4q_avg": 37.78,
            "net_income": 3397432,
            "net_income_4q": null,
            "revenue": 13700920,
            "revenue_4q": null,
            "common_shares": 4372500,
            "book_valuer_per_share": 91.21,
            "book_valuer_per_share_4q_avg": 94.44,
            "equity": 39698300,
            "current_ratio": 155.21,
            "debt_ratio": 57.78,
            "inventory_turnover_ratio": 1.26,
            "account_receivable_turnover_ratio": 1.62,
            "reinvestment_rate": 67.61,
            "research_to_sale_ratio": 2.54,
            "price_fair": 893.6,
            "eps_avg_yearly": 25.53,
            "eps_latest_yearly": 31.24,
            "eps_growth_yearly": 90.36
        },
        "20203": {
            "year_quarter": 20203,
            "year": 2020,
            "quarter": 3,
            "eps": 7.78,
            "eps_growth_year": 1.83,
            "eps_4q": 28.89,
            "eps_4q_growth_year": -13.02,
            "roe": 8.18,
            "roe_4q": 30.75,
            "gross_profit": 5215060,
            "gross_margin": 37.23,
            "gross_margin_4q_avg": 37.64,
            "net_income": 3388174,
            "net_income_4q": null,
            "revenue": 14006136,
            "revenue_4q": null,
            "common_shares": 4372500,
            "book_valuer_per_share": 99.01,
            "book_valuer_per_share_4q_avg": 94.45,
            "equity": 43093055,
            "current_ratio": 168.49,
            "debt_ratio": 53.58,
            "inventory_turnover_ratio": 1.22,
            "account_receivable_turnover_ratio": 1.68,
            "reinvestment_rate": 61.46,
            "research_to_sale_ratio": 3.03,
            "price_fair": 961.4,
            "eps_avg_yearly": 27.47,
            "eps_latest_yearly": 31.12,
            "eps_growth_yearly": 95.4
        },
        "20204": {
            "year_quarter": 20204,
            "year": 2020,
            "quarter": 4,
            "eps": 7.9,
            "eps_growth_year": 18.2,
            "eps_4q": 30.11,
            "eps_4q_growth_year": -3.96,
            "roe": 7.88,
            "roe_4q": 32.03,
            "gross_profit": 5131775,
            "gross_margin": 36.3,
            "gross_margin_4q_avg": 37.16,
            "net_income": 3437645,
            "net_income_4q": null,
            "revenue": 14136993,
            "revenue_4q": null,
            "common_shares": 4372500,
            "book_valuer_per_share": 101.45,
            "book_valuer_per_share_4q_avg": 93.93,
            "equity": 44154900,
            "current_ratio": 169.06,
            "debt_ratio": 53.45,
            "inventory_turnover_ratio": 1.24,
            "account_receivable_turnover_ratio": 1.73,
            "reinvestment_rate": 16.2,
            "research_to_sale_ratio": 3.34,
            "price_fair": 971.04,
            "eps_avg_yearly": 27.74,
            "eps_latest_yearly": 31.6,
            "eps_growth_yearly": 89.45
        },
        "20211": {
            "year_quarter": 20211,
            "year": 2021,
            "quarter": 1,
            "eps": 6.18,
            "eps_growth_year": -6.65,
            "eps_4q": 29.67,
            "eps_4q_growth_year": 1.99,
            "roe": 6.05,
            "roe_4q": 31.02,
            "gross_profit": 5193206,
            "gross_margin": 35.08,
            "gross_margin_4q_avg": 36.79,
            "net_income": 2690393,
            "net_income_4q": null,
            "revenue": 14805831,
            "revenue_4q": null,
            "common_shares": 4372500,
            "book_valuer_per_share": 102.81,
            "book_valuer_per_share_4q_avg": 98.62,
            "equity": 44746685,
            "current_ratio": 106.59,
            "debt_ratio": 53.67,
            "inventory_turnover_ratio": 1.38,
            "account_receivable_turnover_ratio": 1.73,
            "reinvestment_rate": 52.96,
            "research_to_sale_ratio": 3.37,
            "price_fair": 964.43,
            "eps_avg_yearly": 27.56,
            "eps_latest_yearly": 24.72,
            "eps_growth_yearly": 78.42
        },
        "20212": {
            "year_quarter": 20212,
            "year": 2021,
            "quarter": 2,
            "eps": 9.09,
            "eps_growth_year": 16.39,
            "eps_4q": 30.95,
            "eps_4q_growth_year": 7.65,
            "roe": 8.76,
            "roe_4q": 30.869999999999997,
            "gross_profit": 5584173,
            "gross_margin": 36.72,
            "gross_margin_4q_avg": 36.33,
            "net_income": 3954624,
            "net_income_4q": null,
            "revenue": 15208467,
            "revenue_4q": null,
            "common_shares": 4372500,
            "book_valuer_per_share": 104.53,
            "book_valuer_per_share_4q_avg": 101.95,
            "equity": 45497432,
            "current_ratio": 214.54,
            "debt_ratio": 65.4,
            "inventory_turnover_ratio": 1.4,
            "account_receivable_turnover_ratio": 1.69,
            "reinvestment_rate": 50.51,
            "research_to_sale_ratio": 3.12,
            "price_fair": 1016.93,
            "eps_avg_yearly": 29.06,
            "eps_latest_yearly": 36.36,
            "eps_growth_yearly": 33.87
        },
        "20213": {
            "year_quarter": 20213,
            "year": 2021,
            "quarter": 3,
            "eps": 7.13,
            "eps_growth_year": -8.35,
            "eps_4q": 30.3,
            "eps_4q_growth_year": 4.88,
            "roe": 6.68,
            "roe_4q": 29.369999999999997,
            "gross_profit": 6010409,
            "gross_margin": 39.12,
            "gross_margin_4q_avg": 36.81,
            "net_income": 3104662,
            "net_income_4q": null,
            "revenue": 15363849,
            "revenue_4q": null,
            "common_shares": 4372500,
            "book_valuer_per_share": 108.93,
            "book_valuer_per_share_4q_avg": 104.43,
            "equity": 47411348,
            "current_ratio": 331.95,
            "debt_ratio": 66.07,
            "inventory_turnover_ratio": 1.34,
            "account_receivable_turnover_ratio": 1.7,
            "reinvestment_rate": 45.86,
            "research_to_sale_ratio": 3.55,
            "price_fair": 983.46,
            "eps_avg_yearly": 29.89,
            "eps_latest_yearly": 28.52,
            "eps_growth_yearly": 22.9
        },
        "20214": {
            "year_quarter": 20214,
            "year": 2021,
            "quarter": 4,
            "eps": 4.87,
            "eps_growth_year": -38.32,
            "eps_4q": 27.27,
            "eps_4q_growth_year": -9.41,
            "roe": 4.56,
            "roe_4q": 26.05,
            "gross_profit": 6498100,
            "gross_margin": 41.25,
            "gross_margin_4q_avg": 38.04,
            "net_income": 2120358,
            "net_income_4q": null,
            "revenue": 15752445,
            "revenue_4q": null,
            "common_shares": 4372500,
            "book_valuer_per_share": 104.84,
            "book_valuer_per_share_4q_avg": 105.28,
            "equity": 45631503,
            "current_ratio": 285.48,
            "debt_ratio": 69.71,
            "inventory_turnover_ratio": 1.29,
            "account_receivable_turnover_ratio": 1.72,
            "reinvestment_rate": 48.68,
            "research_to_sale_ratio": 3.5,
            "price_fair": 600.01,
            "eps_avg_yearly": 29.98,
            "eps_latest_yearly": 19.48,
            "eps_growth_yearly": 10.02
        },
        "20221": {
            "year_quarter": 20221,
            "year": 2022,
            "quarter": 1,
            "eps": 4.01,
            "eps_growth_year": -35.11,
            "eps_4q": 25.1,
            "eps_4q_growth_year": -15.4,
            "roe": 3.76,
            "roe_4q": 23.759999999999998,
            "gross_profit": 6947825,
            "gross_margin": 42.61,
            "gross_margin_4q_avg": 39.93,
            "net_income": 1745836,
            "net_income_4q": null,
            "revenue": 16306525,
            "revenue_4q": null,
            "common_shares": 4372500,
            "book_valuer_per_share": 108.64,
            "book_valuer_per_share_4q_avg": 106.74,
            "equity": 47285813,
            "current_ratio": 344.63,
            "debt_ratio": 68.44,
            "inventory_turnover_ratio": 1.27,
            "account_receivable_turnover_ratio": 1.76,
            "reinvestment_rate": 38.33,
            "research_to_sale_ratio": 2.99,
            "price_fair": 88.17,
            "eps_avg_yearly": 29.39,
            "eps_latest_yearly": 16.04,
            "eps_growth_yearly": -4.5
        },
        "20222": {
            "year_quarter": 20222,
            "year": 2022,
            "quarter": 2,
            "eps": 6.24,
            "eps_growth_year": -31.35,
            "eps_4q": 22.26,
            "eps_4q_growth_year": -28.09,
            "roe": 5.89,
            "roe_4q": 20.889999999999997,
            "gross_profit": 7644731,
            "gross_margin": 43.59,
            "gross_margin_4q_avg": 41.64,
            "net_income": 2716069,
            "net_income_4q": null,
            "revenue": 17539783,
            "revenue_4q": null,
            "common_shares": 4372500,
            "book_valuer_per_share": 103.14,
            "book_valuer_per_share_4q_avg": 106.39,
            "equity": 44888954,
            "current_ratio": 313.39,
            "debt_ratio": 71.1,
            "inventory_turnover_ratio": 1.32,
            "account_receivable_turnover_ratio": 1.73,
            "reinvestment_rate": 27.64,
            "research_to_sale_ratio": 2.77,
            "price_fair": 375.12,
            "eps_avg_yearly": 28.95,
            "eps_latest_yearly": 24.96,
            "eps_growth_yearly": 2.96
        },
        "20223": {
            "year_quarter": 20223,
            "year": 2022,
            "quarter": 3,
            "eps": 11.74,
            "eps_growth_year": 64.66,
            "eps_4q": 26.87,
            "eps_4q_growth_year": -11.33,
            "roe": 10.76,
            "roe_4q": 24.969999999999995,
            "gross_profit": 7891569,
            "gross_margin": 43.71,
            "gross_margin_4q_avg": 42.79,
            "net_income": 5111138,
            "net_income_4q": null,
            "revenue": 18052791,
            "revenue_4q": null,
            "common_shares": 4372500,
            "book_valuer_per_share": 115.09,
            "book_valuer_per_share_4q_avg": 107.93,
            "equity": 50090557,
            "current_ratio": 354.02,
            "debt_ratio": 68.34,
            "inventory_turnover_ratio": 1.31,
            "account_receivable_turnover_ratio": 1.72,
            "reinvestment_rate": 24.99,
            "research_to_sale_ratio": 3.26,
            "price_fair": 1014.17,
            "eps_avg_yearly": 29.81,
            "eps_latest_yearly": 46.96,
            "eps_growth_yearly": 24.02
        },
        "20224": {
            "year_quarter": 20224,
            "year": 2022,
            "quarter": 4,
            "eps": 13.31,
            "eps_growth_year": 173.27,
            "eps_4q": 35.31,
            "eps_4q_growth_year": 29.46,
            "roe": 11.1,
            "roe_4q": 31.509999999999998,
            "gross_profit": 7857464,
            "gross_margin": 42.73,
            "gross_margin_4q_avg": 43.16,
            "net_income": 5794343,
            "net_income_4q": null,
            "revenue": 18387772,
            "revenue_4q": null,
            "common_shares": 4352370,
            "book_valuer_per_share": 124.81,
            "book_valuer_per_share_4q_avg": 112.92,
            "equity": 54324005,
            "current_ratio": 306.19,
            "debt_ratio": 67.95,
            "inventory_turnover_ratio": 1.27,
            "account_receivable_turnover_ratio": 1.81,
            "reinvestment_rate": 34.63,
            "research_to_sale_ratio": 2.87,
            "price_fair": 1085.26,
            "eps_avg_yearly": 31.01,
            "eps_latest_yearly": 53.24,
            "eps_growth_yearly": 26.77
        },
        "20231": {
            "year_quarter": 20231,
            "year": 2023,
            "quarter": 1,
            "eps": 11.49,
            "eps_growth_year": 186.53,
            "eps_4q": 42.79,
            "eps_4q_growth_year": 70.44,
            "roe": 8.89,
            "roe_4q": 36.64,
            "gross_profit": 7551286,
            "gross_margin": 40.56,
            "gross_margin_4q_avg": 42.65,
            "net_income": 5000228,
            "net_income_4q": null,
            "revenue": 18616154,
            "revenue_4q": null,
            "common_shares": 4352370,
            "book_valuer_per_share": 133.65,
            "book_valuer_per_share_4q_avg": 119.17,
            "equity": 58168680,
            "current_ratio": 306.78,
            "debt_ratio": 66.94,
            "inventory_turnover_ratio": 1.25,
            "account_receivable_turnover_ratio": 1.82,
            "reinvestment_rate": 40.42,
            "research_to_sale_ratio": 2.82,
            "price_fair": 1021.35,
            "eps_avg_yearly": 31.66,
            "eps_latest_yearly": 45.96,
            "eps_growth_yearly": 22.26
        },
        "20232": {
            "year_quarter": 20232,
            "year": 2023,
            "quarter": 2,
            "eps": 11,
            "eps_growth_year": 76.28,
            "eps_4q": 47.55,
            "eps_4q_growth_year": 113.64,
            "roe": 8.17,
            "roe_4q": 38.92,
            "gross_profit": 6743934,
            "gross_margin": 37.68,
            "gross_margin_4q_avg": 41.17,
            "net_income": 4788915,
            "net_income_4q": null,
            "revenue": 17896260,
            "revenue_4q": null,
            "common_shares": 4352370,
            "book_valuer_per_share": 135.65,
            "book_valuer_per_share_4q_avg": 127.3,
            "equity": 59044474,
            "current_ratio": 182.39,
            "debt_ratio": 65.89,
            "inventory_turnover_ratio": 1.21,
            "account_receivable_turnover_ratio": 1.71,
            "reinvestment_rate": 50.14,
            "research_to_sale_ratio": 3.26,
            "price_fair": 1076.36,
            "eps_avg_yearly": 32.37,
            "eps_latest_yearly": 44,
            "eps_growth_yearly": 23.25
        },
        "20233": {
            "year_quarter": 20233,
            "year": 2023,
            "quarter": 3,
            "eps": 12.73,
            "eps_growth_year": 8.43,
            "eps_4q": 48.53,
            "eps_4q_growth_year": 80.64,
            "roe": 8.85,
            "roe_4q": 37.01,
            "gross_profit": 6361416,
            "gross_margin": 36.61,
            "gross_margin_4q_avg": 39.4,
            "net_income": 5538490,
            "net_income_4q": null,
            "revenue": 17375910,
            "revenue_4q": null,
            "common_shares": 4352370,
            "book_valuer_per_share": 152.06,
            "book_valuer_per_share_4q_avg": 136.54,
            "equity": 66187619,
            "current_ratio": 148.61,
            "debt_ratio": 63.72,
            "inventory_turnover_ratio": 1.19,
            "account_receivable_turnover_ratio": 1.67,
            "reinvestment_rate": 69.59,
            "research_to_sale_ratio": 3.58,
            "price_fair": 1177.58,
            "eps_avg_yearly": 33.65,
            "eps_latest_yearly": 50.92,
            "eps_growth_yearly": 28.75
        }
    },
    "months": {
        "2014-10": {
            "month": "2014-10",
            "price": "86.30",
            "revenue": 1303010
        },
        "2014-11": {
            "month": "2014-11",
            "price": "82.03",
            "revenue": 1303783
        },
        "2014-12": {
            "month": "2014-12",
            "price": "89.44",
            "revenue": 1402485
        },
        "2015-01": {
            "month": "2015-01",
            "price": "87.78",
            "revenue": 1357712
        },
        "2015-02": {
            "month": "2015-02",
            "price": "100.00",
            "revenue": 1306912
        },
        "2015-03": {
            "month": "2015-03",
            "price": "99.56",
            "revenue": 1379686
        },
        "2015-04": {
            "month": "2015-04",
            "price": "92.86",
            "revenue": 1350379
        },
        "2015-05": {
            "month": "2015-05",
            "price": "90.57",
            "revenue": 1315765
        },
        "2015-06": {
            "month": "2015-06",
            "price": "87.83",
            "revenue": 1316776
        },
        "2015-07": {
            "month": "2015-07",
            "price": "82.98",
            "revenue": 1260234
        },
        "2015-08": {
            "month": "2015-08",
            "price": "72.54",
            "revenue": 1226641
        },
        "2015-09": {
            "month": "2015-09",
            "price": "66.20",
            "revenue": 1277603
        },
        "2015-10": {
            "month": "2015-10",
            "price": "71.73",
            "revenue": 1174036
        },
        "2015-11": {
            "month": "2015-11",
            "price": "75.80",
            "revenue": 1175601
        },
        "2015-12": {
            "month": "2015-12",
            "price": "79.10",
            "revenue": 1169116
        },
        "2016-01": {
            "month": "2016-01",
            "price": "73.18",
            "revenue": 1207013
        },
        "2016-02": {
            "month": "2016-02",
            "price": "75.58",
            "revenue": 1212494
        },
        "2016-03": {
            "month": "2016-03",
            "price": "79.00",
            "revenue": 1227806
        },
        "2016-04": {
            "month": "2016-04",
            "price": "73.11",
            "revenue": 1242510
        },
        "2016-05": {
            "month": "2016-05",
            "price": "67.67",
            "revenue": 1321046
        },
        "2016-06": {
            "month": "2016-06",
            "price": "69.29",
            "revenue": 1339565
        },
        "2016-07": {
            "month": "2016-07",
            "price": "68.39",
            "revenue": 1413004
        },
        "2016-08": {
            "month": "2016-08",
            "price": "68.46",
            "revenue": 1424513
        },
        "2016-09": {
            "month": "2016-09",
            "price": "78.29",
            "revenue": 1428278
        },
        "2016-10": {
            "month": "2016-10",
            "price": "76.46",
            "revenue": 1430040
        },
        "2016-11": {
            "month": "2016-11",
            "price": "89.61",
            "revenue": 1490071
        },
        "2016-12": {
            "month": "2016-12",
            "price": "106.30",
            "revenue": 3690608
        },
        "2017-01": {
            "month": "2017-01",
            "price": "121.97",
            "revenue": 3164595
        },
        "2017-02": {
            "month": "2017-02",
            "price": "171.61",
            "revenue": 3339663
        },
        "2017-03": {
            "month": "2017-03",
            "price": "204.37",
            "revenue": 4077102
        },
        "2017-04": {
            "month": "2017-04",
            "price": "232.53",
            "revenue": 3407136
        },
        "2017-05": {
            "month": "2017-05",
            "price": "230.48",
            "revenue": 3669916
        },
        "2017-06": {
            "month": "2017-06",
            "price": "231.43",
            "revenue": 4128016
        },
        "2017-07": {
            "month": "2017-07",
            "price": "235.93",
            "revenue": 3809800
        },
        "2017-08": {
            "month": "2017-08",
            "price": "249.37",
            "revenue": 3980171
        },
        "2017-09": {
            "month": "2017-09",
            "price": "288.93",
            "revenue": 4188468
        },
        "2017-10": {
            "month": "2017-10",
            "price": "337.89",
            "revenue": 3942253
        },
        "2017-11": {
            "month": "2017-11",
            "price": "384.52",
            "revenue": 4207269
        },
        "2017-12": {
            "month": "2017-12",
            "price": "389.24",
            "revenue": 4298213
        },
        "2018-01": {
            "month": "2018-01",
            "price": "438.98",
            "revenue": 4737400
        },
        "2018-02": {
            "month": "2018-02",
            "price": "422.50",
            "revenue": 4294905
        },
        "2018-03": {
            "month": "2018-03",
            "price": "443.80",
            "revenue": 4877652
        },
        "2018-04": {
            "month": "2018-04",
            "price": "486.61",
            "revenue": 4583035
        },
        "2018-05": {
            "month": "2018-05",
            "price": "543.86",
            "revenue": 4779119
        },
        "2018-06": {
            "month": "2018-06",
            "price": "527.65",
            "revenue": 5005839
        },
        "2018-07": {
            "month": "2018-07",
            "price": "507.36",
            "revenue": 4962388
        },
        "2018-08": {
            "month": "2018-08",
            "price": "421.17",
            "revenue": 5191354
        },
        "2018-09": {
            "month": "2018-09",
            "price": "323.13",
            "revenue": 5007874
        },
        "2018-10": {
            "month": "2018-10",
            "price": "260.82",
            "revenue": 5282606
        },
        "2018-11": {
            "month": "2018-11",
            "price": "304.50",
            "revenue": 5142916
        },
        "2018-12": {
            "month": "2018-12",
            "price": "312.98",
            "revenue": 5198422
        },
        "2019-01": {
            "month": "2019-01",
            "price": "273.52",
            "revenue": 5197318
        },
        "2019-02": {
            "month": "2019-02",
            "price": "337.69",
            "revenue": 4727252
        },
        "2019-03": {
            "month": "2019-03",
            "price": "306.58",
            "revenue": 5666531
        },
        "2019-04": {
            "month": "2019-04",
            "price": "341.45",
            "revenue": 4656680
        },
        "2019-05": {
            "month": "2019-05",
            "price": "320.20",
            "revenue": 4912675
        },
        "2019-06": {
            "month": "2019-06",
            "price": "305.97",
            "revenue": 5124549
        },
        "2019-07": {
            "month": "2019-07",
            "price": "334.11",
            "revenue": 4477318
        },
        "2019-08": {
            "month": "2019-08",
            "price": "288.90",
            "revenue": 4775574
        },
        "2019-09": {
            "month": "2019-09",
            "price": "303.21",
            "revenue": 5050270
        },
        "2019-10": {
            "month": "2019-10",
            "price": "352.76",
            "revenue": 4421469
        },
        "2019-11": {
            "month": "2019-11",
            "price": "350.50",
            "revenue": 4344402
        },
        "2019-12": {
            "month": "2019-12",
            "price": "370.68",
            "revenue": 4740293
        },
        "2020-01": {
            "month": "2020-01",
            "price": "397.33",
            "revenue": 4188896
        },
        "2020-02": {
            "month": "2020-02",
            "price": "434.92",
            "revenue": 4278809
        },
        "2020-03": {
            "month": "2020-03",
            "price": "359.36",
            "revenue": 5047034
        },
        "2020-04": {
            "month": "2020-04",
            "price": "368.55",
            "revenue": 4306214
        },
        "2020-05": {
            "month": "2020-05",
            "price": "373.92",
            "revenue": 4332757
        },
        "2020-06": {
            "month": "2020-06",
            "price": "391.38",
            "revenue": 5061949
        },
        "2020-07": {
            "month": "2020-07",
            "price": "417.72",
            "revenue": 4353462
        },
        "2020-08": {
            "month": "2020-08",
            "price": "405.86",
            "revenue": 4555613
        },
        "2020-09": {
            "month": "2020-09",
            "price": "390.86",
            "revenue": 5097062
        },
        "2020-10": {
            "month": "2020-10",
            "price": "409.00",
            "revenue": 4523213
        },
        "2020-11": {
            "month": "2020-11",
            "price": "448.93",
            "revenue": 4686974
        },
        "2020-12": {
            "month": "2020-12",
            "price": "646.04",
            "revenue": 4926806
        },
        "2021-01": {
            "month": "2021-01",
            "price": "689.55",
            "revenue": 4549073
        },
        "2021-02": {
            "month": "2021-02",
            "price": "707.85",
            "revenue": 4553253
        },
        "2021-03": {
            "month": "2021-03",
            "price": "727.59",
            "revenue": 5702505
        },
        "2021-04": {
            "month": "2021-04",
            "price": "822.32",
            "revenue": 4996406
        },
        "2021-05": {
            "month": "2021-05",
            "price": "758.33",
            "revenue": 4805163
        },
        "2021-06": {
            "month": "2021-06",
            "price": "873.81",
            "revenue": 5406898
        },
        "2021-07": {
            "month": "2021-07",
            "price": "889.09",
            "revenue": 4831866
        },
        "2021-08": {
            "month": "2021-08",
            "price": "822.27",
            "revenue": 5147501
        },
        "2021-09": {
            "month": "2021-09",
            "price": "865.60",
            "revenue": 5384481
        },
        "2021-10": {
            "month": "2021-10",
            "price": "755.95",
            "revenue": 4964011
        },
        "2021-11": {
            "month": "2021-11",
            "price": "799.50",
            "revenue": 5490074
        },
        "2021-12": {
            "month": "2021-12",
            "price": "822.41",
            "revenue": 5298360
        },
        "2022-01": {
            "month": "2022-01",
            "price": "827.44",
            "revenue": 5216323
        },
        "2022-02": {
            "month": "2022-02",
            "price": "712.07",
            "revenue": 5356182
        },
        "2022-03": {
            "month": "2022-03",
            "price": "660.30",
            "revenue": 5734020
        },
        "2022-04": {
            "month": "2022-04",
            "price": "595.32",
            "revenue": 5257838
        },
        "2022-05": {
            "month": "2022-05",
            "price": "556.14",
            "revenue": 6042621
        },
        "2022-06": {
            "month": "2022-06",
            "price": "552.40",
            "revenue": 6239323
        },
        "2022-07": {
            "month": "2022-07",
            "price": "438.26",
            "revenue": 5719525
        },
        "2022-08": {
            "month": "2022-08",
            "price": "483.52",
            "revenue": 6270252
        },
        "2022-09": {
            "month": "2022-09",
            "price": "427.17",
            "revenue": 6063013
        },
        "2022-10": {
            "month": "2022-10",
            "price": "352.88",
            "revenue": 6294046
        },
        "2022-11": {
            "month": "2022-11",
            "price": "442.80",
            "revenue": 6045651
        },
        "2022-12": {
            "month": "2022-12",
            "price": "455.70",
            "revenue": 6048075
        },
        "2023-01": {
            "month": "2023-01",
            "price": "475.65",
            "revenue": 5929796
        },
        "2023-02": {
            "month": "2023-02",
            "price": "526.00",
            "revenue": 5981182
        },
        "2023-03": {
            "month": "2023-03",
            "price": "510.52",
            "revenue": 6705176
        },
        "2023-04": {
            "month": "2023-04",
            "price": "497.32",
            "revenue": 5633539
        },
        "2023-05": {
            "month": "2023-05",
            "price": "483.50",
            "revenue": 5957256
        },
        "2023-06": {
            "month": "2023-06",
            "price": "505.80",
            "revenue": 6305467
        },
        "2023-07": {
            "month": "2023-07",
            "price": "511.14",
            "revenue": 5484901
        },
        "2023-08": {
            "month": "2023-08",
            "price": "468.93",
            "revenue": 5462083
        },
        "2023-09": {
            "month": "2023-09",
            "price": "470.10",
            "revenue": 6428925
        },
        "2023-10": {
            "month": "2023-10",
            "price": "471.75",
            "revenue": 5086533
        },
        "2023-11": {
            "month": "2023-11",
            "price": "530.80",
            "revenue": 5242965
        }
    }
}
