{
    "summary": {
        "stock_name": "九齊",
        "stock_id": "6494",
        "category": "半導體",
        "main_business": "消費性IC設計",
        "website_url": "http://www.nyquest.com.tw",
        "ceo": "陳建隆",
        "pe_ratio": 20,
        "report_year_from": 2013,
        "report_year_to": 2023,
        "age": 10,
        "eps_negative_percentage": 11,
        "eps_growth_avg": {
            "last_all": 17.75,
            "last_2y": 34.77,
            "last_4y": 14.3,
            "last_8y": null,
            "last_12y": null,
            "last_16y": null,
            "last_20y": null,
            "at_2006_last_3y": null,
            "at_2007_last_3y": null,
            "at_2008_last_3y": null,
            "at_2009_last_3y": null,
            "at_2010_last_3y": null,
            "at_2011_last_3y": null,
            "at_2012_last_3y": null,
            "at_2013_last_3y": null,
            "at_2014_last_3y": null,
            "at_2015_last_3y": null,
            "at_2016_last_3y": null,
            "at_2017_last_3y": null,
            "at_2018_last_3y": null,
            "at_2019_last_3y": 4.98,
            "at_2020_last_3y": 6.4,
            "at_2021_last_3y": 29.02,
            "at_2022_last_3y": 25.98,
            "at_2023_last_3y": 25.98,
            "at_2006_last_all": null,
            "at_2007_last_all": null,
            "at_2008_last_all": null,
            "at_2009_last_all": null,
            "at_2010_last_all": null,
            "at_2011_last_all": null,
            "at_2012_last_all": null,
            "at_2013_last_all": null,
            "at_2014_last_all": null,
            "at_2015_last_all": null,
            "at_2016_last_all": null,
            "at_2017_last_all": 26.35,
            "at_2018_last_all": 6.77,
            "at_2019_last_all": 4.98,
            "at_2020_last_all": 13.76,
            "at_2021_last_all": 28.13,
            "at_2022_last_all": 17.75,
            "at_2023_last_all": 17.75
        },
        "latest_eps": 3.54,
        "latest_price": 70.7,
        "latest_roe": 8.87,
        "latest_gross_margin": 29.81,
        "latest_equity": 1186578,
        "latest_revenue": 281198,
        "latest_gross_profit": 83838,
        "latest_net_income": -26869,
        "latest_debt_ratio": 22.8,
        "latest_current_ratio": 337.19,
        "latest_account_receivable_turnover_ratio": 2.41,
        "latest_inventory_turnover_ratio": 0.41,
        "latest_reinvestment_rate": 3.78,
        "latest_research_to_sale_ratio": 26.04
    },
    "eps_dividends": {
        "2001": {
            "cash": 0,
            "stock": 0,
            "eps": 0
        },
        "2002": {
            "cash": 0,
            "stock": 0,
            "eps": 0
        },
        "2003": {
            "cash": 0,
            "stock": 0,
            "eps": 0
        },
        "2004": {
            "cash": 0,
            "stock": 0,
            "eps": 0
        },
        "2005": {
            "cash": 0,
            "stock": 0,
            "eps": 0
        },
        "2006": {
            "cash": 0,
            "stock": 0,
            "eps": 0
        },
        "2007": {
            "cash": 0,
            "stock": 0,
            "eps": 0
        },
        "2008": {
            "cash": 0,
            "stock": 0,
            "eps": 0
        },
        "2009": {
            "cash": 0,
            "stock": 0,
            "eps": 0
        },
        "2010": {
            "cash": 0,
            "stock": 0,
            "eps": 0
        },
        "2011": {
            "cash": 0,
            "stock": 0,
            "eps": 0
        },
        "2012": {
            "cash": 0,
            "stock": 0,
            "eps": 0
        },
        "2013": {
            "cash": 0,
            "stock": 0,
            "eps": 0
        },
        "2014": {
            "cash": 0,
            "stock": 0,
            "eps": 0
        },
        "2015": {
            "cash": 2.2,
            "stock": 0,
            "eps": 2.5
        },
        "2016": {
            "cash": 1.99,
            "stock": 0,
            "eps": 3.58
        },
        "2017": {
            "cash": 3,
            "stock": 0,
            "eps": 3.92
        },
        "2018": {
            "cash": 3.5,
            "stock": 0,
            "eps": 2.65
        },
        "2019": {
            "cash": 2.2,
            "stock": 0,
            "eps": 2.64
        },
        "2020": {
            "cash": 2,
            "stock": 0,
            "eps": 3.93
        },
        "2021": {
            "cash": 3.5,
            "stock": 0,
            "eps": 17.21
        },
        "2022": {
            "cash": 8,
            "stock": 0,
            "eps": 9.54
        },
        "2023": {
            "cash": 6.5,
            "stock": 0,
            "eps": -0.85
        }
    },
    "dividends": {
        "2015-07-10": {
            "cash": 2.2,
            "stock": 0
        },
        "2016-07-27": {
            "cash": 1.99,
            "stock": 0
        },
        "2017-07-25": {
            "cash": 3,
            "stock": 0
        },
        "2018-07-05": {
            "cash": 3.5,
            "stock": 0
        },
        "2019-07-19": {
            "cash": 2.2,
            "stock": 0
        },
        "2020-07-17": {
            "cash": 2,
            "stock": 0
        },
        "2021-08-20": {
            "cash": 3.5,
            "stock": 0
        },
        "2022-07-15": {
            "cash": 8,
            "stock": 0
        },
        "2023-07-31": {
            "cash": 6.5,
            "stock": 0
        }
    },
    "prices": {
        "200101": "無",
        "200102": "無",
        "200103": "無",
        "200104": "無",
        "200105": "無",
        "200106": "無",
        "200107": "無",
        "200108": "無",
        "200109": "無",
        "200110": "無",
        "200111": "無",
        "200112": "無",
        "200201": "無",
        "200202": "無",
        "200203": "無",
        "200204": "無",
        "200205": "無",
        "200206": "無",
        "200207": "無",
        "200208": "無",
        "200209": "無",
        "200210": "無",
        "200211": "無",
        "200212": "無",
        "200301": "無",
        "200302": "無",
        "200303": "無",
        "200304": "無",
        "200305": "無",
        "200306": "無",
        "200307": "無",
        "200308": "無",
        "200309": "無",
        "200310": "無",
        "200311": "無",
        "200312": "無",
        "200401": "無",
        "200402": "無",
        "200403": "無",
        "200404": "無",
        "200405": "無",
        "200406": "無",
        "200407": "無",
        "200408": "無",
        "200409": "無",
        "200410": "無",
        "200411": "無",
        "200412": "無",
        "200501": "無",
        "200502": "無",
        "200503": "無",
        "200504": "無",
        "200505": "無",
        "200506": "無",
        "200507": "無",
        "200508": "無",
        "200509": "無",
        "200510": "無",
        "200511": "無",
        "200512": "無",
        "200601": "無",
        "200602": "無",
        "200603": "無",
        "200604": "無",
        "200605": "無",
        "200606": "無",
        "200607": "無",
        "200608": "無",
        "200609": "無",
        "200610": "無",
        "200611": "無",
        "200612": "無",
        "200701": "無",
        "200702": "無",
        "200703": "無",
        "200704": "無",
        "200705": "無",
        "200706": "無",
        "200707": "無",
        "200708": "無",
        "200709": "無",
        "200710": "無",
        "200711": "無",
        "200712": "無",
        "200801": "無",
        "200802": "無",
        "200803": "無",
        "200804": "無",
        "200805": "無",
        "200806": "無",
        "200807": "無",
        "200808": "無",
        "200809": "無",
        "200810": "無",
        "200811": "無",
        "200812": "無",
        "200901": "無",
        "200902": "無",
        "200903": "無",
        "200904": "無",
        "200905": "無",
        "200906": "無",
        "200907": "無",
        "200908": "無",
        "200909": "無",
        "200910": "無",
        "200911": "無",
        "200912": "無",
        "201001": "無",
        "201002": "無",
        "201003": "無",
        "201004": "無",
        "201005": "無",
        "201006": "無",
        "201007": "無",
        "201008": "無",
        "201009": "無",
        "201010": "無",
        "201011": "無",
        "201012": "無",
        "201101": "無",
        "201102": "無",
        "201103": "無",
        "201104": "無",
        "201105": "無",
        "201106": "無",
        "201107": "無",
        "201108": "無",
        "201109": "無",
        "201110": "無",
        "201111": "無",
        "201112": "無",
        "201201": "無",
        "201202": "無",
        "201203": "無",
        "201204": "無",
        "201205": "無",
        "201206": "無",
        "201207": "無",
        "201208": "無",
        "201209": "無",
        "201210": "無",
        "201211": "無",
        "201212": "無",
        "201301": "無",
        "201302": "無",
        "201303": "無",
        "201304": "無",
        "201305": "無",
        "201306": "無",
        "201307": "無",
        "201308": "無",
        "201309": "無",
        "201310": "無",
        "201311": "無",
        "201312": "無",
        "201401": "無",
        "201402": "無",
        "201403": "無",
        "201404": "無",
        "201405": "無",
        "201406": "無",
        "201407": "無",
        "201408": "無",
        "201409": "無",
        "201410": "無",
        "201411": "無",
        "201412": "33.24",
        "201501": "31.25",
        "201502": "31.16",
        "201503": "32.70",
        "201504": "31.80",
        "201505": "31.72",
        "201506": "28.58",
        "201507": "25.02",
        "201508": "23.43",
        "201509": "24.03",
        "201510": "24.92",
        "201511": "27.53",
        "201512": "35.36",
        "201601": "28.82",
        "201602": "29.83",
        "201603": "32.34",
        "201604": "35.34",
        "201605": "29.90",
        "201606": "32.55",
        "201607": "32.58",
        "201608": "37.19",
        "201609": "36.12",
        "201610": "33.40",
        "201611": "31.23",
        "201612": "32.62",
        "201701": "34.60",
        "201702": "36.57",
        "201703": "40.07",
        "201704": "42.32",
        "201705": "48.78",
        "201706": "54.12",
        "201707": "53.19",
        "201708": "58.30",
        "201709": "63.43",
        "201710": "67.45",
        "201711": "65.69",
        "201712": "63.99",
        "201801": "64.05",
        "201802": "62.48",
        "201803": "57.17",
        "201804": "52.96",
        "201805": "46.61",
        "201806": "47.54",
        "201807": "39.32",
        "201808": "33.75",
        "201809": "30.87",
        "201810": "27.63",
        "201811": "27.60",
        "201812": "28.91",
        "201901": "27.86",
        "201902": "29.42",
        "201903": "31.54",
        "201904": "32.84",
        "201905": "30.41",
        "201906": "30.83",
        "201907": "30.45",
        "201908": "31.39",
        "201909": "31.90",
        "201910": "30.84",
        "201911": "32.42",
        "201912": "36.58",
        "202001": "34.76",
        "202002": "31.12",
        "202003": "28.90",
        "202004": "29.87",
        "202005": "33.05",
        "202006": "32.46",
        "202007": "36.62",
        "202008": "35.23",
        "202009": "34.28",
        "202010": "34.83",
        "202011": "35.76",
        "202012": "46.35",
        "202101": "57.70",
        "202102": "62.81",
        "202103": "77.02",
        "202104": "118.34",
        "202105": "99.41",
        "202106": "125.57",
        "202107": "145.45",
        "202108": "155.39",
        "202109": "150.75",
        "202110": "139.08",
        "202111": "156.02",
        "202112": "156.36",
        "202201": "153.22",
        "202202": "149.43",
        "202203": "147.24",
        "202204": "130.63",
        "202205": "125.00",
        "202206": "111.50",
        "202207": "81.79",
        "202208": "79.29",
        "202209": "67.36",
        "202210": "59.87",
        "202211": "66.90",
        "202212": "74.67",
        "202301": "72.28",
        "202302": "78.96",
        "202303": "76.95",
        "202304": "74.90",
        "202305": "67.71",
        "202306": "70.01"
    },
    "quarters": {
        "20011": {
            "year_quarter": 20011,
            "year": 2001,
            "quarter": 1,
            "eps": null,
            "eps_growth_year": null,
            "eps_4q": null,
            "eps_4q_growth_year": null,
            "roe": null,
            "roe_4q": 0,
            "gross_profit": null,
            "gross_margin": null,
            "gross_margin_4q_avg": 0,
            "net_income": null,
            "revenue": null,
            "common_shares": null,
            "book_valuer_per_share": null,
            "book_valuer_per_share_4q_avg": 0,
            "equity": null,
            "current_ratio": null,
            "debt_ratio": null,
            "inventory_turnover_ratio": null,
            "account_receivable_turnover_ratio": null,
            "reinvestment_rate": null,
            "research_to_sale_ratio": null,
            "price_fair": 0,
            "eps_avg_yearly": 0,
            "eps_latest_yearly": 0,
            "eps_growth_yearly": 0
        },
        "20012": {
            "year_quarter": 20012,
            "year": 2001,
            "quarter": 2,
            "eps": null,
            "eps_growth_year": null,
            "eps_4q": null,
            "eps_4q_growth_year": null,
            "roe": null,
            "roe_4q": 0,
            "gross_profit": null,
            "gross_margin": null,
            "gross_margin_4q_avg": 0,
            "net_income": null,
            "revenue": null,
            "common_shares": null,
            "book_valuer_per_share": null,
            "book_valuer_per_share_4q_avg": 0,
            "equity": null,
            "current_ratio": null,
            "debt_ratio": null,
            "inventory_turnover_ratio": null,
            "account_receivable_turnover_ratio": null,
            "reinvestment_rate": null,
            "research_to_sale_ratio": null,
            "price_fair": 0,
            "eps_avg_yearly": 0,
            "eps_latest_yearly": 0,
            "eps_growth_yearly": 0
        },
        "20013": {
            "year_quarter": 20013,
            "year": 2001,
            "quarter": 3,
            "eps": null,
            "eps_growth_year": null,
            "eps_4q": null,
            "eps_4q_growth_year": null,
            "roe": null,
            "roe_4q": 0,
            "gross_profit": null,
            "gross_margin": null,
            "gross_margin_4q_avg": 0,
            "net_income": null,
            "revenue": null,
            "common_shares": null,
            "book_valuer_per_share": null,
            "book_valuer_per_share_4q_avg": 0,
            "equity": null,
            "current_ratio": null,
            "debt_ratio": null,
            "inventory_turnover_ratio": null,
            "account_receivable_turnover_ratio": null,
            "reinvestment_rate": null,
            "research_to_sale_ratio": null,
            "price_fair": 0,
            "eps_avg_yearly": 0,
            "eps_latest_yearly": 0,
            "eps_growth_yearly": 0
        },
        "20014": {
            "year_quarter": 20014,
            "year": 2001,
            "quarter": 4,
            "eps": null,
            "eps_growth_year": null,
            "eps_4q": null,
            "eps_4q_growth_year": null,
            "roe": null,
            "roe_4q": 0,
            "gross_profit": null,
            "gross_margin": null,
            "gross_margin_4q_avg": 0,
            "net_income": null,
            "revenue": null,
            "common_shares": null,
            "book_valuer_per_share": null,
            "book_valuer_per_share_4q_avg": 0,
            "equity": null,
            "current_ratio": null,
            "debt_ratio": null,
            "inventory_turnover_ratio": null,
            "account_receivable_turnover_ratio": null,
            "reinvestment_rate": null,
            "research_to_sale_ratio": null,
            "price_fair": 0,
            "eps_avg_yearly": 0,
            "eps_latest_yearly": 0,
            "eps_growth_yearly": 0
        },
        "20021": {
            "year_quarter": 20021,
            "year": 2002,
            "quarter": 1,
            "eps": null,
            "eps_growth_year": null,
            "eps_4q": null,
            "eps_4q_growth_year": null,
            "roe": null,
            "roe_4q": 0,
            "gross_profit": null,
            "gross_margin": null,
            "gross_margin_4q_avg": 0,
            "net_income": null,
            "revenue": null,
            "common_shares": null,
            "book_valuer_per_share": null,
            "book_valuer_per_share_4q_avg": 0,
            "equity": null,
            "current_ratio": null,
            "debt_ratio": null,
            "inventory_turnover_ratio": null,
            "account_receivable_turnover_ratio": null,
            "reinvestment_rate": null,
            "research_to_sale_ratio": null,
            "price_fair": 0,
            "eps_avg_yearly": 0,
            "eps_latest_yearly": 0,
            "eps_growth_yearly": 0
        },
        "20022": {
            "year_quarter": 20022,
            "year": 2002,
            "quarter": 2,
            "eps": null,
            "eps_growth_year": null,
            "eps_4q": null,
            "eps_4q_growth_year": null,
            "roe": null,
            "roe_4q": 0,
            "gross_profit": null,
            "gross_margin": null,
            "gross_margin_4q_avg": 0,
            "net_income": null,
            "revenue": null,
            "common_shares": null,
            "book_valuer_per_share": null,
            "book_valuer_per_share_4q_avg": 0,
            "equity": null,
            "current_ratio": null,
            "debt_ratio": null,
            "inventory_turnover_ratio": null,
            "account_receivable_turnover_ratio": null,
            "reinvestment_rate": null,
            "research_to_sale_ratio": null,
            "price_fair": 0,
            "eps_avg_yearly": 0,
            "eps_latest_yearly": 0,
            "eps_growth_yearly": 0
        },
        "20023": {
            "year_quarter": 20023,
            "year": 2002,
            "quarter": 3,
            "eps": null,
            "eps_growth_year": null,
            "eps_4q": null,
            "eps_4q_growth_year": null,
            "roe": null,
            "roe_4q": 0,
            "gross_profit": null,
            "gross_margin": null,
            "gross_margin_4q_avg": 0,
            "net_income": null,
            "revenue": null,
            "common_shares": null,
            "book_valuer_per_share": null,
            "book_valuer_per_share_4q_avg": 0,
            "equity": null,
            "current_ratio": null,
            "debt_ratio": null,
            "inventory_turnover_ratio": null,
            "account_receivable_turnover_ratio": null,
            "reinvestment_rate": null,
            "research_to_sale_ratio": null,
            "price_fair": 0,
            "eps_avg_yearly": 0,
            "eps_latest_yearly": 0,
            "eps_growth_yearly": 0
        },
        "20024": {
            "year_quarter": 20024,
            "year": 2002,
            "quarter": 4,
            "eps": null,
            "eps_growth_year": null,
            "eps_4q": null,
            "eps_4q_growth_year": null,
            "roe": null,
            "roe_4q": 0,
            "gross_profit": null,
            "gross_margin": null,
            "gross_margin_4q_avg": 0,
            "net_income": null,
            "revenue": null,
            "common_shares": null,
            "book_valuer_per_share": null,
            "book_valuer_per_share_4q_avg": 0,
            "equity": null,
            "current_ratio": null,
            "debt_ratio": null,
            "inventory_turnover_ratio": null,
            "account_receivable_turnover_ratio": null,
            "reinvestment_rate": null,
            "research_to_sale_ratio": null,
            "price_fair": 0,
            "eps_avg_yearly": 0,
            "eps_latest_yearly": 0,
            "eps_growth_yearly": 0
        },
        "20031": {
            "year_quarter": 20031,
            "year": 2003,
            "quarter": 1,
            "eps": null,
            "eps_growth_year": null,
            "eps_4q": null,
            "eps_4q_growth_year": null,
            "roe": null,
            "roe_4q": 0,
            "gross_profit": null,
            "gross_margin": null,
            "gross_margin_4q_avg": 0,
            "net_income": null,
            "revenue": null,
            "common_shares": null,
            "book_valuer_per_share": null,
            "book_valuer_per_share_4q_avg": 0,
            "equity": null,
            "current_ratio": null,
            "debt_ratio": null,
            "inventory_turnover_ratio": null,
            "account_receivable_turnover_ratio": null,
            "reinvestment_rate": null,
            "research_to_sale_ratio": null,
            "price_fair": 0,
            "eps_avg_yearly": 0,
            "eps_latest_yearly": 0,
            "eps_growth_yearly": 0
        },
        "20032": {
            "year_quarter": 20032,
            "year": 2003,
            "quarter": 2,
            "eps": null,
            "eps_growth_year": null,
            "eps_4q": null,
            "eps_4q_growth_year": null,
            "roe": null,
            "roe_4q": 0,
            "gross_profit": null,
            "gross_margin": null,
            "gross_margin_4q_avg": 0,
            "net_income": null,
            "revenue": null,
            "common_shares": null,
            "book_valuer_per_share": null,
            "book_valuer_per_share_4q_avg": 0,
            "equity": null,
            "current_ratio": null,
            "debt_ratio": null,
            "inventory_turnover_ratio": null,
            "account_receivable_turnover_ratio": null,
            "reinvestment_rate": null,
            "research_to_sale_ratio": null,
            "price_fair": 0,
            "eps_avg_yearly": 0,
            "eps_latest_yearly": 0,
            "eps_growth_yearly": 0
        },
        "20033": {
            "year_quarter": 20033,
            "year": 2003,
            "quarter": 3,
            "eps": null,
            "eps_growth_year": null,
            "eps_4q": null,
            "eps_4q_growth_year": null,
            "roe": null,
            "roe_4q": 0,
            "gross_profit": null,
            "gross_margin": null,
            "gross_margin_4q_avg": 0,
            "net_income": null,
            "revenue": null,
            "common_shares": null,
            "book_valuer_per_share": null,
            "book_valuer_per_share_4q_avg": 0,
            "equity": null,
            "current_ratio": null,
            "debt_ratio": null,
            "inventory_turnover_ratio": null,
            "account_receivable_turnover_ratio": null,
            "reinvestment_rate": null,
            "research_to_sale_ratio": null,
            "price_fair": 0,
            "eps_avg_yearly": 0,
            "eps_latest_yearly": 0,
            "eps_growth_yearly": 0
        },
        "20034": {
            "year_quarter": 20034,
            "year": 2003,
            "quarter": 4,
            "eps": null,
            "eps_growth_year": null,
            "eps_4q": null,
            "eps_4q_growth_year": null,
            "roe": null,
            "roe_4q": 0,
            "gross_profit": null,
            "gross_margin": null,
            "gross_margin_4q_avg": 0,
            "net_income": null,
            "revenue": null,
            "common_shares": null,
            "book_valuer_per_share": null,
            "book_valuer_per_share_4q_avg": 0,
            "equity": null,
            "current_ratio": null,
            "debt_ratio": null,
            "inventory_turnover_ratio": null,
            "account_receivable_turnover_ratio": null,
            "reinvestment_rate": null,
            "research_to_sale_ratio": null,
            "price_fair": 0,
            "eps_avg_yearly": 0,
            "eps_latest_yearly": 0,
            "eps_growth_yearly": 0
        },
        "20041": {
            "year_quarter": 20041,
            "year": 2004,
            "quarter": 1,
            "eps": null,
            "eps_growth_year": null,
            "eps_4q": null,
            "eps_4q_growth_year": null,
            "roe": null,
            "roe_4q": 0,
            "gross_profit": null,
            "gross_margin": null,
            "gross_margin_4q_avg": 0,
            "net_income": null,
            "revenue": null,
            "common_shares": null,
            "book_valuer_per_share": null,
            "book_valuer_per_share_4q_avg": 0,
            "equity": null,
            "current_ratio": null,
            "debt_ratio": null,
            "inventory_turnover_ratio": null,
            "account_receivable_turnover_ratio": null,
            "reinvestment_rate": null,
            "research_to_sale_ratio": null,
            "price_fair": 0,
            "eps_avg_yearly": 0,
            "eps_latest_yearly": 0,
            "eps_growth_yearly": 0
        },
        "20042": {
            "year_quarter": 20042,
            "year": 2004,
            "quarter": 2,
            "eps": null,
            "eps_growth_year": null,
            "eps_4q": null,
            "eps_4q_growth_year": null,
            "roe": null,
            "roe_4q": 0,
            "gross_profit": null,
            "gross_margin": null,
            "gross_margin_4q_avg": 0,
            "net_income": null,
            "revenue": null,
            "common_shares": null,
            "book_valuer_per_share": null,
            "book_valuer_per_share_4q_avg": 0,
            "equity": null,
            "current_ratio": null,
            "debt_ratio": null,
            "inventory_turnover_ratio": null,
            "account_receivable_turnover_ratio": null,
            "reinvestment_rate": null,
            "research_to_sale_ratio": null,
            "price_fair": 0,
            "eps_avg_yearly": 0,
            "eps_latest_yearly": 0,
            "eps_growth_yearly": 0
        },
        "20043": {
            "year_quarter": 20043,
            "year": 2004,
            "quarter": 3,
            "eps": null,
            "eps_growth_year": null,
            "eps_4q": null,
            "eps_4q_growth_year": null,
            "roe": null,
            "roe_4q": 0,
            "gross_profit": null,
            "gross_margin": null,
            "gross_margin_4q_avg": 0,
            "net_income": null,
            "revenue": null,
            "common_shares": null,
            "book_valuer_per_share": null,
            "book_valuer_per_share_4q_avg": 0,
            "equity": null,
            "current_ratio": null,
            "debt_ratio": null,
            "inventory_turnover_ratio": null,
            "account_receivable_turnover_ratio": null,
            "reinvestment_rate": null,
            "research_to_sale_ratio": null,
            "price_fair": 0,
            "eps_avg_yearly": 0,
            "eps_latest_yearly": 0,
            "eps_growth_yearly": 0
        },
        "20044": {
            "year_quarter": 20044,
            "year": 2004,
            "quarter": 4,
            "eps": null,
            "eps_growth_year": null,
            "eps_4q": null,
            "eps_4q_growth_year": null,
            "roe": null,
            "roe_4q": 0,
            "gross_profit": null,
            "gross_margin": null,
            "gross_margin_4q_avg": 0,
            "net_income": null,
            "revenue": null,
            "common_shares": null,
            "book_valuer_per_share": null,
            "book_valuer_per_share_4q_avg": 0,
            "equity": null,
            "current_ratio": null,
            "debt_ratio": null,
            "inventory_turnover_ratio": null,
            "account_receivable_turnover_ratio": null,
            "reinvestment_rate": null,
            "research_to_sale_ratio": null,
            "price_fair": 0,
            "eps_avg_yearly": 0,
            "eps_latest_yearly": 0,
            "eps_growth_yearly": 0
        },
        "20051": {
            "year_quarter": 20051,
            "year": 2005,
            "quarter": 1,
            "eps": null,
            "eps_growth_year": null,
            "eps_4q": null,
            "eps_4q_growth_year": null,
            "roe": null,
            "roe_4q": 0,
            "gross_profit": null,
            "gross_margin": null,
            "gross_margin_4q_avg": 0,
            "net_income": null,
            "revenue": null,
            "common_shares": null,
            "book_valuer_per_share": null,
            "book_valuer_per_share_4q_avg": 0,
            "equity": null,
            "current_ratio": null,
            "debt_ratio": null,
            "inventory_turnover_ratio": null,
            "account_receivable_turnover_ratio": null,
            "reinvestment_rate": null,
            "research_to_sale_ratio": null,
            "price_fair": 0,
            "eps_avg_yearly": 0,
            "eps_latest_yearly": 0,
            "eps_growth_yearly": 0
        },
        "20052": {
            "year_quarter": 20052,
            "year": 2005,
            "quarter": 2,
            "eps": null,
            "eps_growth_year": null,
            "eps_4q": null,
            "eps_4q_growth_year": null,
            "roe": null,
            "roe_4q": 0,
            "gross_profit": null,
            "gross_margin": null,
            "gross_margin_4q_avg": 0,
            "net_income": null,
            "revenue": null,
            "common_shares": null,
            "book_valuer_per_share": null,
            "book_valuer_per_share_4q_avg": 0,
            "equity": null,
            "current_ratio": null,
            "debt_ratio": null,
            "inventory_turnover_ratio": null,
            "account_receivable_turnover_ratio": null,
            "reinvestment_rate": null,
            "research_to_sale_ratio": null,
            "price_fair": 0,
            "eps_avg_yearly": 0,
            "eps_latest_yearly": 0,
            "eps_growth_yearly": 0
        },
        "20053": {
            "year_quarter": 20053,
            "year": 2005,
            "quarter": 3,
            "eps": null,
            "eps_growth_year": null,
            "eps_4q": null,
            "eps_4q_growth_year": null,
            "roe": null,
            "roe_4q": 0,
            "gross_profit": null,
            "gross_margin": null,
            "gross_margin_4q_avg": 0,
            "net_income": null,
            "revenue": null,
            "common_shares": null,
            "book_valuer_per_share": null,
            "book_valuer_per_share_4q_avg": 0,
            "equity": null,
            "current_ratio": null,
            "debt_ratio": null,
            "inventory_turnover_ratio": null,
            "account_receivable_turnover_ratio": null,
            "reinvestment_rate": null,
            "research_to_sale_ratio": null,
            "price_fair": 0,
            "eps_avg_yearly": 0,
            "eps_latest_yearly": 0,
            "eps_growth_yearly": 0
        },
        "20054": {
            "year_quarter": 20054,
            "year": 2005,
            "quarter": 4,
            "eps": null,
            "eps_growth_year": null,
            "eps_4q": null,
            "eps_4q_growth_year": null,
            "roe": null,
            "roe_4q": 0,
            "gross_profit": null,
            "gross_margin": null,
            "gross_margin_4q_avg": 0,
            "net_income": null,
            "revenue": null,
            "common_shares": null,
            "book_valuer_per_share": null,
            "book_valuer_per_share_4q_avg": 0,
            "equity": null,
            "current_ratio": null,
            "debt_ratio": null,
            "inventory_turnover_ratio": null,
            "account_receivable_turnover_ratio": null,
            "reinvestment_rate": null,
            "research_to_sale_ratio": null,
            "price_fair": 0,
            "eps_avg_yearly": 0,
            "eps_latest_yearly": 0,
            "eps_growth_yearly": 0
        },
        "20061": {
            "year_quarter": 20061,
            "year": 2006,
            "quarter": 1,
            "eps": null,
            "eps_growth_year": null,
            "eps_4q": null,
            "eps_4q_growth_year": null,
            "roe": null,
            "roe_4q": 0,
            "gross_profit": null,
            "gross_margin": null,
            "gross_margin_4q_avg": 0,
            "net_income": null,
            "revenue": null,
            "common_shares": null,
            "book_valuer_per_share": null,
            "book_valuer_per_share_4q_avg": 0,
            "equity": null,
            "current_ratio": null,
            "debt_ratio": null,
            "inventory_turnover_ratio": null,
            "account_receivable_turnover_ratio": null,
            "reinvestment_rate": null,
            "research_to_sale_ratio": null,
            "price_fair": 0,
            "eps_avg_yearly": 0,
            "eps_latest_yearly": 0,
            "eps_growth_yearly": 0
        },
        "20062": {
            "year_quarter": 20062,
            "year": 2006,
            "quarter": 2,
            "eps": null,
            "eps_growth_year": null,
            "eps_4q": null,
            "eps_4q_growth_year": null,
            "roe": null,
            "roe_4q": 0,
            "gross_profit": null,
            "gross_margin": null,
            "gross_margin_4q_avg": 0,
            "net_income": null,
            "revenue": null,
            "common_shares": null,
            "book_valuer_per_share": null,
            "book_valuer_per_share_4q_avg": 0,
            "equity": null,
            "current_ratio": null,
            "debt_ratio": null,
            "inventory_turnover_ratio": null,
            "account_receivable_turnover_ratio": null,
            "reinvestment_rate": null,
            "research_to_sale_ratio": null,
            "price_fair": 0,
            "eps_avg_yearly": 0,
            "eps_latest_yearly": 0,
            "eps_growth_yearly": 0
        },
        "20063": {
            "year_quarter": 20063,
            "year": 2006,
            "quarter": 3,
            "eps": null,
            "eps_growth_year": null,
            "eps_4q": null,
            "eps_4q_growth_year": null,
            "roe": null,
            "roe_4q": 0,
            "gross_profit": null,
            "gross_margin": null,
            "gross_margin_4q_avg": 0,
            "net_income": null,
            "revenue": null,
            "common_shares": null,
            "book_valuer_per_share": null,
            "book_valuer_per_share_4q_avg": 0,
            "equity": null,
            "current_ratio": null,
            "debt_ratio": null,
            "inventory_turnover_ratio": null,
            "account_receivable_turnover_ratio": null,
            "reinvestment_rate": null,
            "research_to_sale_ratio": null,
            "price_fair": 0,
            "eps_avg_yearly": 0,
            "eps_latest_yearly": 0,
            "eps_growth_yearly": 0
        },
        "20064": {
            "year_quarter": 20064,
            "year": 2006,
            "quarter": 4,
            "eps": null,
            "eps_growth_year": null,
            "eps_4q": null,
            "eps_4q_growth_year": null,
            "roe": null,
            "roe_4q": 0,
            "gross_profit": null,
            "gross_margin": null,
            "gross_margin_4q_avg": 0,
            "net_income": null,
            "revenue": null,
            "common_shares": null,
            "book_valuer_per_share": null,
            "book_valuer_per_share_4q_avg": 0,
            "equity": null,
            "current_ratio": null,
            "debt_ratio": null,
            "inventory_turnover_ratio": null,
            "account_receivable_turnover_ratio": null,
            "reinvestment_rate": null,
            "research_to_sale_ratio": null,
            "price_fair": 0,
            "eps_avg_yearly": 0,
            "eps_latest_yearly": 0,
            "eps_growth_yearly": 0
        },
        "20071": {
            "year_quarter": 20071,
            "year": 2007,
            "quarter": 1,
            "eps": null,
            "eps_growth_year": null,
            "eps_4q": null,
            "eps_4q_growth_year": null,
            "roe": null,
            "roe_4q": 0,
            "gross_profit": null,
            "gross_margin": null,
            "gross_margin_4q_avg": 0,
            "net_income": null,
            "revenue": null,
            "common_shares": null,
            "book_valuer_per_share": null,
            "book_valuer_per_share_4q_avg": 0,
            "equity": null,
            "current_ratio": null,
            "debt_ratio": null,
            "inventory_turnover_ratio": null,
            "account_receivable_turnover_ratio": null,
            "reinvestment_rate": null,
            "research_to_sale_ratio": null,
            "price_fair": 0,
            "eps_avg_yearly": 0,
            "eps_latest_yearly": 0,
            "eps_growth_yearly": 0
        },
        "20072": {
            "year_quarter": 20072,
            "year": 2007,
            "quarter": 2,
            "eps": null,
            "eps_growth_year": null,
            "eps_4q": null,
            "eps_4q_growth_year": null,
            "roe": null,
            "roe_4q": 0,
            "gross_profit": null,
            "gross_margin": null,
            "gross_margin_4q_avg": 0,
            "net_income": null,
            "revenue": null,
            "common_shares": null,
            "book_valuer_per_share": null,
            "book_valuer_per_share_4q_avg": 0,
            "equity": null,
            "current_ratio": null,
            "debt_ratio": null,
            "inventory_turnover_ratio": null,
            "account_receivable_turnover_ratio": null,
            "reinvestment_rate": null,
            "research_to_sale_ratio": null,
            "price_fair": 0,
            "eps_avg_yearly": 0,
            "eps_latest_yearly": 0,
            "eps_growth_yearly": 0
        },
        "20073": {
            "year_quarter": 20073,
            "year": 2007,
            "quarter": 3,
            "eps": null,
            "eps_growth_year": null,
            "eps_4q": null,
            "eps_4q_growth_year": null,
            "roe": null,
            "roe_4q": 0,
            "gross_profit": null,
            "gross_margin": null,
            "gross_margin_4q_avg": 0,
            "net_income": null,
            "revenue": null,
            "common_shares": null,
            "book_valuer_per_share": null,
            "book_valuer_per_share_4q_avg": 0,
            "equity": null,
            "current_ratio": null,
            "debt_ratio": null,
            "inventory_turnover_ratio": null,
            "account_receivable_turnover_ratio": null,
            "reinvestment_rate": null,
            "research_to_sale_ratio": null,
            "price_fair": 0,
            "eps_avg_yearly": 0,
            "eps_latest_yearly": 0,
            "eps_growth_yearly": 0
        },
        "20074": {
            "year_quarter": 20074,
            "year": 2007,
            "quarter": 4,
            "eps": null,
            "eps_growth_year": null,
            "eps_4q": null,
            "eps_4q_growth_year": null,
            "roe": null,
            "roe_4q": 0,
            "gross_profit": null,
            "gross_margin": null,
            "gross_margin_4q_avg": 0,
            "net_income": null,
            "revenue": null,
            "common_shares": null,
            "book_valuer_per_share": null,
            "book_valuer_per_share_4q_avg": 0,
            "equity": null,
            "current_ratio": null,
            "debt_ratio": null,
            "inventory_turnover_ratio": null,
            "account_receivable_turnover_ratio": null,
            "reinvestment_rate": null,
            "research_to_sale_ratio": null,
            "price_fair": 0,
            "eps_avg_yearly": 0,
            "eps_latest_yearly": 0,
            "eps_growth_yearly": 0
        },
        "20081": {
            "year_quarter": 20081,
            "year": 2008,
            "quarter": 1,
            "eps": null,
            "eps_growth_year": null,
            "eps_4q": null,
            "eps_4q_growth_year": null,
            "roe": null,
            "roe_4q": 0,
            "gross_profit": null,
            "gross_margin": null,
            "gross_margin_4q_avg": 0,
            "net_income": null,
            "revenue": null,
            "common_shares": null,
            "book_valuer_per_share": null,
            "book_valuer_per_share_4q_avg": 0,
            "equity": null,
            "current_ratio": null,
            "debt_ratio": null,
            "inventory_turnover_ratio": null,
            "account_receivable_turnover_ratio": null,
            "reinvestment_rate": null,
            "research_to_sale_ratio": null,
            "price_fair": 0,
            "eps_avg_yearly": 0,
            "eps_latest_yearly": 0,
            "eps_growth_yearly": 0
        },
        "20082": {
            "year_quarter": 20082,
            "year": 2008,
            "quarter": 2,
            "eps": null,
            "eps_growth_year": null,
            "eps_4q": null,
            "eps_4q_growth_year": null,
            "roe": null,
            "roe_4q": 0,
            "gross_profit": null,
            "gross_margin": null,
            "gross_margin_4q_avg": 0,
            "net_income": null,
            "revenue": null,
            "common_shares": null,
            "book_valuer_per_share": null,
            "book_valuer_per_share_4q_avg": 0,
            "equity": null,
            "current_ratio": null,
            "debt_ratio": null,
            "inventory_turnover_ratio": null,
            "account_receivable_turnover_ratio": null,
            "reinvestment_rate": null,
            "research_to_sale_ratio": null,
            "price_fair": 0,
            "eps_avg_yearly": 0,
            "eps_latest_yearly": 0,
            "eps_growth_yearly": 0
        },
        "20083": {
            "year_quarter": 20083,
            "year": 2008,
            "quarter": 3,
            "eps": null,
            "eps_growth_year": null,
            "eps_4q": null,
            "eps_4q_growth_year": null,
            "roe": null,
            "roe_4q": 0,
            "gross_profit": null,
            "gross_margin": null,
            "gross_margin_4q_avg": 0,
            "net_income": null,
            "revenue": null,
            "common_shares": null,
            "book_valuer_per_share": null,
            "book_valuer_per_share_4q_avg": 0,
            "equity": null,
            "current_ratio": null,
            "debt_ratio": null,
            "inventory_turnover_ratio": null,
            "account_receivable_turnover_ratio": null,
            "reinvestment_rate": null,
            "research_to_sale_ratio": null,
            "price_fair": 0,
            "eps_avg_yearly": 0,
            "eps_latest_yearly": 0,
            "eps_growth_yearly": 0
        },
        "20084": {
            "year_quarter": 20084,
            "year": 2008,
            "quarter": 4,
            "eps": null,
            "eps_growth_year": null,
            "eps_4q": null,
            "eps_4q_growth_year": null,
            "roe": null,
            "roe_4q": 0,
            "gross_profit": null,
            "gross_margin": null,
            "gross_margin_4q_avg": 0,
            "net_income": null,
            "revenue": null,
            "common_shares": null,
            "book_valuer_per_share": null,
            "book_valuer_per_share_4q_avg": 0,
            "equity": null,
            "current_ratio": null,
            "debt_ratio": null,
            "inventory_turnover_ratio": null,
            "account_receivable_turnover_ratio": null,
            "reinvestment_rate": null,
            "research_to_sale_ratio": null,
            "price_fair": 0,
            "eps_avg_yearly": 0,
            "eps_latest_yearly": 0,
            "eps_growth_yearly": 0
        },
        "20091": {
            "year_quarter": 20091,
            "year": 2009,
            "quarter": 1,
            "eps": null,
            "eps_growth_year": null,
            "eps_4q": null,
            "eps_4q_growth_year": null,
            "roe": null,
            "roe_4q": 0,
            "gross_profit": null,
            "gross_margin": null,
            "gross_margin_4q_avg": 0,
            "net_income": null,
            "revenue": null,
            "common_shares": null,
            "book_valuer_per_share": null,
            "book_valuer_per_share_4q_avg": 0,
            "equity": null,
            "current_ratio": null,
            "debt_ratio": null,
            "inventory_turnover_ratio": null,
            "account_receivable_turnover_ratio": null,
            "reinvestment_rate": null,
            "research_to_sale_ratio": null,
            "price_fair": 0,
            "eps_avg_yearly": 0,
            "eps_latest_yearly": 0,
            "eps_growth_yearly": 0
        },
        "20092": {
            "year_quarter": 20092,
            "year": 2009,
            "quarter": 2,
            "eps": null,
            "eps_growth_year": null,
            "eps_4q": null,
            "eps_4q_growth_year": null,
            "roe": null,
            "roe_4q": 0,
            "gross_profit": null,
            "gross_margin": null,
            "gross_margin_4q_avg": 0,
            "net_income": null,
            "revenue": null,
            "common_shares": null,
            "book_valuer_per_share": null,
            "book_valuer_per_share_4q_avg": 0,
            "equity": null,
            "current_ratio": null,
            "debt_ratio": null,
            "inventory_turnover_ratio": null,
            "account_receivable_turnover_ratio": null,
            "reinvestment_rate": null,
            "research_to_sale_ratio": null,
            "price_fair": 0,
            "eps_avg_yearly": 0,
            "eps_latest_yearly": 0,
            "eps_growth_yearly": 0
        },
        "20093": {
            "year_quarter": 20093,
            "year": 2009,
            "quarter": 3,
            "eps": null,
            "eps_growth_year": null,
            "eps_4q": null,
            "eps_4q_growth_year": null,
            "roe": null,
            "roe_4q": 0,
            "gross_profit": null,
            "gross_margin": null,
            "gross_margin_4q_avg": 0,
            "net_income": null,
            "revenue": null,
            "common_shares": null,
            "book_valuer_per_share": null,
            "book_valuer_per_share_4q_avg": 0,
            "equity": null,
            "current_ratio": null,
            "debt_ratio": null,
            "inventory_turnover_ratio": null,
            "account_receivable_turnover_ratio": null,
            "reinvestment_rate": null,
            "research_to_sale_ratio": null,
            "price_fair": 0,
            "eps_avg_yearly": 0,
            "eps_latest_yearly": 0,
            "eps_growth_yearly": 0
        },
        "20094": {
            "year_quarter": 20094,
            "year": 2009,
            "quarter": 4,
            "eps": null,
            "eps_growth_year": null,
            "eps_4q": null,
            "eps_4q_growth_year": null,
            "roe": null,
            "roe_4q": 0,
            "gross_profit": null,
            "gross_margin": null,
            "gross_margin_4q_avg": 0,
            "net_income": null,
            "revenue": null,
            "common_shares": null,
            "book_valuer_per_share": null,
            "book_valuer_per_share_4q_avg": 0,
            "equity": null,
            "current_ratio": null,
            "debt_ratio": null,
            "inventory_turnover_ratio": null,
            "account_receivable_turnover_ratio": null,
            "reinvestment_rate": null,
            "research_to_sale_ratio": null,
            "price_fair": 0,
            "eps_avg_yearly": 0,
            "eps_latest_yearly": 0,
            "eps_growth_yearly": 0
        },
        "20101": {
            "year_quarter": 20101,
            "year": 2010,
            "quarter": 1,
            "eps": null,
            "eps_growth_year": null,
            "eps_4q": null,
            "eps_4q_growth_year": null,
            "roe": null,
            "roe_4q": 0,
            "gross_profit": null,
            "gross_margin": null,
            "gross_margin_4q_avg": 0,
            "net_income": null,
            "revenue": null,
            "common_shares": null,
            "book_valuer_per_share": null,
            "book_valuer_per_share_4q_avg": 0,
            "equity": null,
            "current_ratio": null,
            "debt_ratio": null,
            "inventory_turnover_ratio": null,
            "account_receivable_turnover_ratio": null,
            "reinvestment_rate": null,
            "research_to_sale_ratio": null,
            "price_fair": 0,
            "eps_avg_yearly": 0,
            "eps_latest_yearly": 0,
            "eps_growth_yearly": 0
        },
        "20102": {
            "year_quarter": 20102,
            "year": 2010,
            "quarter": 2,
            "eps": null,
            "eps_growth_year": null,
            "eps_4q": null,
            "eps_4q_growth_year": null,
            "roe": null,
            "roe_4q": 0,
            "gross_profit": null,
            "gross_margin": null,
            "gross_margin_4q_avg": 0,
            "net_income": null,
            "revenue": null,
            "common_shares": null,
            "book_valuer_per_share": null,
            "book_valuer_per_share_4q_avg": 0,
            "equity": null,
            "current_ratio": null,
            "debt_ratio": null,
            "inventory_turnover_ratio": null,
            "account_receivable_turnover_ratio": null,
            "reinvestment_rate": null,
            "research_to_sale_ratio": null,
            "price_fair": 0,
            "eps_avg_yearly": 0,
            "eps_latest_yearly": 0,
            "eps_growth_yearly": 0
        },
        "20103": {
            "year_quarter": 20103,
            "year": 2010,
            "quarter": 3,
            "eps": null,
            "eps_growth_year": null,
            "eps_4q": null,
            "eps_4q_growth_year": null,
            "roe": null,
            "roe_4q": 0,
            "gross_profit": null,
            "gross_margin": null,
            "gross_margin_4q_avg": 0,
            "net_income": null,
            "revenue": null,
            "common_shares": null,
            "book_valuer_per_share": null,
            "book_valuer_per_share_4q_avg": 0,
            "equity": null,
            "current_ratio": null,
            "debt_ratio": null,
            "inventory_turnover_ratio": null,
            "account_receivable_turnover_ratio": null,
            "reinvestment_rate": null,
            "research_to_sale_ratio": null,
            "price_fair": 0,
            "eps_avg_yearly": 0,
            "eps_latest_yearly": 0,
            "eps_growth_yearly": 0
        },
        "20104": {
            "year_quarter": 20104,
            "year": 2010,
            "quarter": 4,
            "eps": null,
            "eps_growth_year": null,
            "eps_4q": null,
            "eps_4q_growth_year": null,
            "roe": null,
            "roe_4q": 0,
            "gross_profit": null,
            "gross_margin": null,
            "gross_margin_4q_avg": 0,
            "net_income": null,
            "revenue": null,
            "common_shares": null,
            "book_valuer_per_share": null,
            "book_valuer_per_share_4q_avg": 0,
            "equity": null,
            "current_ratio": null,
            "debt_ratio": null,
            "inventory_turnover_ratio": null,
            "account_receivable_turnover_ratio": null,
            "reinvestment_rate": null,
            "research_to_sale_ratio": null,
            "price_fair": 0,
            "eps_avg_yearly": 0,
            "eps_latest_yearly": 0,
            "eps_growth_yearly": 0
        },
        "20111": {
            "year_quarter": 20111,
            "year": 2011,
            "quarter": 1,
            "eps": null,
            "eps_growth_year": null,
            "eps_4q": null,
            "eps_4q_growth_year": null,
            "roe": null,
            "roe_4q": 0,
            "gross_profit": null,
            "gross_margin": null,
            "gross_margin_4q_avg": 0,
            "net_income": null,
            "revenue": null,
            "common_shares": null,
            "book_valuer_per_share": null,
            "book_valuer_per_share_4q_avg": 0,
            "equity": null,
            "current_ratio": null,
            "debt_ratio": null,
            "inventory_turnover_ratio": null,
            "account_receivable_turnover_ratio": null,
            "reinvestment_rate": null,
            "research_to_sale_ratio": null,
            "price_fair": 0,
            "eps_avg_yearly": 0,
            "eps_latest_yearly": 0,
            "eps_growth_yearly": 0
        },
        "20112": {
            "year_quarter": 20112,
            "year": 2011,
            "quarter": 2,
            "eps": null,
            "eps_growth_year": null,
            "eps_4q": null,
            "eps_4q_growth_year": null,
            "roe": null,
            "roe_4q": 0,
            "gross_profit": null,
            "gross_margin": null,
            "gross_margin_4q_avg": 0,
            "net_income": null,
            "revenue": null,
            "common_shares": null,
            "book_valuer_per_share": null,
            "book_valuer_per_share_4q_avg": 0,
            "equity": null,
            "current_ratio": null,
            "debt_ratio": null,
            "inventory_turnover_ratio": null,
            "account_receivable_turnover_ratio": null,
            "reinvestment_rate": null,
            "research_to_sale_ratio": null,
            "price_fair": 0,
            "eps_avg_yearly": 0,
            "eps_latest_yearly": 0,
            "eps_growth_yearly": 0
        },
        "20113": {
            "year_quarter": 20113,
            "year": 2011,
            "quarter": 3,
            "eps": null,
            "eps_growth_year": null,
            "eps_4q": null,
            "eps_4q_growth_year": null,
            "roe": null,
            "roe_4q": 0,
            "gross_profit": null,
            "gross_margin": null,
            "gross_margin_4q_avg": 0,
            "net_income": null,
            "revenue": null,
            "common_shares": null,
            "book_valuer_per_share": null,
            "book_valuer_per_share_4q_avg": 0,
            "equity": null,
            "current_ratio": null,
            "debt_ratio": null,
            "inventory_turnover_ratio": null,
            "account_receivable_turnover_ratio": null,
            "reinvestment_rate": null,
            "research_to_sale_ratio": null,
            "price_fair": 0,
            "eps_avg_yearly": 0,
            "eps_latest_yearly": 0,
            "eps_growth_yearly": 0
        },
        "20114": {
            "year_quarter": 20114,
            "year": 2011,
            "quarter": 4,
            "eps": null,
            "eps_growth_year": null,
            "eps_4q": null,
            "eps_4q_growth_year": null,
            "roe": null,
            "roe_4q": 0,
            "gross_profit": null,
            "gross_margin": null,
            "gross_margin_4q_avg": 0,
            "net_income": null,
            "revenue": null,
            "common_shares": 145480,
            "book_valuer_per_share": 13.54,
            "book_valuer_per_share_4q_avg": 3.39,
            "equity": 196930,
            "current_ratio": 249.81,
            "debt_ratio": 36.64,
            "inventory_turnover_ratio": null,
            "account_receivable_turnover_ratio": null,
            "reinvestment_rate": null,
            "research_to_sale_ratio": null,
            "price_fair": 0,
            "eps_avg_yearly": 0,
            "eps_latest_yearly": 0,
            "eps_growth_yearly": 0
        },
        "20121": {
            "year_quarter": 20121,
            "year": 2012,
            "quarter": 1,
            "eps": null,
            "eps_growth_year": null,
            "eps_4q": null,
            "eps_4q_growth_year": null,
            "roe": null,
            "roe_4q": 0,
            "gross_profit": null,
            "gross_margin": null,
            "gross_margin_4q_avg": 0,
            "net_income": null,
            "revenue": null,
            "common_shares": null,
            "book_valuer_per_share": null,
            "book_valuer_per_share_4q_avg": 3.39,
            "equity": null,
            "current_ratio": null,
            "debt_ratio": null,
            "inventory_turnover_ratio": null,
            "account_receivable_turnover_ratio": null,
            "reinvestment_rate": null,
            "research_to_sale_ratio": null,
            "price_fair": 0,
            "eps_avg_yearly": 0,
            "eps_latest_yearly": 0,
            "eps_growth_yearly": 0
        },
        "20122": {
            "year_quarter": 20122,
            "year": 2012,
            "quarter": 2,
            "eps": null,
            "eps_growth_year": null,
            "eps_4q": null,
            "eps_4q_growth_year": null,
            "roe": null,
            "roe_4q": 0,
            "gross_profit": null,
            "gross_margin": null,
            "gross_margin_4q_avg": 0,
            "net_income": null,
            "revenue": null,
            "common_shares": null,
            "book_valuer_per_share": null,
            "book_valuer_per_share_4q_avg": 3.39,
            "equity": null,
            "current_ratio": null,
            "debt_ratio": null,
            "inventory_turnover_ratio": null,
            "account_receivable_turnover_ratio": null,
            "reinvestment_rate": null,
            "research_to_sale_ratio": null,
            "price_fair": 0,
            "eps_avg_yearly": 0,
            "eps_latest_yearly": 0,
            "eps_growth_yearly": 0
        },
        "20123": {
            "year_quarter": 20123,
            "year": 2012,
            "quarter": 3,
            "eps": null,
            "eps_growth_year": null,
            "eps_4q": null,
            "eps_4q_growth_year": null,
            "roe": null,
            "roe_4q": 0,
            "gross_profit": null,
            "gross_margin": null,
            "gross_margin_4q_avg": 0,
            "net_income": null,
            "revenue": null,
            "common_shares": null,
            "book_valuer_per_share": null,
            "book_valuer_per_share_4q_avg": 3.39,
            "equity": null,
            "current_ratio": null,
            "debt_ratio": null,
            "inventory_turnover_ratio": null,
            "account_receivable_turnover_ratio": null,
            "reinvestment_rate": null,
            "research_to_sale_ratio": null,
            "price_fair": 0,
            "eps_avg_yearly": 0,
            "eps_latest_yearly": 0,
            "eps_growth_yearly": 0
        },
        "20124": {
            "year_quarter": 20124,
            "year": 2012,
            "quarter": 4,
            "eps": null,
            "eps_growth_year": null,
            "eps_4q": null,
            "eps_4q_growth_year": null,
            "roe": null,
            "roe_4q": 0,
            "gross_profit": null,
            "gross_margin": null,
            "gross_margin_4q_avg": 0,
            "net_income": null,
            "revenue": null,
            "common_shares": 168740,
            "book_valuer_per_share": 13.46,
            "book_valuer_per_share_4q_avg": 3.37,
            "equity": 227075,
            "current_ratio": 278.4,
            "debt_ratio": 32.22,
            "inventory_turnover_ratio": null,
            "account_receivable_turnover_ratio": null,
            "reinvestment_rate": null,
            "research_to_sale_ratio": null,
            "price_fair": 0,
            "eps_avg_yearly": 0,
            "eps_latest_yearly": 0,
            "eps_growth_yearly": 0
        },
        "20131": {
            "year_quarter": 20131,
            "year": 2013,
            "quarter": 1,
            "eps": null,
            "eps_growth_year": null,
            "eps_4q": null,
            "eps_4q_growth_year": null,
            "roe": null,
            "roe_4q": 0,
            "gross_profit": null,
            "gross_margin": null,
            "gross_margin_4q_avg": 0,
            "net_income": null,
            "revenue": null,
            "common_shares": null,
            "book_valuer_per_share": null,
            "book_valuer_per_share_4q_avg": 3.37,
            "equity": null,
            "current_ratio": null,
            "debt_ratio": null,
            "inventory_turnover_ratio": null,
            "account_receivable_turnover_ratio": null,
            "reinvestment_rate": null,
            "research_to_sale_ratio": null,
            "price_fair": 0,
            "eps_avg_yearly": 0,
            "eps_latest_yearly": 0,
            "eps_growth_yearly": 0
        },
        "20132": {
            "year_quarter": 20132,
            "year": 2013,
            "quarter": 2,
            "eps": null,
            "eps_growth_year": null,
            "eps_4q": null,
            "eps_4q_growth_year": null,
            "roe": null,
            "roe_4q": 0,
            "gross_profit": null,
            "gross_margin": null,
            "gross_margin_4q_avg": 0,
            "net_income": null,
            "revenue": null,
            "common_shares": null,
            "book_valuer_per_share": null,
            "book_valuer_per_share_4q_avg": 3.37,
            "equity": null,
            "current_ratio": null,
            "debt_ratio": null,
            "inventory_turnover_ratio": null,
            "account_receivable_turnover_ratio": null,
            "reinvestment_rate": null,
            "research_to_sale_ratio": null,
            "price_fair": 0,
            "eps_avg_yearly": 0,
            "eps_latest_yearly": 0,
            "eps_growth_yearly": 0
        },
        "20133": {
            "year_quarter": 20133,
            "year": 2013,
            "quarter": 3,
            "eps": null,
            "eps_growth_year": null,
            "eps_4q": null,
            "eps_4q_growth_year": null,
            "roe": null,
            "roe_4q": 0,
            "gross_profit": null,
            "gross_margin": null,
            "gross_margin_4q_avg": 0,
            "net_income": null,
            "revenue": null,
            "common_shares": null,
            "book_valuer_per_share": null,
            "book_valuer_per_share_4q_avg": 3.37,
            "equity": null,
            "current_ratio": null,
            "debt_ratio": null,
            "inventory_turnover_ratio": null,
            "account_receivable_turnover_ratio": null,
            "reinvestment_rate": null,
            "research_to_sale_ratio": null,
            "price_fair": 0,
            "eps_avg_yearly": 0,
            "eps_latest_yearly": 0,
            "eps_growth_yearly": 0
        },
        "20134": {
            "year_quarter": 20134,
            "year": 2013,
            "quarter": 4,
            "eps": null,
            "eps_growth_year": null,
            "eps_4q": null,
            "eps_4q_growth_year": null,
            "roe": null,
            "roe_4q": 0,
            "gross_profit": null,
            "gross_margin": null,
            "gross_margin_4q_avg": 0,
            "net_income": null,
            "revenue": null,
            "common_shares": 195339,
            "book_valuer_per_share": null,
            "book_valuer_per_share_4q_avg": 0,
            "equity": 281160,
            "current_ratio": null,
            "debt_ratio": null,
            "inventory_turnover_ratio": null,
            "account_receivable_turnover_ratio": null,
            "reinvestment_rate": null,
            "research_to_sale_ratio": null,
            "price_fair": 0,
            "eps_avg_yearly": 0,
            "eps_latest_yearly": 0,
            "eps_growth_yearly": 0
        },
        "20141": {
            "year_quarter": 20141,
            "year": 2014,
            "quarter": 1,
            "eps": null,
            "eps_growth_year": null,
            "eps_4q": null,
            "eps_4q_growth_year": null,
            "roe": null,
            "roe_4q": 0,
            "gross_profit": null,
            "gross_margin": null,
            "gross_margin_4q_avg": 0,
            "net_income": null,
            "revenue": null,
            "common_shares": null,
            "book_valuer_per_share": null,
            "book_valuer_per_share_4q_avg": 0,
            "equity": null,
            "current_ratio": null,
            "debt_ratio": null,
            "inventory_turnover_ratio": null,
            "account_receivable_turnover_ratio": null,
            "reinvestment_rate": null,
            "research_to_sale_ratio": null,
            "price_fair": 0,
            "eps_avg_yearly": 0,
            "eps_latest_yearly": 0,
            "eps_growth_yearly": 0
        },
        "20142": {
            "year_quarter": 20142,
            "year": 2014,
            "quarter": 2,
            "eps": null,
            "eps_growth_year": null,
            "eps_4q": null,
            "eps_4q_growth_year": null,
            "roe": null,
            "roe_4q": 0,
            "gross_profit": null,
            "gross_margin": null,
            "gross_margin_4q_avg": 0,
            "net_income": null,
            "revenue": null,
            "common_shares": 240597,
            "book_valuer_per_share": null,
            "book_valuer_per_share_4q_avg": 0,
            "equity": 321735,
            "current_ratio": null,
            "debt_ratio": null,
            "inventory_turnover_ratio": null,
            "account_receivable_turnover_ratio": null,
            "reinvestment_rate": null,
            "research_to_sale_ratio": null,
            "price_fair": 0,
            "eps_avg_yearly": 0,
            "eps_latest_yearly": 0,
            "eps_growth_yearly": 0
        },
        "20143": {
            "year_quarter": 20143,
            "year": 2014,
            "quarter": 3,
            "eps": null,
            "eps_growth_year": null,
            "eps_4q": null,
            "eps_4q_growth_year": null,
            "roe": null,
            "roe_4q": 0,
            "gross_profit": 75530,
            "gross_margin": null,
            "gross_margin_4q_avg": 0,
            "net_income": 15439,
            "revenue": 194651,
            "common_shares": 240597,
            "book_valuer_per_share": null,
            "book_valuer_per_share_4q_avg": 0,
            "equity": 337248,
            "current_ratio": null,
            "debt_ratio": null,
            "inventory_turnover_ratio": null,
            "account_receivable_turnover_ratio": null,
            "reinvestment_rate": null,
            "research_to_sale_ratio": null,
            "price_fair": 0,
            "eps_avg_yearly": 0,
            "eps_latest_yearly": 0,
            "eps_growth_yearly": 0
        },
        "20144": {
            "year_quarter": 20144,
            "year": 2014,
            "quarter": 4,
            "eps": null,
            "eps_growth_year": null,
            "eps_4q": null,
            "eps_4q_growth_year": null,
            "roe": null,
            "roe_4q": 0,
            "gross_profit": 59868,
            "gross_margin": null,
            "gross_margin_4q_avg": 0,
            "net_income": 11081,
            "revenue": 167524,
            "common_shares": 240597,
            "book_valuer_per_share": 14.48,
            "book_valuer_per_share_4q_avg": 3.62,
            "equity": 348413,
            "current_ratio": 326.98,
            "debt_ratio": 27.54,
            "inventory_turnover_ratio": null,
            "account_receivable_turnover_ratio": null,
            "reinvestment_rate": null,
            "research_to_sale_ratio": null,
            "price_fair": 0,
            "eps_avg_yearly": 0,
            "eps_latest_yearly": 0,
            "eps_growth_yearly": 0
        },
        "20151": {
            "year_quarter": 20151,
            "year": 2015,
            "quarter": 1,
            "eps": null,
            "eps_growth_year": null,
            "eps_4q": null,
            "eps_4q_growth_year": null,
            "roe": null,
            "roe_4q": 0,
            "gross_profit": 57546,
            "gross_margin": null,
            "gross_margin_4q_avg": 0,
            "net_income": -4224,
            "revenue": 144294,
            "common_shares": 240597,
            "book_valuer_per_share": 14.31,
            "book_valuer_per_share_4q_avg": 7.2,
            "equity": 344231,
            "current_ratio": 313.84,
            "debt_ratio": 28.76,
            "inventory_turnover_ratio": null,
            "account_receivable_turnover_ratio": null,
            "reinvestment_rate": null,
            "research_to_sale_ratio": null,
            "price_fair": 0,
            "eps_avg_yearly": 0,
            "eps_latest_yearly": 0,
            "eps_growth_yearly": 0
        },
        "20152": {
            "year_quarter": 20152,
            "year": 2015,
            "quarter": 2,
            "eps": 0.97,
            "eps_growth_year": null,
            "eps_4q": 0.97,
            "eps_4q_growth_year": null,
            "roe": 7.08,
            "roe_4q": 7.08,
            "gross_profit": 92368,
            "gross_margin": 40.47,
            "gross_margin_4q_avg": 10.12,
            "net_income": 23323,
            "revenue": 228231,
            "common_shares": 240597,
            "book_valuer_per_share": 13.08,
            "book_valuer_per_share_4q_avg": 10.47,
            "equity": 314692,
            "current_ratio": 210.82,
            "debt_ratio": 40.78,
            "inventory_turnover_ratio": 1.87,
            "account_receivable_turnover_ratio": 3.7,
            "reinvestment_rate": null,
            "research_to_sale_ratio": null,
            "price_fair": 0,
            "eps_avg_yearly": 0,
            "eps_latest_yearly": 0,
            "eps_growth_yearly": 0
        },
        "20153": {
            "year_quarter": 20153,
            "year": 2015,
            "quarter": 3,
            "eps": 1.03,
            "eps_growth_year": null,
            "eps_4q": 2,
            "eps_4q_growth_year": null,
            "roe": 7.58,
            "roe_4q": 14.66,
            "gross_profit": 78922,
            "gross_margin": 40.68,
            "gross_margin_4q_avg": 20.29,
            "net_income": 24779,
            "revenue": 194022,
            "common_shares": 240597,
            "book_valuer_per_share": 14.1,
            "book_valuer_per_share_4q_avg": 13.99,
            "equity": 339346,
            "current_ratio": 305.26,
            "debt_ratio": 29.46,
            "inventory_turnover_ratio": 1.65,
            "account_receivable_turnover_ratio": 1.7,
            "reinvestment_rate": null,
            "research_to_sale_ratio": 21.87,
            "price_fair": 143.14,
            "eps_avg_yearly": 4.12,
            "eps_latest_yearly": 4.12,
            "eps_growth_yearly": 24.74
        },
        "20154": {
            "year_quarter": 20154,
            "year": 2015,
            "quarter": 4,
            "eps": 0.5,
            "eps_growth_year": null,
            "eps_4q": 2.5,
            "eps_4q_growth_year": null,
            "roe": 3.49,
            "roe_4q": 18.15,
            "gross_profit": 71259,
            "gross_margin": 39.51,
            "gross_margin_4q_avg": 30.17,
            "net_income": 12057,
            "revenue": 180358,
            "common_shares": 240597,
            "book_valuer_per_share": 14.61,
            "book_valuer_per_share_4q_avg": 14.03,
            "equity": 351485,
            "current_ratio": 298.17,
            "debt_ratio": 29.99,
            "inventory_turnover_ratio": 1.49,
            "account_receivable_turnover_ratio": 1.68,
            "reinvestment_rate": null,
            "research_to_sale_ratio": 20.82,
            "price_fair": 9.18,
            "eps_avg_yearly": 3.06,
            "eps_latest_yearly": 2,
            "eps_growth_yearly": -90.54
        },
        "20161": {
            "year_quarter": 20161,
            "year": 2016,
            "quarter": 1,
            "eps": 0.51,
            "eps_growth_year": null,
            "eps_4q": 3.01,
            "eps_4q_growth_year": null,
            "roe": 3.41,
            "roe_4q": 21.560000000000002,
            "gross_profit": 77542,
            "gross_margin": 41.73,
            "gross_margin_4q_avg": 40.6,
            "net_income": 12178,
            "revenue": 185797,
            "common_shares": 240597,
            "book_valuer_per_share": 15.12,
            "book_valuer_per_share_4q_avg": 14.23,
            "equity": 363669,
            "current_ratio": 319.03,
            "debt_ratio": 28.28,
            "inventory_turnover_ratio": 1.31,
            "account_receivable_turnover_ratio": 1.74,
            "reinvestment_rate": null,
            "research_to_sale_ratio": 22.6,
            "price_fair": 8.16,
            "eps_avg_yearly": 2.72,
            "eps_latest_yearly": 2.04,
            "eps_growth_yearly": -57.69
        },
        "20162": {
            "year_quarter": 20162,
            "year": 2016,
            "quarter": 2,
            "eps": 1.46,
            "eps_growth_year": 50.61,
            "eps_4q": 3.26,
            "eps_4q_growth_year": 236.42,
            "roe": 9.65,
            "roe_4q": 24.130000000000003,
            "gross_profit": 111235,
            "gross_margin": 41.44,
            "gross_margin_4q_avg": 40.84,
            "net_income": 37601,
            "revenue": 268427,
            "common_shares": 265597,
            "book_valuer_per_share": 15.65,
            "book_valuer_per_share_4q_avg": 14.87,
            "equity": 415666,
            "current_ratio": 240.27,
            "debt_ratio": 37.65,
            "inventory_turnover_ratio": 1.58,
            "account_receivable_turnover_ratio": 2.13,
            "reinvestment_rate": null,
            "research_to_sale_ratio": 16.57,
            "price_fair": 122.5,
            "eps_avg_yearly": 3.5,
            "eps_latest_yearly": 5.84,
            "eps_growth_yearly": 143
        },
        "20163": {
            "year_quarter": 20163,
            "year": 2016,
            "quarter": 3,
            "eps": 0.63,
            "eps_growth_year": -38.84,
            "eps_4q": 2.96,
            "eps_4q_growth_year": 48.19,
            "roe": 3.97,
            "roe_4q": 20.520000000000003,
            "gross_profit": 86445,
            "gross_margin": 39.61,
            "gross_margin_4q_avg": 40.57,
            "net_income": 16851,
            "revenue": 218232,
            "common_shares": 265597,
            "book_valuer_per_share": 16.29,
            "book_valuer_per_share_4q_avg": 15.42,
            "equity": 432581,
            "current_ratio": 306.64,
            "debt_ratio": 29.47,
            "inventory_turnover_ratio": 1.14,
            "account_receivable_turnover_ratio": 1.64,
            "reinvestment_rate": null,
            "research_to_sale_ratio": 19.69,
            "price_fair": 115.64,
            "eps_avg_yearly": 3.3,
            "eps_latest_yearly": 2.52,
            "eps_growth_yearly": 68.92
        },
        "20164": {
            "year_quarter": 20164,
            "year": 2016,
            "quarter": 4,
            "eps": 0.98,
            "eps_growth_year": 95.92,
            "eps_4q": 3.49,
            "eps_4q_growth_year": 39.6,
            "roe": 5.85,
            "roe_4q": 22.88,
            "gross_profit": 90151,
            "gross_margin": 40.78,
            "gross_margin_4q_avg": 40.89,
            "net_income": 26077,
            "revenue": 221080,
            "common_shares": 265597,
            "book_valuer_per_share": 17.27,
            "book_valuer_per_share_4q_avg": 16.08,
            "equity": 458701,
            "current_ratio": 351.09,
            "debt_ratio": 25.99,
            "inventory_turnover_ratio": 1.16,
            "account_receivable_turnover_ratio": 1.81,
            "reinvestment_rate": null,
            "research_to_sale_ratio": 19.99,
            "price_fair": 119.23,
            "eps_avg_yearly": 3.41,
            "eps_latest_yearly": 3.92,
            "eps_growth_yearly": 94.47
        },
        "20171": {
            "year_quarter": 20171,
            "year": 2017,
            "quarter": 1,
            "eps": 0.64,
            "eps_growth_year": 25.49,
            "eps_4q": 3.68,
            "eps_4q_growth_year": 22.24,
            "roe": 3.66,
            "roe_4q": 23.130000000000003,
            "gross_profit": 86544,
            "gross_margin": 40.16,
            "gross_margin_4q_avg": 40.5,
            "net_income": 17084,
            "revenue": 215525,
            "common_shares": 265597,
            "book_valuer_per_share": 17.92,
            "book_valuer_per_share_4q_avg": 16.78,
            "equity": 475888,
            "current_ratio": 386.21,
            "debt_ratio": 23.75,
            "inventory_turnover_ratio": 1.25,
            "account_receivable_turnover_ratio": 1.73,
            "reinvestment_rate": null,
            "research_to_sale_ratio": 21.91,
            "price_fair": 115,
            "eps_avg_yearly": 3.29,
            "eps_latest_yearly": 2.56,
            "eps_growth_yearly": 61.15
        },
        "20172": {
            "year_quarter": 20172,
            "year": 2017,
            "quarter": 2,
            "eps": 1.62,
            "eps_growth_year": 10.96,
            "eps_4q": 3.87,
            "eps_4q_growth_year": 18.79,
            "roe": 9.37,
            "roe_4q": 22.849999999999998,
            "gross_profit": 123260,
            "gross_margin": 40.16,
            "gross_margin_4q_avg": 40.18,
            "net_income": 42878,
            "revenue": 306918,
            "common_shares": 265597,
            "book_valuer_per_share": 16.53,
            "book_valuer_per_share_4q_avg": 17,
            "equity": 439050,
            "current_ratio": 230.09,
            "debt_ratio": 38.95,
            "inventory_turnover_ratio": 1.84,
            "account_receivable_turnover_ratio": 2.13,
            "reinvestment_rate": null,
            "research_to_sale_ratio": 16.45,
            "price_fair": 128.98,
            "eps_avg_yearly": 3.69,
            "eps_latest_yearly": 6.48,
            "eps_growth_yearly": 130.07
        },
        "20173": {
            "year_quarter": 20173,
            "year": 2017,
            "quarter": 3,
            "eps": 0.78,
            "eps_growth_year": 23.81,
            "eps_4q": 4.02,
            "eps_4q_growth_year": 35.54,
            "roe": 4.59,
            "roe_4q": 23.47,
            "gross_profit": 98730,
            "gross_margin": 40.09,
            "gross_margin_4q_avg": 40.3,
            "net_income": 20615,
            "revenue": 246244,
            "common_shares": 265597,
            "book_valuer_per_share": 17.31,
            "book_valuer_per_share_4q_avg": 17.26,
            "equity": 459636,
            "current_ratio": 283.95,
            "debt_ratio": 31.64,
            "inventory_turnover_ratio": 1.26,
            "account_receivable_turnover_ratio": 1.65,
            "reinvestment_rate": null,
            "research_to_sale_ratio": 20.39,
            "price_fair": 126.78,
            "eps_avg_yearly": 3.62,
            "eps_latest_yearly": 3.12,
            "eps_growth_yearly": 92.57
        },
        "20174": {
            "year_quarter": 20174,
            "year": 2017,
            "quarter": 4,
            "eps": 0.88,
            "eps_growth_year": -10.15,
            "eps_4q": 3.92,
            "eps_4q_growth_year": 12.19,
            "roe": 4.97,
            "roe_4q": 22.59,
            "gross_profit": 100309,
            "gross_margin": 41.97,
            "gross_margin_4q_avg": 40.6,
            "net_income": 23429,
            "revenue": 239023,
            "common_shares": 265597,
            "book_valuer_per_share": 18.19,
            "book_valuer_per_share_4q_avg": 17.49,
            "equity": 483063,
            "current_ratio": 315.54,
            "debt_ratio": 28.25,
            "inventory_turnover_ratio": 0.99,
            "account_receivable_turnover_ratio": 1.68,
            "reinvestment_rate": null,
            "research_to_sale_ratio": 20.31,
            "price_fair": 126.42,
            "eps_avg_yearly": 3.61,
            "eps_latest_yearly": 3.52,
            "eps_growth_yearly": 88.44
        },
        "20181": {
            "year_quarter": 20181,
            "year": 2018,
            "quarter": 1,
            "eps": -0.23,
            "eps_growth_year": -135.94,
            "eps_4q": 3.04,
            "eps_4q_growth_year": -17.17,
            "roe": -1.26,
            "roe_4q": 17.67,
            "gross_profit": 71487,
            "gross_margin": 37.08,
            "gross_margin_4q_avg": 39.83,
            "net_income": -6069,
            "revenue": 192772,
            "common_shares": 265597,
            "book_valuer_per_share": 17.96,
            "book_valuer_per_share_4q_avg": 17.5,
            "equity": 476979,
            "current_ratio": 361.95,
            "debt_ratio": 24.95,
            "inventory_turnover_ratio": 0.8,
            "account_receivable_turnover_ratio": 1.47,
            "reinvestment_rate": null,
            "research_to_sale_ratio": 27.34,
            "price_fair": 126.42,
            "eps_avg_yearly": 3.61,
            "eps_latest_yearly": 3.52,
            "eps_growth_yearly": 88.44
        },
        "20182": {
            "year_quarter": 20182,
            "year": 2018,
            "quarter": 2,
            "eps": 1.51,
            "eps_growth_year": -6.79,
            "eps_4q": 2.94,
            "eps_4q_growth_year": -24.16,
            "roe": 8.84,
            "roe_4q": 17.14,
            "gross_profit": 121220,
            "gross_margin": 40.84,
            "gross_margin_4q_avg": 40,
            "net_income": 40057,
            "revenue": 296801,
            "common_shares": 265597,
            "book_valuer_per_share": 16.17,
            "book_valuer_per_share_4q_avg": 17.41,
            "equity": 429350,
            "current_ratio": 249.93,
            "debt_ratio": 36,
            "inventory_turnover_ratio": 1.12,
            "account_receivable_turnover_ratio": 2.15,
            "reinvestment_rate": -3.39,
            "research_to_sale_ratio": 20.28,
            "price_fair": 126.42,
            "eps_avg_yearly": 3.61,
            "eps_latest_yearly": 3.52,
            "eps_growth_yearly": 88.44
        },
        "20183": {
            "year_quarter": 20183,
            "year": 2018,
            "quarter": 3,
            "eps": 0.57,
            "eps_growth_year": -26.92,
            "eps_4q": 2.39,
            "eps_4q_growth_year": -40.48,
            "roe": 3.41,
            "roe_4q": 15.96,
            "gross_profit": 86037,
            "gross_margin": 34.97,
            "gross_margin_4q_avg": 38.72,
            "net_income": 18012,
            "revenue": 246062,
            "common_shares": 315597,
            "book_valuer_per_share": 19.87,
            "book_valuer_per_share_4q_avg": 18.05,
            "equity": 626934,
            "current_ratio": 395.3,
            "debt_ratio": 23.86,
            "inventory_turnover_ratio": 0.99,
            "account_receivable_turnover_ratio": 1.69,
            "reinvestment_rate": -4.21,
            "research_to_sale_ratio": 21.67,
            "price_fair": 122.18,
            "eps_avg_yearly": 3.49,
            "eps_latest_yearly": 2.28,
            "eps_growth_yearly": 57.77
        },
        "20184": {
            "year_quarter": 20184,
            "year": 2018,
            "quarter": 4,
            "eps": 0.8,
            "eps_growth_year": -9.54,
            "eps_4q": 2.46,
            "eps_4q_growth_year": -37.19,
            "roe": 3.93,
            "roe_4q": 14.92,
            "gross_profit": 90098,
            "gross_margin": 38.41,
            "gross_margin_4q_avg": 37.83,
            "net_income": 24968,
            "revenue": 234549,
            "common_shares": 315597,
            "book_valuer_per_share": 20.59,
            "book_valuer_per_share_4q_avg": 18.65,
            "equity": 644262,
            "current_ratio": 413.76,
            "debt_ratio": 23.01,
            "inventory_turnover_ratio": 0.77,
            "account_receivable_turnover_ratio": 1.77,
            "reinvestment_rate": -2.67,
            "research_to_sale_ratio": 18.52,
            "price_fair": 121.33,
            "eps_avg_yearly": 3.47,
            "eps_latest_yearly": 3.2,
            "eps_growth_yearly": 66.4
        },
        "20191": {
            "year_quarter": 20191,
            "year": 2019,
            "quarter": 1,
            "eps": -0.32,
            "eps_growth_year": null,
            "eps_4q": 2.34,
            "eps_4q_growth_year": -23.24,
            "roe": -1.57,
            "roe_4q": 14.61,
            "gross_profit": 57246,
            "gross_margin": 29.97,
            "gross_margin_4q_avg": 36.05,
            "net_income": -10043,
            "revenue": 190993,
            "common_shares": 315597,
            "book_valuer_per_share": 20.26,
            "book_valuer_per_share_4q_avg": 19.22,
            "equity": 632754,
            "current_ratio": 415.21,
            "debt_ratio": 24.47,
            "inventory_turnover_ratio": 0.66,
            "account_receivable_turnover_ratio": 1.48,
            "reinvestment_rate": -0.4,
            "research_to_sale_ratio": 27.01,
            "price_fair": 121.33,
            "eps_avg_yearly": 3.47,
            "eps_latest_yearly": 3.2,
            "eps_growth_yearly": 66.4
        },
        "20192": {
            "year_quarter": 20192,
            "year": 2019,
            "quarter": 2,
            "eps": 1.34,
            "eps_growth_year": -11.26,
            "eps_4q": 2.4,
            "eps_4q_growth_year": -18.44,
            "roe": 6.77,
            "roe_4q": 12.54,
            "gross_profit": 125580,
            "gross_margin": 39.19,
            "gross_margin_4q_avg": 35.64,
            "net_income": 41917,
            "revenue": 320446,
            "common_shares": 315597,
            "book_valuer_per_share": 19.4,
            "book_valuer_per_share_4q_avg": 20.03,
            "equity": 605945,
            "current_ratio": 294.27,
            "debt_ratio": 32.94,
            "inventory_turnover_ratio": 0.99,
            "account_receivable_turnover_ratio": 2.22,
            "reinvestment_rate": -0.08,
            "research_to_sale_ratio": 16.89,
            "price_fair": 121.33,
            "eps_avg_yearly": 3.47,
            "eps_latest_yearly": 3.2,
            "eps_growth_yearly": 66.4
        },
        "20193": {
            "year_quarter": 20193,
            "year": 2019,
            "quarter": 3,
            "eps": 1.11,
            "eps_growth_year": 94.74,
            "eps_4q": 2.93,
            "eps_4q_growth_year": 22.67,
            "roe": 5.57,
            "roe_4q": 14.7,
            "gross_profit": 108389,
            "gross_margin": 39.3,
            "gross_margin_4q_avg": 36.72,
            "net_income": 34741,
            "revenue": 275815,
            "common_shares": 315597,
            "book_valuer_per_share": 20.51,
            "book_valuer_per_share_4q_avg": 20.19,
            "equity": 640656,
            "current_ratio": 428.1,
            "debt_ratio": 24.36,
            "inventory_turnover_ratio": 0.91,
            "account_receivable_turnover_ratio": 1.9,
            "reinvestment_rate": -0.01,
            "research_to_sale_ratio": 19.23,
            "price_fair": 122.27,
            "eps_avg_yearly": 3.49,
            "eps_latest_yearly": 4.44,
            "eps_growth_yearly": 58.62
        },
        "20194": {
            "year_quarter": 20194,
            "year": 2019,
            "quarter": 4,
            "eps": 0.51,
            "eps_growth_year": -35.62,
            "eps_4q": 2.65,
            "eps_4q_growth_year": 7.58,
            "roe": 2.47,
            "roe_4q": 13.24,
            "gross_profit": 95875,
            "gross_margin": 37.25,
            "gross_margin_4q_avg": 36.43,
            "net_income": 16048,
            "revenue": 257387,
            "common_shares": 315597,
            "book_valuer_per_share": 21.02,
            "book_valuer_per_share_4q_avg": 20.3,
            "equity": 656687,
            "current_ratio": 447.62,
            "debt_ratio": 22.99,
            "inventory_turnover_ratio": 0.94,
            "account_receivable_turnover_ratio": 2.26,
            "reinvestment_rate": 0.24,
            "research_to_sale_ratio": 19.76,
            "price_fair": 122.38,
            "eps_avg_yearly": 3.5,
            "eps_latest_yearly": 2.04,
            "eps_growth_yearly": 57.75
        },
        "20201": {
            "year_quarter": 20201,
            "year": 2020,
            "quarter": 1,
            "eps": 0.15,
            "eps_growth_year": null,
            "eps_4q": 3.12,
            "eps_4q_growth_year": 33.33,
            "roe": 0.7,
            "roe_4q": 15.51,
            "gross_profit": 74005,
            "gross_margin": 40.21,
            "gross_margin_4q_avg": 38.99,
            "net_income": 4620,
            "revenue": 184044,
            "common_shares": 315597,
            "book_valuer_per_share": 21.17,
            "book_valuer_per_share_4q_avg": 20.53,
            "equity": 661271,
            "current_ratio": 516.14,
            "debt_ratio": 20.44,
            "inventory_turnover_ratio": 0.65,
            "account_receivable_turnover_ratio": 1.8,
            "reinvestment_rate": 0.46,
            "research_to_sale_ratio": 28.04,
            "price_fair": 118.18,
            "eps_avg_yearly": 3.38,
            "eps_latest_yearly": 0.6,
            "eps_growth_yearly": 33.56
        },
        "20202": {
            "year_quarter": 20202,
            "year": 2020,
            "quarter": 2,
            "eps": 1.01,
            "eps_growth_year": -24.63,
            "eps_4q": 2.79,
            "eps_4q_growth_year": 16.3,
            "roe": 4.9,
            "roe_4q": 13.64,
            "gross_profit": 116982,
            "gross_margin": 41.04,
            "gross_margin_4q_avg": 39.45,
            "net_income": 31646,
            "revenue": 285075,
            "common_shares": 315597,
            "book_valuer_per_share": 20.18,
            "book_valuer_per_share_4q_avg": 20.72,
            "equity": 630396,
            "current_ratio": 346.8,
            "debt_ratio": 28.11,
            "inventory_turnover_ratio": 1.03,
            "account_receivable_turnover_ratio": 2.28,
            "reinvestment_rate": 1.18,
            "research_to_sale_ratio": 18.85,
            "price_fair": 112.93,
            "eps_avg_yearly": 3.23,
            "eps_latest_yearly": 4.04,
            "eps_growth_yearly": 162.58
        },
        "20203": {
            "year_quarter": 20203,
            "year": 2020,
            "quarter": 3,
            "eps": 1.06,
            "eps_growth_year": -4.5,
            "eps_4q": 2.73,
            "eps_4q_growth_year": -6.89,
            "roe": 5.1,
            "roe_4q": 13.17,
            "gross_profit": 121439,
            "gross_margin": 40.61,
            "gross_margin_4q_avg": 39.78,
            "net_income": 32960,
            "revenue": 299005,
            "common_shares": 315597,
            "book_valuer_per_share": 21.24,
            "book_valuer_per_share_4q_avg": 20.9,
            "equity": 663429,
            "current_ratio": 427.9,
            "debt_ratio": 23.43,
            "inventory_turnover_ratio": 1.18,
            "account_receivable_turnover_ratio": 1.91,
            "reinvestment_rate": 0.57,
            "research_to_sale_ratio": 18.52,
            "price_fair": 117.95,
            "eps_avg_yearly": 3.37,
            "eps_latest_yearly": 4.24,
            "eps_growth_yearly": 183.18
        },
        "20204": {
            "year_quarter": 20204,
            "year": 2020,
            "quarter": 4,
            "eps": 1.71,
            "eps_growth_year": 232.92,
            "eps_4q": 3.9,
            "eps_4q_growth_year": 47.52,
            "roe": 7.76,
            "roe_4q": 18.459999999999997,
            "gross_profit": 158993,
            "gross_margin": 40.54,
            "gross_margin_4q_avg": 40.6,
            "net_income": 53977,
            "revenue": 392182,
            "common_shares": 315597,
            "book_valuer_per_share": 23.04,
            "book_valuer_per_share_4q_avg": 21.41,
            "equity": 727090,
            "current_ratio": 368.65,
            "debt_ratio": 26.73,
            "inventory_turnover_ratio": 1.64,
            "account_receivable_turnover_ratio": 2.12,
            "reinvestment_rate": 1.66,
            "research_to_sale_ratio": 15.93,
            "price_fair": 126.47,
            "eps_avg_yearly": 3.61,
            "eps_latest_yearly": 6.84,
            "eps_growth_yearly": 185.1
        },
        "20211": {
            "year_quarter": 20211,
            "year": 2021,
            "quarter": 1,
            "eps": 1.88,
            "eps_growth_year": 1153.33,
            "eps_4q": 5.64,
            "eps_4q_growth_year": 80.97,
            "roe": 7.83,
            "roe_4q": 25.589999999999996,
            "gross_profit": 162886,
            "gross_margin": 41.62,
            "gross_margin_4q_avg": 40.95,
            "net_income": 59367,
            "revenue": 391390,
            "common_shares": 315597,
            "book_valuer_per_share": 25.02,
            "book_valuer_per_share_4q_avg": 22.37,
            "equity": 789744,
            "current_ratio": 375.28,
            "debt_ratio": 26.46,
            "inventory_turnover_ratio": 1.56,
            "account_receivable_turnover_ratio": 1.99,
            "reinvestment_rate": 4.42,
            "research_to_sale_ratio": 16.65,
            "price_fair": 140.93,
            "eps_avg_yearly": 4.03,
            "eps_latest_yearly": 7.52,
            "eps_growth_yearly": 199.98
        },
        "20212": {
            "year_quarter": 20212,
            "year": 2021,
            "quarter": 2,
            "eps": 4.44,
            "eps_growth_year": 339.6,
            "eps_4q": 9.08,
            "eps_4q_growth_year": 225.69,
            "roe": 16.27,
            "roe_4q": 36.96,
            "gross_profit": 300699,
            "gross_margin": 50.24,
            "gross_margin_4q_avg": 43.25,
            "net_income": 140150,
            "revenue": 598529,
            "common_shares": 315597,
            "book_valuer_per_share": 29.57,
            "book_valuer_per_share_4q_avg": 24.72,
            "equity": 933144,
            "current_ratio": 386.89,
            "debt_ratio": 26.06,
            "inventory_turnover_ratio": 2.15,
            "account_receivable_turnover_ratio": 2.69,
            "reinvestment_rate": 4.32,
            "research_to_sale_ratio": 13.24,
            "price_fair": 173.83,
            "eps_avg_yearly": 4.97,
            "eps_latest_yearly": 17.76,
            "eps_growth_yearly": 194.33
        },
        "20213": {
            "year_quarter": 20213,
            "year": 2021,
            "quarter": 3,
            "eps": 5.33,
            "eps_growth_year": 402.83,
            "eps_4q": 13.36,
            "eps_4q_growth_year": 389.41,
            "roe": 17.48,
            "roe_4q": 49.339999999999996,
            "gross_profit": 358291,
            "gross_margin": 58.51,
            "gross_margin_4q_avg": 47.73,
            "net_income": 168146,
            "revenue": 612399,
            "common_shares": 315597,
            "book_valuer_per_share": 31.4,
            "book_valuer_per_share_4q_avg": 27.26,
            "equity": 990827,
            "current_ratio": 313.92,
            "debt_ratio": 31.22,
            "inventory_turnover_ratio": 1.8,
            "account_receivable_turnover_ratio": 2.41,
            "reinvestment_rate": 5.42,
            "research_to_sale_ratio": 16.58,
            "price_fair": 226.92,
            "eps_avg_yearly": 6.48,
            "eps_latest_yearly": 21.32,
            "eps_growth_yearly": 218.29
        },
        "20214": {
            "year_quarter": 20214,
            "year": 2021,
            "quarter": 4,
            "eps": 5.56,
            "eps_growth_year": 224.96,
            "eps_4q": 17.21,
            "eps_4q_growth_year": 340.79,
            "roe": 16.26,
            "roe_4q": 57.84,
            "gross_profit": 409797,
            "gross_margin": 61.61,
            "gross_margin_4q_avg": 53,
            "net_income": 175405,
            "revenue": 665103,
            "common_shares": 315597,
            "book_valuer_per_share": 36.95,
            "book_valuer_per_share_4q_avg": 30.74,
            "equity": 1166250,
            "current_ratio": 218.61,
            "debt_ratio": 36.34,
            "inventory_turnover_ratio": 1.35,
            "account_receivable_turnover_ratio": 2.74,
            "reinvestment_rate": 4.12,
            "research_to_sale_ratio": 18.23,
            "price_fair": 281.52,
            "eps_avg_yearly": 8.04,
            "eps_latest_yearly": 22.24,
            "eps_growth_yearly": 215.46
        },
        "20221": {
            "year_quarter": 20221,
            "year": 2022,
            "quarter": 1,
            "eps": 5.15,
            "eps_growth_year": 173.94,
            "eps_4q": 20.48,
            "eps_4q_growth_year": 263.24,
            "roe": 13.04,
            "roe_4q": 63.05,
            "gross_profit": 306075,
            "gross_margin": 54.77,
            "gross_margin_4q_avg": 56.28,
            "net_income": 162677,
            "revenue": 558794,
            "common_shares": 315597,
            "book_valuer_per_share": 42.11,
            "book_valuer_per_share_4q_avg": 35.01,
            "equity": 1328928,
            "current_ratio": 286.92,
            "debt_ratio": 28.44,
            "inventory_turnover_ratio": 1.08,
            "account_receivable_turnover_ratio": 2.44,
            "reinvestment_rate": 4.09,
            "research_to_sale_ratio": 16.23,
            "price_fair": 315.32,
            "eps_avg_yearly": 9.01,
            "eps_latest_yearly": 20.6,
            "eps_growth_yearly": 196.61
        },
        "20222": {
            "year_quarter": 20222,
            "year": 2022,
            "quarter": 2,
            "eps": 3.23,
            "eps_growth_year": -27.25,
            "eps_4q": 19.26,
            "eps_4q_growth_year": 112.21,
            "roe": 8.11,
            "roe_4q": 54.89,
            "gross_profit": 267113,
            "gross_margin": 51.68,
            "gross_margin_4q_avg": 56.64,
            "net_income": 101644,
            "revenue": 516897,
            "common_shares": 315597,
            "book_valuer_per_share": 37.33,
            "book_valuer_per_share_4q_avg": 36.95,
            "equity": 1177997,
            "current_ratio": 204.12,
            "debt_ratio": 38.58,
            "inventory_turnover_ratio": 0.9,
            "account_receivable_turnover_ratio": 2.44,
            "reinvestment_rate": 5.74,
            "research_to_sale_ratio": 20.49,
            "price_fair": 325.1,
            "eps_avg_yearly": 9.29,
            "eps_latest_yearly": 12.92,
            "eps_growth_yearly": 171.92
        },
        "20223": {
            "year_quarter": 20223,
            "year": 2022,
            "quarter": 3,
            "eps": 1.77,
            "eps_growth_year": -66.79,
            "eps_4q": 15.71,
            "eps_4q_growth_year": 17.59,
            "roe": 4.65,
            "roe_4q": 42.06,
            "gross_profit": 153471,
            "gross_margin": 42.81,
            "gross_margin_4q_avg": 52.72,
            "net_income": 56081,
            "revenue": 358473,
            "common_shares": 315597,
            "book_valuer_per_share": 39.1,
            "book_valuer_per_share_4q_avg": 38.87,
            "equity": 1234048,
            "current_ratio": 253.74,
            "debt_ratio": 30.78,
            "inventory_turnover_ratio": 0.52,
            "account_receivable_turnover_ratio": 1.94,
            "reinvestment_rate": 4.75,
            "research_to_sale_ratio": 24.77,
            "price_fair": 337.1,
            "eps_avg_yearly": 9.63,
            "eps_latest_yearly": 7.08,
            "eps_growth_yearly": 176.79
        },
        "20224": {
            "year_quarter": 20224,
            "year": 2022,
            "quarter": 4,
            "eps": -0.61,
            "eps_growth_year": -110.98,
            "eps_4q": 9.54,
            "eps_4q_growth_year": -44.55,
            "roe": -1.57,
            "roe_4q": 24.229999999999997,
            "gross_profit": 70586,
            "gross_margin": 20.6,
            "gross_margin_4q_avg": 42.47,
            "net_income": -19256,
            "revenue": 342661,
            "common_shares": 315597,
            "book_valuer_per_share": 38.45,
            "book_valuer_per_share_4q_avg": 39.25,
            "equity": 1213446,
            "current_ratio": 301.51,
            "debt_ratio": 25.3,
            "inventory_turnover_ratio": 0.56,
            "account_receivable_turnover_ratio": 2.43,
            "reinvestment_rate": 3.9,
            "research_to_sale_ratio": 16.7,
            "price_fair": 354.42,
            "eps_avg_yearly": 10.13,
            "eps_latest_yearly": 7.08,
            "eps_growth_yearly": 177.97
        },
        "20231": {
            "year_quarter": 20231,
            "year": 2023,
            "quarter": 1,
            "eps": -0.85,
            "eps_growth_year": -116.5,
            "eps_4q": 3.54,
            "eps_4q_growth_year": -82.73,
            "roe": -2.24,
            "roe_4q": 8.95,
            "gross_profit": 83838,
            "gross_margin": 29.81,
            "gross_margin_4q_avg": 36.23,
            "net_income": -26869,
            "revenue": 281198,
            "common_shares": 315597,
            "book_valuer_per_share": 37.6,
            "book_valuer_per_share_4q_avg": 38.12,
            "equity": 1186578,
            "current_ratio": 337.19,
            "debt_ratio": 22.8,
            "inventory_turnover_ratio": 0.41,
            "account_receivable_turnover_ratio": 2.41,
            "reinvestment_rate": 3.78,
            "research_to_sale_ratio": 26.04,
            "price_fair": 354.42,
            "eps_avg_yearly": 10.13,
            "eps_latest_yearly": 7.08,
            "eps_growth_yearly": 177.97
        }
    },
    "months": {
        "2014-12": {
            "month": "2014-12",
            "price": "33.24",
            "revenue": 54778
        },
        "2015-01": {
            "month": "2015-01",
            "price": "31.25",
            "revenue": 56124
        },
        "2015-02": {
            "month": "2015-02",
            "price": "31.16",
            "revenue": 29650
        },
        "2015-03": {
            "month": "2015-03",
            "price": "32.70",
            "revenue": 58520
        },
        "2015-04": {
            "month": "2015-04",
            "price": "31.80",
            "revenue": 82843
        },
        "2015-05": {
            "month": "2015-05",
            "price": "31.72",
            "revenue": 72464
        },
        "2015-06": {
            "month": "2015-06",
            "price": "28.58",
            "revenue": 72924
        },
        "2015-07": {
            "month": "2015-07",
            "price": "25.02",
            "revenue": 71671
        },
        "2015-08": {
            "month": "2015-08",
            "price": "23.43",
            "revenue": 65257
        },
        "2015-09": {
            "month": "2015-09",
            "price": "24.03",
            "revenue": 57094
        },
        "2015-10": {
            "month": "2015-10",
            "price": "24.92",
            "revenue": 50346
        },
        "2015-11": {
            "month": "2015-11",
            "price": "27.53",
            "revenue": 63101
        },
        "2015-12": {
            "month": "2015-12",
            "price": "35.36",
            "revenue": 66911
        },
        "2016-01": {
            "month": "2016-01",
            "price": "28.82",
            "revenue": 61468
        },
        "2016-02": {
            "month": "2016-02",
            "price": "29.83",
            "revenue": 41150
        },
        "2016-03": {
            "month": "2016-03",
            "price": "32.34",
            "revenue": 83179
        },
        "2016-04": {
            "month": "2016-04",
            "price": "35.34",
            "revenue": 93536
        },
        "2016-05": {
            "month": "2016-05",
            "price": "29.90",
            "revenue": 90514
        },
        "2016-06": {
            "month": "2016-06",
            "price": "32.55",
            "revenue": 84378
        },
        "2016-07": {
            "month": "2016-07",
            "price": "32.58",
            "revenue": 77578
        },
        "2016-08": {
            "month": "2016-08",
            "price": "37.19",
            "revenue": 74301
        },
        "2016-09": {
            "month": "2016-09",
            "price": "36.12",
            "revenue": 66353
        },
        "2016-10": {
            "month": "2016-10",
            "price": "33.40",
            "revenue": 65654
        },
        "2016-11": {
            "month": "2016-11",
            "price": "31.23",
            "revenue": 73414
        },
        "2016-12": {
            "month": "2016-12",
            "price": "32.62",
            "revenue": 82011
        },
        "2017-01": {
            "month": "2017-01",
            "price": "34.60",
            "revenue": 64304
        },
        "2017-02": {
            "month": "2017-02",
            "price": "36.57",
            "revenue": 56641
        },
        "2017-03": {
            "month": "2017-03",
            "price": "40.07",
            "revenue": 94580
        },
        "2017-04": {
            "month": "2017-04",
            "price": "42.32",
            "revenue": 96912
        },
        "2017-05": {
            "month": "2017-05",
            "price": "48.78",
            "revenue": 101231
        },
        "2017-06": {
            "month": "2017-06",
            "price": "54.12",
            "revenue": 108775
        },
        "2017-07": {
            "month": "2017-07",
            "price": "53.19",
            "revenue": 88804
        },
        "2017-08": {
            "month": "2017-08",
            "price": "58.30",
            "revenue": 81157
        },
        "2017-09": {
            "month": "2017-09",
            "price": "63.43",
            "revenue": 76283
        },
        "2017-10": {
            "month": "2017-10",
            "price": "67.45",
            "revenue": 73188
        },
        "2017-11": {
            "month": "2017-11",
            "price": "65.69",
            "revenue": 77105
        },
        "2017-12": {
            "month": "2017-12",
            "price": "63.99",
            "revenue": 88730
        },
        "2018-01": {
            "month": "2018-01",
            "price": "64.05",
            "revenue": 72539
        },
        "2018-02": {
            "month": "2018-02",
            "price": "62.48",
            "revenue": 34329
        },
        "2018-03": {
            "month": "2018-03",
            "price": "57.17",
            "revenue": 85904
        },
        "2018-04": {
            "month": "2018-04",
            "price": "52.96",
            "revenue": 92284
        },
        "2018-05": {
            "month": "2018-05",
            "price": "46.61",
            "revenue": 110700
        },
        "2018-06": {
            "month": "2018-06",
            "price": "47.54",
            "revenue": 93817
        },
        "2018-07": {
            "month": "2018-07",
            "price": "39.32",
            "revenue": 83261
        },
        "2018-08": {
            "month": "2018-08",
            "price": "33.75",
            "revenue": 81826
        },
        "2018-09": {
            "month": "2018-09",
            "price": "30.87",
            "revenue": 80975
        },
        "2018-10": {
            "month": "2018-10",
            "price": "27.63",
            "revenue": 74351
        },
        "2018-11": {
            "month": "2018-11",
            "price": "27.60",
            "revenue": 80112
        },
        "2018-12": {
            "month": "2018-12",
            "price": "28.91",
            "revenue": 80085
        },
        "2019-01": {
            "month": "2019-01",
            "price": "27.86",
            "revenue": 70921
        },
        "2019-02": {
            "month": "2019-02",
            "price": "29.42",
            "revenue": 35895
        },
        "2019-03": {
            "month": "2019-03",
            "price": "31.54",
            "revenue": 84177
        },
        "2019-04": {
            "month": "2019-04",
            "price": "32.84",
            "revenue": 98698
        },
        "2019-05": {
            "month": "2019-05",
            "price": "30.41",
            "revenue": 114895
        },
        "2019-06": {
            "month": "2019-06",
            "price": "30.83",
            "revenue": 106853
        },
        "2019-07": {
            "month": "2019-07",
            "price": "30.45",
            "revenue": 100332
        },
        "2019-08": {
            "month": "2019-08",
            "price": "31.39",
            "revenue": 91554
        },
        "2019-09": {
            "month": "2019-09",
            "price": "31.90",
            "revenue": 83930
        },
        "2019-10": {
            "month": "2019-10",
            "price": "30.84",
            "revenue": 87529
        },
        "2019-11": {
            "month": "2019-11",
            "price": "32.42",
            "revenue": 87187
        },
        "2019-12": {
            "month": "2019-12",
            "price": "36.58",
            "revenue": 82671
        },
        "2020-01": {
            "month": "2020-01",
            "price": "34.76",
            "revenue": 54907
        },
        "2020-02": {
            "month": "2020-02",
            "price": "31.12",
            "revenue": 41692
        },
        "2020-03": {
            "month": "2020-03",
            "price": "28.90",
            "revenue": 87445
        },
        "2020-04": {
            "month": "2020-04",
            "price": "29.87",
            "revenue": 92523
        },
        "2020-05": {
            "month": "2020-05",
            "price": "33.05",
            "revenue": 85241
        },
        "2020-06": {
            "month": "2020-06",
            "price": "32.46",
            "revenue": 107310
        },
        "2020-07": {
            "month": "2020-07",
            "price": "36.62",
            "revenue": 100702
        },
        "2020-08": {
            "month": "2020-08",
            "price": "35.23",
            "revenue": 96337
        },
        "2020-09": {
            "month": "2020-09",
            "price": "34.28",
            "revenue": 101966
        },
        "2020-10": {
            "month": "2020-10",
            "price": "34.83",
            "revenue": 97402
        },
        "2020-11": {
            "month": "2020-11",
            "price": "35.76",
            "revenue": 134343
        },
        "2020-12": {
            "month": "2020-12",
            "price": "46.35",
            "revenue": 160437
        },
        "2021-01": {
            "month": "2021-01",
            "price": "57.70",
            "revenue": 140639
        },
        "2021-02": {
            "month": "2021-02",
            "price": "62.81",
            "revenue": 81405
        },
        "2021-03": {
            "month": "2021-03",
            "price": "77.02",
            "revenue": 169346
        },
        "2021-04": {
            "month": "2021-04",
            "price": "118.34",
            "revenue": 192811
        },
        "2021-05": {
            "month": "2021-05",
            "price": "99.41",
            "revenue": 208249
        },
        "2021-06": {
            "month": "2021-06",
            "price": "125.57",
            "revenue": 197468
        },
        "2021-07": {
            "month": "2021-07",
            "price": "145.45",
            "revenue": 200197
        },
        "2021-08": {
            "month": "2021-08",
            "price": "155.39",
            "revenue": 210399
        },
        "2021-09": {
            "month": "2021-09",
            "price": "150.75",
            "revenue": 201804
        },
        "2021-10": {
            "month": "2021-10",
            "price": "139.08",
            "revenue": 218021
        },
        "2021-11": {
            "month": "2021-11",
            "price": "156.02",
            "revenue": 221822
        },
        "2021-12": {
            "month": "2021-12",
            "price": "156.36",
            "revenue": 225259
        },
        "2022-01": {
            "month": "2022-01",
            "price": "153.22",
            "revenue": 203110
        },
        "2022-02": {
            "month": "2022-02",
            "price": "149.43",
            "revenue": 165151
        },
        "2022-03": {
            "month": "2022-03",
            "price": "147.24",
            "revenue": 190533
        },
        "2022-04": {
            "month": "2022-04",
            "price": "130.63",
            "revenue": 185550
        },
        "2022-05": {
            "month": "2022-05",
            "price": "125.00",
            "revenue": 181165
        },
        "2022-06": {
            "month": "2022-06",
            "price": "111.50",
            "revenue": 150183
        },
        "2022-07": {
            "month": "2022-07",
            "price": "81.79",
            "revenue": 130583
        },
        "2022-08": {
            "month": "2022-08",
            "price": "79.29",
            "revenue": 112137
        },
        "2022-09": {
            "month": "2022-09",
            "price": "67.36",
            "revenue": 115753
        },
        "2022-10": {
            "month": "2022-10",
            "price": "59.87",
            "revenue": 102942
        },
        "2022-11": {
            "month": "2022-11",
            "price": "66.90",
            "revenue": 139245
        },
        "2022-12": {
            "month": "2022-12",
            "price": "74.67",
            "revenue": 100474
        },
        "2023-01": {
            "month": "2023-01",
            "price": "72.28",
            "revenue": 60426
        },
        "2023-02": {
            "month": "2023-02",
            "price": "78.96",
            "revenue": 93418
        },
        "2023-03": {
            "month": "2023-03",
            "price": "76.95",
            "revenue": 127354
        },
        "2023-04": {
            "month": "2023-04",
            "price": "74.90",
            "revenue": 126387
        },
        "2023-05": {
            "month": "2023-05",
            "price": "67.71",
            "revenue": 111757
        }
    }
}
