{
    "summary": {
        "stock_name": "科懋",
        "stock_id": "6496",
        "category": "生技醫療",
        "main_business": "處方用藥、指示用藥、保健產品、快速檢驗試劑之銷售<br>生技醫藥研發及產品開發<br>生物技術服務",
        "website_url": "http://www.excelsiorgroup.com.tw",
        "ceo": "陳澤民",
        "pe_ratio": -31,
        "report_year_from": 2012,
        "report_year_to": 2023,
        "age": 11,
        "eps_negative_percentage": 33,
        "eps_growth_avg": {
            "last_all": -27.83,
            "last_2y": -75,
            "last_4y": -59.65,
            "last_8y": null,
            "last_12y": null,
            "last_16y": null,
            "last_20y": null,
            "at_2006_last_3y": null,
            "at_2007_last_3y": null,
            "at_2008_last_3y": null,
            "at_2009_last_3y": null,
            "at_2010_last_3y": null,
            "at_2011_last_3y": null,
            "at_2012_last_3y": null,
            "at_2013_last_3y": null,
            "at_2014_last_3y": null,
            "at_2015_last_3y": null,
            "at_2016_last_3y": null,
            "at_2017_last_3y": null,
            "at_2018_last_3y": null,
            "at_2019_last_3y": -4.25,
            "at_2020_last_3y": -21.06,
            "at_2021_last_3y": -59.65,
            "at_2022_last_3y": -72.69,
            "at_2023_last_3y": -72.69,
            "at_2006_last_all": null,
            "at_2007_last_all": null,
            "at_2008_last_all": null,
            "at_2009_last_all": null,
            "at_2010_last_all": null,
            "at_2011_last_all": null,
            "at_2012_last_all": null,
            "at_2013_last_all": null,
            "at_2014_last_all": null,
            "at_2015_last_all": null,
            "at_2016_last_all": null,
            "at_2017_last_all": 35.8,
            "at_2018_last_all": 17.02,
            "at_2019_last_all": -4.25,
            "at_2020_last_all": -13.4,
            "at_2021_last_all": -27.83,
            "at_2022_last_all": -27.83,
            "at_2023_last_all": -27.83
        },
        "latest_eps": -1.02,
        "latest_price": 31.7,
        "latest_roe": -3.98,
        "latest_gross_margin": 36.3,
        "latest_equity": 1179997,
        "latest_revenue": 187982,
        "latest_gross_profit": 68237,
        "latest_net_income": -23911,
        "latest_debt_ratio": 30.31,
        "latest_current_ratio": 306.15,
        "latest_account_receivable_turnover_ratio": 1.3,
        "latest_inventory_turnover_ratio": 0.63,
        "latest_reinvestment_rate": -112.31,
        "latest_research_to_sale_ratio": 6.22
    },
    "eps_dividends": {
        "2001": {
            "cash": 0,
            "stock": 0,
            "eps": 0
        },
        "2002": {
            "cash": 0,
            "stock": 0,
            "eps": 0
        },
        "2003": {
            "cash": 0,
            "stock": 0,
            "eps": 0
        },
        "2004": {
            "cash": 0,
            "stock": 0,
            "eps": 0
        },
        "2005": {
            "cash": 0,
            "stock": 0,
            "eps": 0
        },
        "2006": {
            "cash": 0,
            "stock": 0,
            "eps": 0
        },
        "2007": {
            "cash": 0,
            "stock": 0,
            "eps": 0
        },
        "2008": {
            "cash": 0,
            "stock": 0,
            "eps": 0
        },
        "2009": {
            "cash": 0,
            "stock": 0,
            "eps": 0
        },
        "2010": {
            "cash": 0,
            "stock": 0,
            "eps": 0
        },
        "2011": {
            "cash": 0,
            "stock": 0,
            "eps": 0
        },
        "2012": {
            "cash": 0,
            "stock": 0,
            "eps": 0
        },
        "2013": {
            "cash": 6,
            "stock": 6,
            "eps": 0
        },
        "2014": {
            "cash": 0,
            "stock": 0,
            "eps": 0
        },
        "2015": {
            "cash": 3,
            "stock": 0,
            "eps": 3.31
        },
        "2016": {
            "cash": 3,
            "stock": 0,
            "eps": 3.88
        },
        "2017": {
            "cash": 4,
            "stock": 0,
            "eps": 5.99
        },
        "2018": {
            "cash": 4,
            "stock": 0,
            "eps": 4.76
        },
        "2019": {
            "cash": 4,
            "stock": 0,
            "eps": 1.52
        },
        "2020": {
            "cash": 1,
            "stock": 0,
            "eps": 0.76
        },
        "2021": {
            "cash": 1,
            "stock": 0,
            "eps": -0.33
        },
        "2022": {
            "cash": 0,
            "stock": 0,
            "eps": -0.73
        },
        "2023": {
            "cash": 0,
            "stock": 0,
            "eps": -0.52
        }
    },
    "dividends": {
        "2013-06-20": {
            "cash": 3,
            "stock": 2.5
        },
        "2013-07-31": {
            "cash": 3,
            "stock": 2.5
        },
        "2015-08-13": {
            "cash": 2.5,
            "stock": 0
        },
        "2016-09-28": {
            "cash": 2.5,
            "stock": 0
        },
        "2017-08-08": {
            "cash": 4,
            "stock": 0
        },
        "2018-08-08": {
            "cash": 4,
            "stock": 0
        },
        "2019-08-08": {
            "cash": 4,
            "stock": 0
        },
        "2020-08-07": {
            "cash": 1,
            "stock": 0
        },
        "2021-08-06": {
            "cash": 1,
            "stock": 0
        }
    },
    "prices": {
        "200101": "無",
        "200102": "無",
        "200103": "無",
        "200104": "無",
        "200105": "無",
        "200106": "無",
        "200107": "無",
        "200108": "無",
        "200109": "無",
        "200110": "無",
        "200111": "無",
        "200112": "無",
        "200201": "無",
        "200202": "無",
        "200203": "無",
        "200204": "無",
        "200205": "無",
        "200206": "無",
        "200207": "無",
        "200208": "無",
        "200209": "無",
        "200210": "無",
        "200211": "無",
        "200212": "無",
        "200301": "無",
        "200302": "無",
        "200303": "無",
        "200304": "無",
        "200305": "無",
        "200306": "無",
        "200307": "無",
        "200308": "無",
        "200309": "無",
        "200310": "無",
        "200311": "無",
        "200312": "無",
        "200401": "無",
        "200402": "無",
        "200403": "無",
        "200404": "無",
        "200405": "無",
        "200406": "無",
        "200407": "無",
        "200408": "無",
        "200409": "無",
        "200410": "無",
        "200411": "無",
        "200412": "無",
        "200501": "無",
        "200502": "無",
        "200503": "無",
        "200504": "無",
        "200505": "無",
        "200506": "無",
        "200507": "無",
        "200508": "無",
        "200509": "無",
        "200510": "無",
        "200511": "無",
        "200512": "無",
        "200601": "無",
        "200602": "無",
        "200603": "無",
        "200604": "無",
        "200605": "無",
        "200606": "無",
        "200607": "無",
        "200608": "無",
        "200609": "無",
        "200610": "無",
        "200611": "無",
        "200612": "無",
        "200701": "無",
        "200702": "無",
        "200703": "無",
        "200704": "無",
        "200705": "無",
        "200706": "無",
        "200707": "無",
        "200708": "無",
        "200709": "無",
        "200710": "無",
        "200711": "無",
        "200712": "無",
        "200801": "無",
        "200802": "無",
        "200803": "無",
        "200804": "無",
        "200805": "無",
        "200806": "無",
        "200807": "無",
        "200808": "無",
        "200809": "無",
        "200810": "無",
        "200811": "無",
        "200812": "無",
        "200901": "無",
        "200902": "無",
        "200903": "無",
        "200904": "無",
        "200905": "無",
        "200906": "無",
        "200907": "無",
        "200908": "無",
        "200909": "無",
        "200910": "無",
        "200911": "無",
        "200912": "無",
        "201001": "無",
        "201002": "無",
        "201003": "無",
        "201004": "無",
        "201005": "無",
        "201006": "無",
        "201007": "無",
        "201008": "無",
        "201009": "無",
        "201010": "無",
        "201011": "無",
        "201012": "無",
        "201101": "無",
        "201102": "無",
        "201103": "無",
        "201104": "無",
        "201105": "無",
        "201106": "無",
        "201107": "無",
        "201108": "無",
        "201109": "無",
        "201110": "無",
        "201111": "無",
        "201112": "無",
        "201201": "無",
        "201202": "無",
        "201203": "無",
        "201204": "無",
        "201205": "無",
        "201206": "無",
        "201207": "無",
        "201208": "無",
        "201209": "無",
        "201210": "無",
        "201211": "無",
        "201212": "無",
        "201301": "無",
        "201302": "無",
        "201303": "無",
        "201304": "無",
        "201305": "無",
        "201306": "無",
        "201307": "無",
        "201308": "無",
        "201309": "無",
        "201310": "無",
        "201311": "無",
        "201312": "無",
        "201401": "無",
        "201402": "無",
        "201403": "無",
        "201404": "無",
        "201405": "無",
        "201406": "無",
        "201407": "無",
        "201408": "無",
        "201409": "無",
        "201410": "無",
        "201411": "無",
        "201412": "65.93",
        "201501": "65.19",
        "201502": "65.74",
        "201503": "68.04",
        "201504": "66.60",
        "201505": "61.76",
        "201506": "59.90",
        "201507": "57.39",
        "201508": "54.88",
        "201509": "55.08",
        "201510": "58.04",
        "201511": "68.32",
        "201512": "116.82",
        "201601": "77.67",
        "201602": "80.78",
        "201603": "75.31",
        "201604": "74.62",
        "201605": "72.42",
        "201606": "71.58",
        "201607": "70.08",
        "201608": "67.98",
        "201609": "64.67",
        "201610": "63.71",
        "201611": "57.54",
        "201612": "61.99",
        "201701": "62.11",
        "201702": "73.45",
        "201703": "78.60",
        "201704": "76.39",
        "201705": "76.56",
        "201706": "75.33",
        "201707": "72.48",
        "201708": "71.91",
        "201709": "76.64",
        "201710": "80.66",
        "201711": "80.35",
        "201712": "75.05",
        "201801": "75.75",
        "201802": "72.38",
        "201803": "75.42",
        "201804": "78.17",
        "201805": "64.56",
        "201806": "48.39",
        "201807": "47.00",
        "201808": "48.89",
        "201809": "53.12",
        "201810": "45.94",
        "201811": "41.03",
        "201812": "41.46",
        "201901": "42.50",
        "201902": "48.04",
        "201903": "52.20",
        "201904": "52.76",
        "201905": "46.86",
        "201906": "46.58",
        "201907": "44.68",
        "201908": "38.96",
        "201909": "38.37",
        "201910": "36.36",
        "201911": "35.60",
        "201912": "36.05",
        "202001": "35.72",
        "202002": "35.31",
        "202003": "28.94",
        "202004": "26.89",
        "202005": "30.48",
        "202006": "31.26",
        "202007": "32.12",
        "202008": "30.40",
        "202009": "30.52",
        "202010": "29.30",
        "202011": "28.99",
        "202012": "29.53",
        "202101": "28.58",
        "202102": "27.41",
        "202103": "28.05",
        "202104": "29.09",
        "202105": "28.37",
        "202106": "28.56",
        "202107": "28.46",
        "202108": "27.55",
        "202109": "28.14",
        "202110": "28.24",
        "202111": "29.32",
        "202112": "29.05",
        "202201": "29.67",
        "202202": "28.75",
        "202203": "27.87",
        "202204": "28.14",
        "202205": "27.22",
        "202206": "27.57",
        "202207": "27.37",
        "202208": "27.69",
        "202209": "28.16",
        "202210": "27.30",
        "202211": "27.27",
        "202212": "28.10",
        "202301": "27.58",
        "202302": "29.31",
        "202303": "30.88",
        "202304": "31.77",
        "202305": "33.28"
    },
    "quarters": {
        "20011": {
            "year_quarter": 20011,
            "year": 2001,
            "quarter": 1,
            "eps": null,
            "eps_growth_year": null,
            "eps_4q": null,
            "eps_4q_growth_year": null,
            "roe": null,
            "roe_4q": 0,
            "gross_profit": null,
            "gross_margin": null,
            "gross_margin_4q_avg": 0,
            "net_income": null,
            "revenue": null,
            "common_shares": null,
            "book_valuer_per_share": null,
            "book_valuer_per_share_4q_avg": 0,
            "equity": null,
            "current_ratio": null,
            "debt_ratio": null,
            "inventory_turnover_ratio": null,
            "account_receivable_turnover_ratio": null,
            "reinvestment_rate": null,
            "research_to_sale_ratio": null,
            "price_fair": 0,
            "eps_avg_yearly": 0,
            "eps_latest_yearly": 0,
            "eps_growth_yearly": 0
        },
        "20012": {
            "year_quarter": 20012,
            "year": 2001,
            "quarter": 2,
            "eps": null,
            "eps_growth_year": null,
            "eps_4q": null,
            "eps_4q_growth_year": null,
            "roe": null,
            "roe_4q": 0,
            "gross_profit": null,
            "gross_margin": null,
            "gross_margin_4q_avg": 0,
            "net_income": null,
            "revenue": null,
            "common_shares": null,
            "book_valuer_per_share": null,
            "book_valuer_per_share_4q_avg": 0,
            "equity": null,
            "current_ratio": null,
            "debt_ratio": null,
            "inventory_turnover_ratio": null,
            "account_receivable_turnover_ratio": null,
            "reinvestment_rate": null,
            "research_to_sale_ratio": null,
            "price_fair": 0,
            "eps_avg_yearly": 0,
            "eps_latest_yearly": 0,
            "eps_growth_yearly": 0
        },
        "20013": {
            "year_quarter": 20013,
            "year": 2001,
            "quarter": 3,
            "eps": null,
            "eps_growth_year": null,
            "eps_4q": null,
            "eps_4q_growth_year": null,
            "roe": null,
            "roe_4q": 0,
            "gross_profit": null,
            "gross_margin": null,
            "gross_margin_4q_avg": 0,
            "net_income": null,
            "revenue": null,
            "common_shares": null,
            "book_valuer_per_share": null,
            "book_valuer_per_share_4q_avg": 0,
            "equity": null,
            "current_ratio": null,
            "debt_ratio": null,
            "inventory_turnover_ratio": null,
            "account_receivable_turnover_ratio": null,
            "reinvestment_rate": null,
            "research_to_sale_ratio": null,
            "price_fair": 0,
            "eps_avg_yearly": 0,
            "eps_latest_yearly": 0,
            "eps_growth_yearly": 0
        },
        "20014": {
            "year_quarter": 20014,
            "year": 2001,
            "quarter": 4,
            "eps": null,
            "eps_growth_year": null,
            "eps_4q": null,
            "eps_4q_growth_year": null,
            "roe": null,
            "roe_4q": 0,
            "gross_profit": null,
            "gross_margin": null,
            "gross_margin_4q_avg": 0,
            "net_income": null,
            "revenue": null,
            "common_shares": null,
            "book_valuer_per_share": null,
            "book_valuer_per_share_4q_avg": 0,
            "equity": null,
            "current_ratio": null,
            "debt_ratio": null,
            "inventory_turnover_ratio": null,
            "account_receivable_turnover_ratio": null,
            "reinvestment_rate": null,
            "research_to_sale_ratio": null,
            "price_fair": 0,
            "eps_avg_yearly": 0,
            "eps_latest_yearly": 0,
            "eps_growth_yearly": 0
        },
        "20021": {
            "year_quarter": 20021,
            "year": 2002,
            "quarter": 1,
            "eps": null,
            "eps_growth_year": null,
            "eps_4q": null,
            "eps_4q_growth_year": null,
            "roe": null,
            "roe_4q": 0,
            "gross_profit": null,
            "gross_margin": null,
            "gross_margin_4q_avg": 0,
            "net_income": null,
            "revenue": null,
            "common_shares": null,
            "book_valuer_per_share": null,
            "book_valuer_per_share_4q_avg": 0,
            "equity": null,
            "current_ratio": null,
            "debt_ratio": null,
            "inventory_turnover_ratio": null,
            "account_receivable_turnover_ratio": null,
            "reinvestment_rate": null,
            "research_to_sale_ratio": null,
            "price_fair": 0,
            "eps_avg_yearly": 0,
            "eps_latest_yearly": 0,
            "eps_growth_yearly": 0
        },
        "20022": {
            "year_quarter": 20022,
            "year": 2002,
            "quarter": 2,
            "eps": null,
            "eps_growth_year": null,
            "eps_4q": null,
            "eps_4q_growth_year": null,
            "roe": null,
            "roe_4q": 0,
            "gross_profit": null,
            "gross_margin": null,
            "gross_margin_4q_avg": 0,
            "net_income": null,
            "revenue": null,
            "common_shares": null,
            "book_valuer_per_share": null,
            "book_valuer_per_share_4q_avg": 0,
            "equity": null,
            "current_ratio": null,
            "debt_ratio": null,
            "inventory_turnover_ratio": null,
            "account_receivable_turnover_ratio": null,
            "reinvestment_rate": null,
            "research_to_sale_ratio": null,
            "price_fair": 0,
            "eps_avg_yearly": 0,
            "eps_latest_yearly": 0,
            "eps_growth_yearly": 0
        },
        "20023": {
            "year_quarter": 20023,
            "year": 2002,
            "quarter": 3,
            "eps": null,
            "eps_growth_year": null,
            "eps_4q": null,
            "eps_4q_growth_year": null,
            "roe": null,
            "roe_4q": 0,
            "gross_profit": null,
            "gross_margin": null,
            "gross_margin_4q_avg": 0,
            "net_income": null,
            "revenue": null,
            "common_shares": null,
            "book_valuer_per_share": null,
            "book_valuer_per_share_4q_avg": 0,
            "equity": null,
            "current_ratio": null,
            "debt_ratio": null,
            "inventory_turnover_ratio": null,
            "account_receivable_turnover_ratio": null,
            "reinvestment_rate": null,
            "research_to_sale_ratio": null,
            "price_fair": 0,
            "eps_avg_yearly": 0,
            "eps_latest_yearly": 0,
            "eps_growth_yearly": 0
        },
        "20024": {
            "year_quarter": 20024,
            "year": 2002,
            "quarter": 4,
            "eps": null,
            "eps_growth_year": null,
            "eps_4q": null,
            "eps_4q_growth_year": null,
            "roe": null,
            "roe_4q": 0,
            "gross_profit": null,
            "gross_margin": null,
            "gross_margin_4q_avg": 0,
            "net_income": null,
            "revenue": null,
            "common_shares": null,
            "book_valuer_per_share": null,
            "book_valuer_per_share_4q_avg": 0,
            "equity": null,
            "current_ratio": null,
            "debt_ratio": null,
            "inventory_turnover_ratio": null,
            "account_receivable_turnover_ratio": null,
            "reinvestment_rate": null,
            "research_to_sale_ratio": null,
            "price_fair": 0,
            "eps_avg_yearly": 0,
            "eps_latest_yearly": 0,
            "eps_growth_yearly": 0
        },
        "20031": {
            "year_quarter": 20031,
            "year": 2003,
            "quarter": 1,
            "eps": null,
            "eps_growth_year": null,
            "eps_4q": null,
            "eps_4q_growth_year": null,
            "roe": null,
            "roe_4q": 0,
            "gross_profit": null,
            "gross_margin": null,
            "gross_margin_4q_avg": 0,
            "net_income": null,
            "revenue": null,
            "common_shares": null,
            "book_valuer_per_share": null,
            "book_valuer_per_share_4q_avg": 0,
            "equity": null,
            "current_ratio": null,
            "debt_ratio": null,
            "inventory_turnover_ratio": null,
            "account_receivable_turnover_ratio": null,
            "reinvestment_rate": null,
            "research_to_sale_ratio": null,
            "price_fair": 0,
            "eps_avg_yearly": 0,
            "eps_latest_yearly": 0,
            "eps_growth_yearly": 0
        },
        "20032": {
            "year_quarter": 20032,
            "year": 2003,
            "quarter": 2,
            "eps": null,
            "eps_growth_year": null,
            "eps_4q": null,
            "eps_4q_growth_year": null,
            "roe": null,
            "roe_4q": 0,
            "gross_profit": null,
            "gross_margin": null,
            "gross_margin_4q_avg": 0,
            "net_income": null,
            "revenue": null,
            "common_shares": null,
            "book_valuer_per_share": null,
            "book_valuer_per_share_4q_avg": 0,
            "equity": null,
            "current_ratio": null,
            "debt_ratio": null,
            "inventory_turnover_ratio": null,
            "account_receivable_turnover_ratio": null,
            "reinvestment_rate": null,
            "research_to_sale_ratio": null,
            "price_fair": 0,
            "eps_avg_yearly": 0,
            "eps_latest_yearly": 0,
            "eps_growth_yearly": 0
        },
        "20033": {
            "year_quarter": 20033,
            "year": 2003,
            "quarter": 3,
            "eps": null,
            "eps_growth_year": null,
            "eps_4q": null,
            "eps_4q_growth_year": null,
            "roe": null,
            "roe_4q": 0,
            "gross_profit": null,
            "gross_margin": null,
            "gross_margin_4q_avg": 0,
            "net_income": null,
            "revenue": null,
            "common_shares": null,
            "book_valuer_per_share": null,
            "book_valuer_per_share_4q_avg": 0,
            "equity": null,
            "current_ratio": null,
            "debt_ratio": null,
            "inventory_turnover_ratio": null,
            "account_receivable_turnover_ratio": null,
            "reinvestment_rate": null,
            "research_to_sale_ratio": null,
            "price_fair": 0,
            "eps_avg_yearly": 0,
            "eps_latest_yearly": 0,
            "eps_growth_yearly": 0
        },
        "20034": {
            "year_quarter": 20034,
            "year": 2003,
            "quarter": 4,
            "eps": null,
            "eps_growth_year": null,
            "eps_4q": null,
            "eps_4q_growth_year": null,
            "roe": null,
            "roe_4q": 0,
            "gross_profit": null,
            "gross_margin": null,
            "gross_margin_4q_avg": 0,
            "net_income": null,
            "revenue": null,
            "common_shares": null,
            "book_valuer_per_share": null,
            "book_valuer_per_share_4q_avg": 0,
            "equity": null,
            "current_ratio": null,
            "debt_ratio": null,
            "inventory_turnover_ratio": null,
            "account_receivable_turnover_ratio": null,
            "reinvestment_rate": null,
            "research_to_sale_ratio": null,
            "price_fair": 0,
            "eps_avg_yearly": 0,
            "eps_latest_yearly": 0,
            "eps_growth_yearly": 0
        },
        "20041": {
            "year_quarter": 20041,
            "year": 2004,
            "quarter": 1,
            "eps": null,
            "eps_growth_year": null,
            "eps_4q": null,
            "eps_4q_growth_year": null,
            "roe": null,
            "roe_4q": 0,
            "gross_profit": null,
            "gross_margin": null,
            "gross_margin_4q_avg": 0,
            "net_income": null,
            "revenue": null,
            "common_shares": null,
            "book_valuer_per_share": null,
            "book_valuer_per_share_4q_avg": 0,
            "equity": null,
            "current_ratio": null,
            "debt_ratio": null,
            "inventory_turnover_ratio": null,
            "account_receivable_turnover_ratio": null,
            "reinvestment_rate": null,
            "research_to_sale_ratio": null,
            "price_fair": 0,
            "eps_avg_yearly": 0,
            "eps_latest_yearly": 0,
            "eps_growth_yearly": 0
        },
        "20042": {
            "year_quarter": 20042,
            "year": 2004,
            "quarter": 2,
            "eps": null,
            "eps_growth_year": null,
            "eps_4q": null,
            "eps_4q_growth_year": null,
            "roe": null,
            "roe_4q": 0,
            "gross_profit": null,
            "gross_margin": null,
            "gross_margin_4q_avg": 0,
            "net_income": null,
            "revenue": null,
            "common_shares": null,
            "book_valuer_per_share": null,
            "book_valuer_per_share_4q_avg": 0,
            "equity": null,
            "current_ratio": null,
            "debt_ratio": null,
            "inventory_turnover_ratio": null,
            "account_receivable_turnover_ratio": null,
            "reinvestment_rate": null,
            "research_to_sale_ratio": null,
            "price_fair": 0,
            "eps_avg_yearly": 0,
            "eps_latest_yearly": 0,
            "eps_growth_yearly": 0
        },
        "20043": {
            "year_quarter": 20043,
            "year": 2004,
            "quarter": 3,
            "eps": null,
            "eps_growth_year": null,
            "eps_4q": null,
            "eps_4q_growth_year": null,
            "roe": null,
            "roe_4q": 0,
            "gross_profit": null,
            "gross_margin": null,
            "gross_margin_4q_avg": 0,
            "net_income": null,
            "revenue": null,
            "common_shares": null,
            "book_valuer_per_share": null,
            "book_valuer_per_share_4q_avg": 0,
            "equity": null,
            "current_ratio": null,
            "debt_ratio": null,
            "inventory_turnover_ratio": null,
            "account_receivable_turnover_ratio": null,
            "reinvestment_rate": null,
            "research_to_sale_ratio": null,
            "price_fair": 0,
            "eps_avg_yearly": 0,
            "eps_latest_yearly": 0,
            "eps_growth_yearly": 0
        },
        "20044": {
            "year_quarter": 20044,
            "year": 2004,
            "quarter": 4,
            "eps": null,
            "eps_growth_year": null,
            "eps_4q": null,
            "eps_4q_growth_year": null,
            "roe": null,
            "roe_4q": 0,
            "gross_profit": null,
            "gross_margin": null,
            "gross_margin_4q_avg": 0,
            "net_income": null,
            "revenue": null,
            "common_shares": null,
            "book_valuer_per_share": null,
            "book_valuer_per_share_4q_avg": 0,
            "equity": null,
            "current_ratio": null,
            "debt_ratio": null,
            "inventory_turnover_ratio": null,
            "account_receivable_turnover_ratio": null,
            "reinvestment_rate": null,
            "research_to_sale_ratio": null,
            "price_fair": 0,
            "eps_avg_yearly": 0,
            "eps_latest_yearly": 0,
            "eps_growth_yearly": 0
        },
        "20051": {
            "year_quarter": 20051,
            "year": 2005,
            "quarter": 1,
            "eps": null,
            "eps_growth_year": null,
            "eps_4q": null,
            "eps_4q_growth_year": null,
            "roe": null,
            "roe_4q": 0,
            "gross_profit": null,
            "gross_margin": null,
            "gross_margin_4q_avg": 0,
            "net_income": null,
            "revenue": null,
            "common_shares": null,
            "book_valuer_per_share": null,
            "book_valuer_per_share_4q_avg": 0,
            "equity": null,
            "current_ratio": null,
            "debt_ratio": null,
            "inventory_turnover_ratio": null,
            "account_receivable_turnover_ratio": null,
            "reinvestment_rate": null,
            "research_to_sale_ratio": null,
            "price_fair": 0,
            "eps_avg_yearly": 0,
            "eps_latest_yearly": 0,
            "eps_growth_yearly": 0
        },
        "20052": {
            "year_quarter": 20052,
            "year": 2005,
            "quarter": 2,
            "eps": null,
            "eps_growth_year": null,
            "eps_4q": null,
            "eps_4q_growth_year": null,
            "roe": null,
            "roe_4q": 0,
            "gross_profit": null,
            "gross_margin": null,
            "gross_margin_4q_avg": 0,
            "net_income": null,
            "revenue": null,
            "common_shares": null,
            "book_valuer_per_share": null,
            "book_valuer_per_share_4q_avg": 0,
            "equity": null,
            "current_ratio": null,
            "debt_ratio": null,
            "inventory_turnover_ratio": null,
            "account_receivable_turnover_ratio": null,
            "reinvestment_rate": null,
            "research_to_sale_ratio": null,
            "price_fair": 0,
            "eps_avg_yearly": 0,
            "eps_latest_yearly": 0,
            "eps_growth_yearly": 0
        },
        "20053": {
            "year_quarter": 20053,
            "year": 2005,
            "quarter": 3,
            "eps": null,
            "eps_growth_year": null,
            "eps_4q": null,
            "eps_4q_growth_year": null,
            "roe": null,
            "roe_4q": 0,
            "gross_profit": null,
            "gross_margin": null,
            "gross_margin_4q_avg": 0,
            "net_income": null,
            "revenue": null,
            "common_shares": null,
            "book_valuer_per_share": null,
            "book_valuer_per_share_4q_avg": 0,
            "equity": null,
            "current_ratio": null,
            "debt_ratio": null,
            "inventory_turnover_ratio": null,
            "account_receivable_turnover_ratio": null,
            "reinvestment_rate": null,
            "research_to_sale_ratio": null,
            "price_fair": 0,
            "eps_avg_yearly": 0,
            "eps_latest_yearly": 0,
            "eps_growth_yearly": 0
        },
        "20054": {
            "year_quarter": 20054,
            "year": 2005,
            "quarter": 4,
            "eps": null,
            "eps_growth_year": null,
            "eps_4q": null,
            "eps_4q_growth_year": null,
            "roe": null,
            "roe_4q": 0,
            "gross_profit": null,
            "gross_margin": null,
            "gross_margin_4q_avg": 0,
            "net_income": null,
            "revenue": null,
            "common_shares": null,
            "book_valuer_per_share": null,
            "book_valuer_per_share_4q_avg": 0,
            "equity": null,
            "current_ratio": null,
            "debt_ratio": null,
            "inventory_turnover_ratio": null,
            "account_receivable_turnover_ratio": null,
            "reinvestment_rate": null,
            "research_to_sale_ratio": null,
            "price_fair": 0,
            "eps_avg_yearly": 0,
            "eps_latest_yearly": 0,
            "eps_growth_yearly": 0
        },
        "20061": {
            "year_quarter": 20061,
            "year": 2006,
            "quarter": 1,
            "eps": null,
            "eps_growth_year": null,
            "eps_4q": null,
            "eps_4q_growth_year": null,
            "roe": null,
            "roe_4q": 0,
            "gross_profit": null,
            "gross_margin": null,
            "gross_margin_4q_avg": 0,
            "net_income": null,
            "revenue": null,
            "common_shares": null,
            "book_valuer_per_share": null,
            "book_valuer_per_share_4q_avg": 0,
            "equity": null,
            "current_ratio": null,
            "debt_ratio": null,
            "inventory_turnover_ratio": null,
            "account_receivable_turnover_ratio": null,
            "reinvestment_rate": null,
            "research_to_sale_ratio": null,
            "price_fair": 0,
            "eps_avg_yearly": 0,
            "eps_latest_yearly": 0,
            "eps_growth_yearly": 0
        },
        "20062": {
            "year_quarter": 20062,
            "year": 2006,
            "quarter": 2,
            "eps": null,
            "eps_growth_year": null,
            "eps_4q": null,
            "eps_4q_growth_year": null,
            "roe": null,
            "roe_4q": 0,
            "gross_profit": null,
            "gross_margin": null,
            "gross_margin_4q_avg": 0,
            "net_income": null,
            "revenue": null,
            "common_shares": null,
            "book_valuer_per_share": null,
            "book_valuer_per_share_4q_avg": 0,
            "equity": null,
            "current_ratio": null,
            "debt_ratio": null,
            "inventory_turnover_ratio": null,
            "account_receivable_turnover_ratio": null,
            "reinvestment_rate": null,
            "research_to_sale_ratio": null,
            "price_fair": 0,
            "eps_avg_yearly": 0,
            "eps_latest_yearly": 0,
            "eps_growth_yearly": 0
        },
        "20063": {
            "year_quarter": 20063,
            "year": 2006,
            "quarter": 3,
            "eps": null,
            "eps_growth_year": null,
            "eps_4q": null,
            "eps_4q_growth_year": null,
            "roe": null,
            "roe_4q": 0,
            "gross_profit": null,
            "gross_margin": null,
            "gross_margin_4q_avg": 0,
            "net_income": null,
            "revenue": null,
            "common_shares": null,
            "book_valuer_per_share": null,
            "book_valuer_per_share_4q_avg": 0,
            "equity": null,
            "current_ratio": null,
            "debt_ratio": null,
            "inventory_turnover_ratio": null,
            "account_receivable_turnover_ratio": null,
            "reinvestment_rate": null,
            "research_to_sale_ratio": null,
            "price_fair": 0,
            "eps_avg_yearly": 0,
            "eps_latest_yearly": 0,
            "eps_growth_yearly": 0
        },
        "20064": {
            "year_quarter": 20064,
            "year": 2006,
            "quarter": 4,
            "eps": null,
            "eps_growth_year": null,
            "eps_4q": null,
            "eps_4q_growth_year": null,
            "roe": null,
            "roe_4q": 0,
            "gross_profit": null,
            "gross_margin": null,
            "gross_margin_4q_avg": 0,
            "net_income": null,
            "revenue": null,
            "common_shares": null,
            "book_valuer_per_share": null,
            "book_valuer_per_share_4q_avg": 0,
            "equity": null,
            "current_ratio": null,
            "debt_ratio": null,
            "inventory_turnover_ratio": null,
            "account_receivable_turnover_ratio": null,
            "reinvestment_rate": null,
            "research_to_sale_ratio": null,
            "price_fair": 0,
            "eps_avg_yearly": 0,
            "eps_latest_yearly": 0,
            "eps_growth_yearly": 0
        },
        "20071": {
            "year_quarter": 20071,
            "year": 2007,
            "quarter": 1,
            "eps": null,
            "eps_growth_year": null,
            "eps_4q": null,
            "eps_4q_growth_year": null,
            "roe": null,
            "roe_4q": 0,
            "gross_profit": null,
            "gross_margin": null,
            "gross_margin_4q_avg": 0,
            "net_income": null,
            "revenue": null,
            "common_shares": null,
            "book_valuer_per_share": null,
            "book_valuer_per_share_4q_avg": 0,
            "equity": null,
            "current_ratio": null,
            "debt_ratio": null,
            "inventory_turnover_ratio": null,
            "account_receivable_turnover_ratio": null,
            "reinvestment_rate": null,
            "research_to_sale_ratio": null,
            "price_fair": 0,
            "eps_avg_yearly": 0,
            "eps_latest_yearly": 0,
            "eps_growth_yearly": 0
        },
        "20072": {
            "year_quarter": 20072,
            "year": 2007,
            "quarter": 2,
            "eps": null,
            "eps_growth_year": null,
            "eps_4q": null,
            "eps_4q_growth_year": null,
            "roe": null,
            "roe_4q": 0,
            "gross_profit": null,
            "gross_margin": null,
            "gross_margin_4q_avg": 0,
            "net_income": null,
            "revenue": null,
            "common_shares": null,
            "book_valuer_per_share": null,
            "book_valuer_per_share_4q_avg": 0,
            "equity": null,
            "current_ratio": null,
            "debt_ratio": null,
            "inventory_turnover_ratio": null,
            "account_receivable_turnover_ratio": null,
            "reinvestment_rate": null,
            "research_to_sale_ratio": null,
            "price_fair": 0,
            "eps_avg_yearly": 0,
            "eps_latest_yearly": 0,
            "eps_growth_yearly": 0
        },
        "20073": {
            "year_quarter": 20073,
            "year": 2007,
            "quarter": 3,
            "eps": null,
            "eps_growth_year": null,
            "eps_4q": null,
            "eps_4q_growth_year": null,
            "roe": null,
            "roe_4q": 0,
            "gross_profit": null,
            "gross_margin": null,
            "gross_margin_4q_avg": 0,
            "net_income": null,
            "revenue": null,
            "common_shares": null,
            "book_valuer_per_share": null,
            "book_valuer_per_share_4q_avg": 0,
            "equity": null,
            "current_ratio": null,
            "debt_ratio": null,
            "inventory_turnover_ratio": null,
            "account_receivable_turnover_ratio": null,
            "reinvestment_rate": null,
            "research_to_sale_ratio": null,
            "price_fair": 0,
            "eps_avg_yearly": 0,
            "eps_latest_yearly": 0,
            "eps_growth_yearly": 0
        },
        "20074": {
            "year_quarter": 20074,
            "year": 2007,
            "quarter": 4,
            "eps": null,
            "eps_growth_year": null,
            "eps_4q": null,
            "eps_4q_growth_year": null,
            "roe": null,
            "roe_4q": 0,
            "gross_profit": null,
            "gross_margin": null,
            "gross_margin_4q_avg": 0,
            "net_income": null,
            "revenue": null,
            "common_shares": null,
            "book_valuer_per_share": null,
            "book_valuer_per_share_4q_avg": 0,
            "equity": null,
            "current_ratio": null,
            "debt_ratio": null,
            "inventory_turnover_ratio": null,
            "account_receivable_turnover_ratio": null,
            "reinvestment_rate": null,
            "research_to_sale_ratio": null,
            "price_fair": 0,
            "eps_avg_yearly": 0,
            "eps_latest_yearly": 0,
            "eps_growth_yearly": 0
        },
        "20081": {
            "year_quarter": 20081,
            "year": 2008,
            "quarter": 1,
            "eps": null,
            "eps_growth_year": null,
            "eps_4q": null,
            "eps_4q_growth_year": null,
            "roe": null,
            "roe_4q": 0,
            "gross_profit": null,
            "gross_margin": null,
            "gross_margin_4q_avg": 0,
            "net_income": null,
            "revenue": null,
            "common_shares": null,
            "book_valuer_per_share": null,
            "book_valuer_per_share_4q_avg": 0,
            "equity": null,
            "current_ratio": null,
            "debt_ratio": null,
            "inventory_turnover_ratio": null,
            "account_receivable_turnover_ratio": null,
            "reinvestment_rate": null,
            "research_to_sale_ratio": null,
            "price_fair": 0,
            "eps_avg_yearly": 0,
            "eps_latest_yearly": 0,
            "eps_growth_yearly": 0
        },
        "20082": {
            "year_quarter": 20082,
            "year": 2008,
            "quarter": 2,
            "eps": null,
            "eps_growth_year": null,
            "eps_4q": null,
            "eps_4q_growth_year": null,
            "roe": null,
            "roe_4q": 0,
            "gross_profit": null,
            "gross_margin": null,
            "gross_margin_4q_avg": 0,
            "net_income": null,
            "revenue": null,
            "common_shares": null,
            "book_valuer_per_share": null,
            "book_valuer_per_share_4q_avg": 0,
            "equity": null,
            "current_ratio": null,
            "debt_ratio": null,
            "inventory_turnover_ratio": null,
            "account_receivable_turnover_ratio": null,
            "reinvestment_rate": null,
            "research_to_sale_ratio": null,
            "price_fair": 0,
            "eps_avg_yearly": 0,
            "eps_latest_yearly": 0,
            "eps_growth_yearly": 0
        },
        "20083": {
            "year_quarter": 20083,
            "year": 2008,
            "quarter": 3,
            "eps": null,
            "eps_growth_year": null,
            "eps_4q": null,
            "eps_4q_growth_year": null,
            "roe": null,
            "roe_4q": 0,
            "gross_profit": null,
            "gross_margin": null,
            "gross_margin_4q_avg": 0,
            "net_income": null,
            "revenue": null,
            "common_shares": null,
            "book_valuer_per_share": null,
            "book_valuer_per_share_4q_avg": 0,
            "equity": null,
            "current_ratio": null,
            "debt_ratio": null,
            "inventory_turnover_ratio": null,
            "account_receivable_turnover_ratio": null,
            "reinvestment_rate": null,
            "research_to_sale_ratio": null,
            "price_fair": 0,
            "eps_avg_yearly": 0,
            "eps_latest_yearly": 0,
            "eps_growth_yearly": 0
        },
        "20084": {
            "year_quarter": 20084,
            "year": 2008,
            "quarter": 4,
            "eps": null,
            "eps_growth_year": null,
            "eps_4q": null,
            "eps_4q_growth_year": null,
            "roe": null,
            "roe_4q": 0,
            "gross_profit": null,
            "gross_margin": null,
            "gross_margin_4q_avg": 0,
            "net_income": null,
            "revenue": null,
            "common_shares": null,
            "book_valuer_per_share": null,
            "book_valuer_per_share_4q_avg": 0,
            "equity": null,
            "current_ratio": null,
            "debt_ratio": null,
            "inventory_turnover_ratio": null,
            "account_receivable_turnover_ratio": null,
            "reinvestment_rate": null,
            "research_to_sale_ratio": null,
            "price_fair": 0,
            "eps_avg_yearly": 0,
            "eps_latest_yearly": 0,
            "eps_growth_yearly": 0
        },
        "20091": {
            "year_quarter": 20091,
            "year": 2009,
            "quarter": 1,
            "eps": null,
            "eps_growth_year": null,
            "eps_4q": null,
            "eps_4q_growth_year": null,
            "roe": null,
            "roe_4q": 0,
            "gross_profit": null,
            "gross_margin": null,
            "gross_margin_4q_avg": 0,
            "net_income": null,
            "revenue": null,
            "common_shares": null,
            "book_valuer_per_share": null,
            "book_valuer_per_share_4q_avg": 0,
            "equity": null,
            "current_ratio": null,
            "debt_ratio": null,
            "inventory_turnover_ratio": null,
            "account_receivable_turnover_ratio": null,
            "reinvestment_rate": null,
            "research_to_sale_ratio": null,
            "price_fair": 0,
            "eps_avg_yearly": 0,
            "eps_latest_yearly": 0,
            "eps_growth_yearly": 0
        },
        "20092": {
            "year_quarter": 20092,
            "year": 2009,
            "quarter": 2,
            "eps": null,
            "eps_growth_year": null,
            "eps_4q": null,
            "eps_4q_growth_year": null,
            "roe": null,
            "roe_4q": 0,
            "gross_profit": null,
            "gross_margin": null,
            "gross_margin_4q_avg": 0,
            "net_income": null,
            "revenue": null,
            "common_shares": null,
            "book_valuer_per_share": null,
            "book_valuer_per_share_4q_avg": 0,
            "equity": null,
            "current_ratio": null,
            "debt_ratio": null,
            "inventory_turnover_ratio": null,
            "account_receivable_turnover_ratio": null,
            "reinvestment_rate": null,
            "research_to_sale_ratio": null,
            "price_fair": 0,
            "eps_avg_yearly": 0,
            "eps_latest_yearly": 0,
            "eps_growth_yearly": 0
        },
        "20093": {
            "year_quarter": 20093,
            "year": 2009,
            "quarter": 3,
            "eps": null,
            "eps_growth_year": null,
            "eps_4q": null,
            "eps_4q_growth_year": null,
            "roe": null,
            "roe_4q": 0,
            "gross_profit": null,
            "gross_margin": null,
            "gross_margin_4q_avg": 0,
            "net_income": null,
            "revenue": null,
            "common_shares": null,
            "book_valuer_per_share": null,
            "book_valuer_per_share_4q_avg": 0,
            "equity": null,
            "current_ratio": null,
            "debt_ratio": null,
            "inventory_turnover_ratio": null,
            "account_receivable_turnover_ratio": null,
            "reinvestment_rate": null,
            "research_to_sale_ratio": null,
            "price_fair": 0,
            "eps_avg_yearly": 0,
            "eps_latest_yearly": 0,
            "eps_growth_yearly": 0
        },
        "20094": {
            "year_quarter": 20094,
            "year": 2009,
            "quarter": 4,
            "eps": null,
            "eps_growth_year": null,
            "eps_4q": null,
            "eps_4q_growth_year": null,
            "roe": null,
            "roe_4q": 0,
            "gross_profit": null,
            "gross_margin": null,
            "gross_margin_4q_avg": 0,
            "net_income": null,
            "revenue": null,
            "common_shares": null,
            "book_valuer_per_share": null,
            "book_valuer_per_share_4q_avg": 0,
            "equity": null,
            "current_ratio": null,
            "debt_ratio": null,
            "inventory_turnover_ratio": null,
            "account_receivable_turnover_ratio": null,
            "reinvestment_rate": null,
            "research_to_sale_ratio": null,
            "price_fair": 0,
            "eps_avg_yearly": 0,
            "eps_latest_yearly": 0,
            "eps_growth_yearly": 0
        },
        "20101": {
            "year_quarter": 20101,
            "year": 2010,
            "quarter": 1,
            "eps": null,
            "eps_growth_year": null,
            "eps_4q": null,
            "eps_4q_growth_year": null,
            "roe": null,
            "roe_4q": 0,
            "gross_profit": null,
            "gross_margin": null,
            "gross_margin_4q_avg": 0,
            "net_income": null,
            "revenue": null,
            "common_shares": null,
            "book_valuer_per_share": null,
            "book_valuer_per_share_4q_avg": 0,
            "equity": null,
            "current_ratio": null,
            "debt_ratio": null,
            "inventory_turnover_ratio": null,
            "account_receivable_turnover_ratio": null,
            "reinvestment_rate": null,
            "research_to_sale_ratio": null,
            "price_fair": 0,
            "eps_avg_yearly": 0,
            "eps_latest_yearly": 0,
            "eps_growth_yearly": 0
        },
        "20102": {
            "year_quarter": 20102,
            "year": 2010,
            "quarter": 2,
            "eps": null,
            "eps_growth_year": null,
            "eps_4q": null,
            "eps_4q_growth_year": null,
            "roe": null,
            "roe_4q": 0,
            "gross_profit": null,
            "gross_margin": null,
            "gross_margin_4q_avg": 0,
            "net_income": null,
            "revenue": null,
            "common_shares": null,
            "book_valuer_per_share": null,
            "book_valuer_per_share_4q_avg": 0,
            "equity": null,
            "current_ratio": null,
            "debt_ratio": null,
            "inventory_turnover_ratio": null,
            "account_receivable_turnover_ratio": null,
            "reinvestment_rate": null,
            "research_to_sale_ratio": null,
            "price_fair": 0,
            "eps_avg_yearly": 0,
            "eps_latest_yearly": 0,
            "eps_growth_yearly": 0
        },
        "20103": {
            "year_quarter": 20103,
            "year": 2010,
            "quarter": 3,
            "eps": null,
            "eps_growth_year": null,
            "eps_4q": null,
            "eps_4q_growth_year": null,
            "roe": null,
            "roe_4q": 0,
            "gross_profit": null,
            "gross_margin": null,
            "gross_margin_4q_avg": 0,
            "net_income": null,
            "revenue": null,
            "common_shares": null,
            "book_valuer_per_share": null,
            "book_valuer_per_share_4q_avg": 0,
            "equity": null,
            "current_ratio": null,
            "debt_ratio": null,
            "inventory_turnover_ratio": null,
            "account_receivable_turnover_ratio": null,
            "reinvestment_rate": null,
            "research_to_sale_ratio": null,
            "price_fair": 0,
            "eps_avg_yearly": 0,
            "eps_latest_yearly": 0,
            "eps_growth_yearly": 0
        },
        "20104": {
            "year_quarter": 20104,
            "year": 2010,
            "quarter": 4,
            "eps": null,
            "eps_growth_year": null,
            "eps_4q": null,
            "eps_4q_growth_year": null,
            "roe": null,
            "roe_4q": 0,
            "gross_profit": null,
            "gross_margin": null,
            "gross_margin_4q_avg": 0,
            "net_income": null,
            "revenue": null,
            "common_shares": null,
            "book_valuer_per_share": null,
            "book_valuer_per_share_4q_avg": 0,
            "equity": null,
            "current_ratio": null,
            "debt_ratio": null,
            "inventory_turnover_ratio": null,
            "account_receivable_turnover_ratio": null,
            "reinvestment_rate": null,
            "research_to_sale_ratio": null,
            "price_fair": 0,
            "eps_avg_yearly": 0,
            "eps_latest_yearly": 0,
            "eps_growth_yearly": 0
        },
        "20111": {
            "year_quarter": 20111,
            "year": 2011,
            "quarter": 1,
            "eps": null,
            "eps_growth_year": null,
            "eps_4q": null,
            "eps_4q_growth_year": null,
            "roe": null,
            "roe_4q": 0,
            "gross_profit": null,
            "gross_margin": null,
            "gross_margin_4q_avg": 0,
            "net_income": null,
            "revenue": null,
            "common_shares": null,
            "book_valuer_per_share": null,
            "book_valuer_per_share_4q_avg": 0,
            "equity": null,
            "current_ratio": null,
            "debt_ratio": null,
            "inventory_turnover_ratio": null,
            "account_receivable_turnover_ratio": null,
            "reinvestment_rate": null,
            "research_to_sale_ratio": null,
            "price_fair": 0,
            "eps_avg_yearly": 0,
            "eps_latest_yearly": 0,
            "eps_growth_yearly": 0
        },
        "20112": {
            "year_quarter": 20112,
            "year": 2011,
            "quarter": 2,
            "eps": null,
            "eps_growth_year": null,
            "eps_4q": null,
            "eps_4q_growth_year": null,
            "roe": null,
            "roe_4q": 0,
            "gross_profit": null,
            "gross_margin": null,
            "gross_margin_4q_avg": 0,
            "net_income": null,
            "revenue": null,
            "common_shares": null,
            "book_valuer_per_share": null,
            "book_valuer_per_share_4q_avg": 0,
            "equity": null,
            "current_ratio": null,
            "debt_ratio": null,
            "inventory_turnover_ratio": null,
            "account_receivable_turnover_ratio": null,
            "reinvestment_rate": null,
            "research_to_sale_ratio": null,
            "price_fair": 0,
            "eps_avg_yearly": 0,
            "eps_latest_yearly": 0,
            "eps_growth_yearly": 0
        },
        "20113": {
            "year_quarter": 20113,
            "year": 2011,
            "quarter": 3,
            "eps": null,
            "eps_growth_year": null,
            "eps_4q": null,
            "eps_4q_growth_year": null,
            "roe": null,
            "roe_4q": 0,
            "gross_profit": null,
            "gross_margin": null,
            "gross_margin_4q_avg": 0,
            "net_income": null,
            "revenue": null,
            "common_shares": null,
            "book_valuer_per_share": null,
            "book_valuer_per_share_4q_avg": 0,
            "equity": null,
            "current_ratio": null,
            "debt_ratio": null,
            "inventory_turnover_ratio": null,
            "account_receivable_turnover_ratio": null,
            "reinvestment_rate": null,
            "research_to_sale_ratio": null,
            "price_fair": 0,
            "eps_avg_yearly": 0,
            "eps_latest_yearly": 0,
            "eps_growth_yearly": 0
        },
        "20114": {
            "year_quarter": 20114,
            "year": 2011,
            "quarter": 4,
            "eps": null,
            "eps_growth_year": null,
            "eps_4q": null,
            "eps_4q_growth_year": null,
            "roe": null,
            "roe_4q": 0,
            "gross_profit": null,
            "gross_margin": null,
            "gross_margin_4q_avg": 0,
            "net_income": null,
            "revenue": null,
            "common_shares": 100000,
            "book_valuer_per_share": 32.72,
            "book_valuer_per_share_4q_avg": 8.18,
            "equity": 327181,
            "current_ratio": 315.57,
            "debt_ratio": 32.58,
            "inventory_turnover_ratio": null,
            "account_receivable_turnover_ratio": null,
            "reinvestment_rate": null,
            "research_to_sale_ratio": null,
            "price_fair": 0,
            "eps_avg_yearly": 0,
            "eps_latest_yearly": 0,
            "eps_growth_yearly": 0
        },
        "20121": {
            "year_quarter": 20121,
            "year": 2012,
            "quarter": 1,
            "eps": null,
            "eps_growth_year": null,
            "eps_4q": null,
            "eps_4q_growth_year": null,
            "roe": null,
            "roe_4q": 0,
            "gross_profit": null,
            "gross_margin": null,
            "gross_margin_4q_avg": 0,
            "net_income": null,
            "revenue": null,
            "common_shares": null,
            "book_valuer_per_share": null,
            "book_valuer_per_share_4q_avg": 8.18,
            "equity": null,
            "current_ratio": null,
            "debt_ratio": null,
            "inventory_turnover_ratio": null,
            "account_receivable_turnover_ratio": null,
            "reinvestment_rate": null,
            "research_to_sale_ratio": null,
            "price_fair": 0,
            "eps_avg_yearly": 0,
            "eps_latest_yearly": 0,
            "eps_growth_yearly": 0
        },
        "20122": {
            "year_quarter": 20122,
            "year": 2012,
            "quarter": 2,
            "eps": null,
            "eps_growth_year": null,
            "eps_4q": null,
            "eps_4q_growth_year": null,
            "roe": null,
            "roe_4q": 0,
            "gross_profit": null,
            "gross_margin": null,
            "gross_margin_4q_avg": 0,
            "net_income": null,
            "revenue": null,
            "common_shares": null,
            "book_valuer_per_share": null,
            "book_valuer_per_share_4q_avg": 8.18,
            "equity": null,
            "current_ratio": null,
            "debt_ratio": null,
            "inventory_turnover_ratio": null,
            "account_receivable_turnover_ratio": null,
            "reinvestment_rate": null,
            "research_to_sale_ratio": null,
            "price_fair": 0,
            "eps_avg_yearly": 0,
            "eps_latest_yearly": 0,
            "eps_growth_yearly": 0
        },
        "20123": {
            "year_quarter": 20123,
            "year": 2012,
            "quarter": 3,
            "eps": null,
            "eps_growth_year": null,
            "eps_4q": null,
            "eps_4q_growth_year": null,
            "roe": null,
            "roe_4q": 0,
            "gross_profit": null,
            "gross_margin": null,
            "gross_margin_4q_avg": 0,
            "net_income": null,
            "revenue": null,
            "common_shares": null,
            "book_valuer_per_share": null,
            "book_valuer_per_share_4q_avg": 8.18,
            "equity": null,
            "current_ratio": null,
            "debt_ratio": null,
            "inventory_turnover_ratio": null,
            "account_receivable_turnover_ratio": null,
            "reinvestment_rate": null,
            "research_to_sale_ratio": null,
            "price_fair": 0,
            "eps_avg_yearly": 0,
            "eps_latest_yearly": 0,
            "eps_growth_yearly": 0
        },
        "20124": {
            "year_quarter": 20124,
            "year": 2012,
            "quarter": 4,
            "eps": null,
            "eps_growth_year": null,
            "eps_4q": null,
            "eps_4q_growth_year": null,
            "roe": null,
            "roe_4q": 0,
            "gross_profit": null,
            "gross_margin": null,
            "gross_margin_4q_avg": 0,
            "net_income": null,
            "revenue": null,
            "common_shares": 200000,
            "book_valuer_per_share": 31.26,
            "book_valuer_per_share_4q_avg": 7.82,
            "equity": 629001,
            "current_ratio": 522.3,
            "debt_ratio": 14.77,
            "inventory_turnover_ratio": null,
            "account_receivable_turnover_ratio": null,
            "reinvestment_rate": null,
            "research_to_sale_ratio": null,
            "price_fair": 0,
            "eps_avg_yearly": 0,
            "eps_latest_yearly": 0,
            "eps_growth_yearly": 0
        },
        "20131": {
            "year_quarter": 20131,
            "year": 2013,
            "quarter": 1,
            "eps": null,
            "eps_growth_year": null,
            "eps_4q": null,
            "eps_4q_growth_year": null,
            "roe": null,
            "roe_4q": 0,
            "gross_profit": null,
            "gross_margin": null,
            "gross_margin_4q_avg": 0,
            "net_income": null,
            "revenue": null,
            "common_shares": null,
            "book_valuer_per_share": null,
            "book_valuer_per_share_4q_avg": 7.82,
            "equity": null,
            "current_ratio": null,
            "debt_ratio": null,
            "inventory_turnover_ratio": null,
            "account_receivable_turnover_ratio": null,
            "reinvestment_rate": null,
            "research_to_sale_ratio": null,
            "price_fair": 0,
            "eps_avg_yearly": 0,
            "eps_latest_yearly": 0,
            "eps_growth_yearly": 0
        },
        "20132": {
            "year_quarter": 20132,
            "year": 2013,
            "quarter": 2,
            "eps": null,
            "eps_growth_year": null,
            "eps_4q": null,
            "eps_4q_growth_year": null,
            "roe": null,
            "roe_4q": 0,
            "gross_profit": null,
            "gross_margin": null,
            "gross_margin_4q_avg": 0,
            "net_income": null,
            "revenue": null,
            "common_shares": null,
            "book_valuer_per_share": null,
            "book_valuer_per_share_4q_avg": 7.82,
            "equity": null,
            "current_ratio": null,
            "debt_ratio": null,
            "inventory_turnover_ratio": null,
            "account_receivable_turnover_ratio": null,
            "reinvestment_rate": null,
            "research_to_sale_ratio": null,
            "price_fair": 0,
            "eps_avg_yearly": 0,
            "eps_latest_yearly": 0,
            "eps_growth_yearly": 0
        },
        "20133": {
            "year_quarter": 20133,
            "year": 2013,
            "quarter": 3,
            "eps": null,
            "eps_growth_year": null,
            "eps_4q": null,
            "eps_4q_growth_year": null,
            "roe": null,
            "roe_4q": 0,
            "gross_profit": null,
            "gross_margin": null,
            "gross_margin_4q_avg": 0,
            "net_income": null,
            "revenue": null,
            "common_shares": null,
            "book_valuer_per_share": null,
            "book_valuer_per_share_4q_avg": 7.82,
            "equity": null,
            "current_ratio": null,
            "debt_ratio": null,
            "inventory_turnover_ratio": null,
            "account_receivable_turnover_ratio": null,
            "reinvestment_rate": null,
            "research_to_sale_ratio": null,
            "price_fair": 0,
            "eps_avg_yearly": 0,
            "eps_latest_yearly": 0,
            "eps_growth_yearly": 0
        },
        "20134": {
            "year_quarter": 20134,
            "year": 2013,
            "quarter": 4,
            "eps": null,
            "eps_growth_year": null,
            "eps_4q": null,
            "eps_4q_growth_year": null,
            "roe": null,
            "roe_4q": 0,
            "gross_profit": null,
            "gross_margin": null,
            "gross_margin_4q_avg": 0,
            "net_income": null,
            "revenue": null,
            "common_shares": 340000,
            "book_valuer_per_share": null,
            "book_valuer_per_share_4q_avg": 0,
            "equity": 695450,
            "current_ratio": null,
            "debt_ratio": null,
            "inventory_turnover_ratio": null,
            "account_receivable_turnover_ratio": null,
            "reinvestment_rate": null,
            "research_to_sale_ratio": null,
            "price_fair": 0,
            "eps_avg_yearly": 0,
            "eps_latest_yearly": 0,
            "eps_growth_yearly": 0
        },
        "20141": {
            "year_quarter": 20141,
            "year": 2014,
            "quarter": 1,
            "eps": null,
            "eps_growth_year": null,
            "eps_4q": null,
            "eps_4q_growth_year": null,
            "roe": null,
            "roe_4q": 0,
            "gross_profit": 107428,
            "gross_margin": null,
            "gross_margin_4q_avg": 0,
            "net_income": 30979,
            "revenue": 266583,
            "common_shares": 340000,
            "book_valuer_per_share": null,
            "book_valuer_per_share_4q_avg": 0,
            "equity": 726429,
            "current_ratio": null,
            "debt_ratio": null,
            "inventory_turnover_ratio": null,
            "account_receivable_turnover_ratio": null,
            "reinvestment_rate": null,
            "research_to_sale_ratio": null,
            "price_fair": 0,
            "eps_avg_yearly": 0,
            "eps_latest_yearly": 0,
            "eps_growth_yearly": 0
        },
        "20142": {
            "year_quarter": 20142,
            "year": 2014,
            "quarter": 2,
            "eps": null,
            "eps_growth_year": null,
            "eps_4q": null,
            "eps_4q_growth_year": null,
            "roe": null,
            "roe_4q": 0,
            "gross_profit": 122885,
            "gross_margin": null,
            "gross_margin_4q_avg": 0,
            "net_income": 39740,
            "revenue": 283461,
            "common_shares": 340000,
            "book_valuer_per_share": null,
            "book_valuer_per_share_4q_avg": 0,
            "equity": 664169,
            "current_ratio": null,
            "debt_ratio": null,
            "inventory_turnover_ratio": null,
            "account_receivable_turnover_ratio": null,
            "reinvestment_rate": null,
            "research_to_sale_ratio": null,
            "price_fair": 0,
            "eps_avg_yearly": 0,
            "eps_latest_yearly": 0,
            "eps_growth_yearly": 0
        },
        "20143": {
            "year_quarter": 20143,
            "year": 2014,
            "quarter": 3,
            "eps": null,
            "eps_growth_year": null,
            "eps_4q": null,
            "eps_4q_growth_year": null,
            "roe": null,
            "roe_4q": 0,
            "gross_profit": 128260,
            "gross_margin": null,
            "gross_margin_4q_avg": 0,
            "net_income": 46117,
            "revenue": 303728,
            "common_shares": 425000,
            "book_valuer_per_share": null,
            "book_valuer_per_share_4q_avg": 0,
            "equity": 710286,
            "current_ratio": null,
            "debt_ratio": null,
            "inventory_turnover_ratio": null,
            "account_receivable_turnover_ratio": null,
            "reinvestment_rate": null,
            "research_to_sale_ratio": null,
            "price_fair": 0,
            "eps_avg_yearly": 0,
            "eps_latest_yearly": 0,
            "eps_growth_yearly": 0
        },
        "20144": {
            "year_quarter": 20144,
            "year": 2014,
            "quarter": 4,
            "eps": null,
            "eps_growth_year": null,
            "eps_4q": null,
            "eps_4q_growth_year": null,
            "roe": null,
            "roe_4q": 0,
            "gross_profit": 110160,
            "gross_margin": null,
            "gross_margin_4q_avg": 0,
            "net_income": 37098,
            "revenue": 293082,
            "common_shares": 425000,
            "book_valuer_per_share": 17.68,
            "book_valuer_per_share_4q_avg": 4.42,
            "equity": 751451,
            "current_ratio": 398.02,
            "debt_ratio": 22.22,
            "inventory_turnover_ratio": null,
            "account_receivable_turnover_ratio": null,
            "reinvestment_rate": null,
            "research_to_sale_ratio": null,
            "price_fair": 0,
            "eps_avg_yearly": 0,
            "eps_latest_yearly": 0,
            "eps_growth_yearly": 0
        },
        "20151": {
            "year_quarter": 20151,
            "year": 2015,
            "quarter": 1,
            "eps": 0.83,
            "eps_growth_year": null,
            "eps_4q": 0.83,
            "eps_4q_growth_year": null,
            "roe": 4.61,
            "roe_4q": 4.61,
            "gross_profit": 113787,
            "gross_margin": 37.93,
            "gross_margin_4q_avg": 9.48,
            "net_income": 35452,
            "revenue": 300020,
            "common_shares": 425000,
            "book_valuer_per_share": 18.52,
            "book_valuer_per_share_4q_avg": 9.05,
            "equity": 786903,
            "current_ratio": 406.11,
            "debt_ratio": 22.05,
            "inventory_turnover_ratio": 1.17,
            "account_receivable_turnover_ratio": 1.55,
            "reinvestment_rate": null,
            "research_to_sale_ratio": 2.63,
            "price_fair": 0,
            "eps_avg_yearly": 0,
            "eps_latest_yearly": 0,
            "eps_growth_yearly": 0
        },
        "20152": {
            "year_quarter": 20152,
            "year": 2015,
            "quarter": 2,
            "eps": 0.82,
            "eps_growth_year": null,
            "eps_4q": 1.65,
            "eps_4q_growth_year": null,
            "roe": 4.63,
            "roe_4q": 9.24,
            "gross_profit": 109277,
            "gross_margin": 34.94,
            "gross_margin_4q_avg": 18.22,
            "net_income": 34760,
            "revenue": 312775,
            "common_shares": 425000,
            "book_valuer_per_share": 16.83,
            "book_valuer_per_share_4q_avg": 13.26,
            "equity": 715413,
            "current_ratio": 276.22,
            "debt_ratio": 31.68,
            "inventory_turnover_ratio": 1.23,
            "account_receivable_turnover_ratio": 1.45,
            "reinvestment_rate": null,
            "research_to_sale_ratio": 2.7,
            "price_fair": 9.84,
            "eps_avg_yearly": 3.28,
            "eps_latest_yearly": 3.28,
            "eps_growth_yearly": -4.82
        },
        "20153": {
            "year_quarter": 20153,
            "year": 2015,
            "quarter": 3,
            "eps": 0.84,
            "eps_growth_year": null,
            "eps_4q": 2.49,
            "eps_4q_growth_year": null,
            "roe": 4.87,
            "roe_4q": 14.11,
            "gross_profit": 108228,
            "gross_margin": 34.86,
            "gross_margin_4q_avg": 26.93,
            "net_income": 35697,
            "revenue": 310507,
            "common_shares": 425000,
            "book_valuer_per_share": 17.67,
            "book_valuer_per_share_4q_avg": 17.68,
            "equity": 751110,
            "current_ratio": 381.43,
            "debt_ratio": 23.34,
            "inventory_turnover_ratio": 1.34,
            "account_receivable_turnover_ratio": 1.24,
            "reinvestment_rate": null,
            "research_to_sale_ratio": 2.66,
            "price_fair": 41.4,
            "eps_avg_yearly": 3.32,
            "eps_latest_yearly": 3.36,
            "eps_growth_yearly": 2.47
        },
        "20154": {
            "year_quarter": 20154,
            "year": 2015,
            "quarter": 4,
            "eps": 0.82,
            "eps_growth_year": null,
            "eps_4q": 3.13,
            "eps_4q_growth_year": null,
            "roe": 4.76,
            "roe_4q": 18.869999999999997,
            "gross_profit": 105427,
            "gross_margin": 33.49,
            "gross_margin_4q_avg": 35.31,
            "net_income": 37408,
            "revenue": 314785,
            "common_shares": 425000,
            "book_valuer_per_share": 19.18,
            "book_valuer_per_share_4q_avg": 18.05,
            "equity": 821950,
            "current_ratio": 427.29,
            "debt_ratio": 20.73,
            "inventory_turnover_ratio": 1.14,
            "account_receivable_turnover_ratio": 1.23,
            "reinvestment_rate": null,
            "research_to_sale_ratio": 2.84,
            "price_fair": 9.92,
            "eps_avg_yearly": 3.31,
            "eps_latest_yearly": 3.28,
            "eps_growth_yearly": -1.53
        },
        "20161": {
            "year_quarter": 20161,
            "year": 2016,
            "quarter": 1,
            "eps": 0.5,
            "eps_growth_year": -39.76,
            "eps_4q": 2.8,
            "eps_4q_growth_year": 236.17,
            "roe": 2.27,
            "roe_4q": 16.529999999999998,
            "gross_profit": 110239,
            "gross_margin": 32.13,
            "gross_margin_4q_avg": 33.86,
            "net_income": 23001,
            "revenue": 343095,
            "common_shares": 466670,
            "book_valuer_per_share": 25.87,
            "book_valuer_per_share_4q_avg": 19.89,
            "equity": 1207471,
            "current_ratio": 632.12,
            "debt_ratio": 14.63,
            "inventory_turnover_ratio": 1.01,
            "account_receivable_turnover_ratio": 1.35,
            "reinvestment_rate": null,
            "research_to_sale_ratio": 3.76,
            "price_fair": 8.94,
            "eps_avg_yearly": 2.98,
            "eps_latest_yearly": 2,
            "eps_growth_yearly": -40.17
        },
        "20162": {
            "year_quarter": 20162,
            "year": 2016,
            "quarter": 2,
            "eps": 0.68,
            "eps_growth_year": -17.07,
            "eps_4q": 2.74,
            "eps_4q_growth_year": 65.6,
            "roe": 2.71,
            "roe_4q": 14.61,
            "gross_profit": 118909,
            "gross_margin": 34.56,
            "gross_margin_4q_avg": 33.76,
            "net_income": 31566,
            "revenue": 344074,
            "common_shares": 466670,
            "book_valuer_per_share": 24.05,
            "book_valuer_per_share_4q_avg": 21.69,
            "equity": 1122370,
            "current_ratio": 373.15,
            "debt_ratio": 24.33,
            "inventory_turnover_ratio": 0.97,
            "account_receivable_turnover_ratio": 1.19,
            "reinvestment_rate": null,
            "research_to_sale_ratio": 3.35,
            "price_fair": 8.78,
            "eps_avg_yearly": 2.93,
            "eps_latest_yearly": 2.72,
            "eps_growth_yearly": -3.34
        },
        "20163": {
            "year_quarter": 20163,
            "year": 2016,
            "quarter": 3,
            "eps": 1.5,
            "eps_growth_year": 78.57,
            "eps_4q": 3.47,
            "eps_4q_growth_year": 39.13,
            "roe": 6.03,
            "roe_4q": 15.77,
            "gross_profit": 165229,
            "gross_margin": 39.06,
            "gross_margin_4q_avg": 34.81,
            "net_income": 69824,
            "revenue": 423030,
            "common_shares": 466670,
            "book_valuer_per_share": 25.55,
            "book_valuer_per_share_4q_avg": 23.66,
            "equity": 1192194,
            "current_ratio": 531.85,
            "debt_ratio": 17.36,
            "inventory_turnover_ratio": 1.18,
            "account_receivable_turnover_ratio": 1.33,
            "reinvestment_rate": null,
            "research_to_sale_ratio": 2.87,
            "price_fair": 120.4,
            "eps_avg_yearly": 3.44,
            "eps_latest_yearly": 6,
            "eps_growth_yearly": 77.61
        },
        "20164": {
            "year_quarter": 20164,
            "year": 2016,
            "quarter": 4,
            "eps": 1.2,
            "eps_growth_year": 47.21,
            "eps_4q": 3.87,
            "eps_4q_growth_year": 23.67,
            "roe": 4.6,
            "roe_4q": 15.61,
            "gross_profit": 157558,
            "gross_margin": 37.08,
            "gross_margin_4q_avg": 35.71,
            "net_income": 56069,
            "revenue": 424900,
            "common_shares": 466670,
            "book_valuer_per_share": 26.73,
            "book_valuer_per_share_4q_avg": 25.55,
            "equity": 1247390,
            "current_ratio": 496.99,
            "debt_ratio": 18.5,
            "inventory_turnover_ratio": 1.25,
            "account_receivable_turnover_ratio": 1.26,
            "reinvestment_rate": null,
            "research_to_sale_ratio": 6.92,
            "price_fair": 127.2,
            "eps_avg_yearly": 3.63,
            "eps_latest_yearly": 4.8,
            "eps_growth_yearly": 55.1
        },
        "20171": {
            "year_quarter": 20171,
            "year": 2017,
            "quarter": 1,
            "eps": 1.35,
            "eps_growth_year": 170,
            "eps_4q": 4.72,
            "eps_4q_growth_year": 68.46,
            "roe": 4.93,
            "roe_4q": 18.27,
            "gross_profit": 163290,
            "gross_margin": 37.41,
            "gross_margin_4q_avg": 37.03,
            "net_income": 63000,
            "revenue": 436464,
            "common_shares": 466670,
            "book_valuer_per_share": 28.08,
            "book_valuer_per_share_4q_avg": 26.1,
            "equity": 1310390,
            "current_ratio": 517.7,
            "debt_ratio": 17.92,
            "inventory_turnover_ratio": 1.27,
            "account_receivable_turnover_ratio": 1.31,
            "reinvestment_rate": null,
            "research_to_sale_ratio": 2.55,
            "price_fair": 134.93,
            "eps_avg_yearly": 3.86,
            "eps_latest_yearly": 5.4,
            "eps_growth_yearly": 54.46
        },
        "20172": {
            "year_quarter": 20172,
            "year": 2017,
            "quarter": 2,
            "eps": 1.56,
            "eps_growth_year": 129.41,
            "eps_4q": 5.61,
            "eps_4q_growth_year": 105.13,
            "roe": 5.82,
            "roe_4q": 21.38,
            "gross_profit": 166115,
            "gross_margin": 39.82,
            "gross_margin_4q_avg": 38.34,
            "net_income": 73003,
            "revenue": 417216,
            "common_shares": 466670,
            "book_valuer_per_share": 25.64,
            "book_valuer_per_share_4q_avg": 26.5,
            "equity": 1196725,
            "current_ratio": 324.22,
            "debt_ratio": 28.29,
            "inventory_turnover_ratio": 1.2,
            "account_receivable_turnover_ratio": 1.29,
            "reinvestment_rate": null,
            "research_to_sale_ratio": 2.58,
            "price_fair": 144.2,
            "eps_avg_yearly": 4.12,
            "eps_latest_yearly": 6.24,
            "eps_growth_yearly": 55.32
        },
        "20173": {
            "year_quarter": 20173,
            "year": 2017,
            "quarter": 3,
            "eps": 1.65,
            "eps_growth_year": 10,
            "eps_4q": 5.77,
            "eps_4q_growth_year": 66.3,
            "roe": 6.23,
            "roe_4q": 21.58,
            "gross_profit": 170524,
            "gross_margin": 38.72,
            "gross_margin_4q_avg": 38.26,
            "net_income": 76994,
            "revenue": 440390,
            "common_shares": 466670,
            "book_valuer_per_share": 27.29,
            "book_valuer_per_share_4q_avg": 26.94,
            "equity": 1273719,
            "current_ratio": 497.32,
            "debt_ratio": 18.67,
            "inventory_turnover_ratio": 1.32,
            "account_receivable_turnover_ratio": 1.27,
            "reinvestment_rate": null,
            "research_to_sale_ratio": 2.25,
            "price_fair": 152.88,
            "eps_avg_yearly": 4.37,
            "eps_latest_yearly": 6.6,
            "eps_growth_yearly": 52.1
        },
        "20174": {
            "year_quarter": 20174,
            "year": 2017,
            "quarter": 4,
            "eps": 1.43,
            "eps_growth_year": 18.94,
            "eps_4q": 5.99,
            "eps_4q_growth_year": 54.98,
            "roe": 5.1,
            "roe_4q": 22.08,
            "gross_profit": 167858,
            "gross_margin": 39.83,
            "gross_margin_4q_avg": 38.95,
            "net_income": 66686,
            "revenue": 421469,
            "common_shares": 466670,
            "book_valuer_per_share": 28.71,
            "book_valuer_per_share_4q_avg": 27.43,
            "equity": 1339818,
            "current_ratio": 453.71,
            "debt_ratio": 20.21,
            "inventory_turnover_ratio": 1.14,
            "account_receivable_turnover_ratio": 1.17,
            "reinvestment_rate": -5.38,
            "research_to_sale_ratio": 6.79,
            "price_fair": 157.18,
            "eps_avg_yearly": 4.49,
            "eps_latest_yearly": 5.72,
            "eps_growth_yearly": 42.51
        },
        "20181": {
            "year_quarter": 20181,
            "year": 2018,
            "quarter": 1,
            "eps": 1.37,
            "eps_growth_year": 1.48,
            "eps_4q": 6.01,
            "eps_4q_growth_year": 27.25,
            "roe": 4.66,
            "roe_4q": 21.810000000000002,
            "gross_profit": 150612,
            "gross_margin": 36.13,
            "gross_margin_4q_avg": 38.63,
            "net_income": 63855,
            "revenue": 416897,
            "common_shares": 466670,
            "book_valuer_per_share": 30.08,
            "book_valuer_per_share_4q_avg": 27.93,
            "equity": 1403673,
            "current_ratio": 481.67,
            "debt_ratio": 19.23,
            "inventory_turnover_ratio": 1,
            "account_receivable_turnover_ratio": 1.19,
            "reinvestment_rate": -4.96,
            "research_to_sale_ratio": 1.45,
            "price_fair": 160.07,
            "eps_avg_yearly": 4.57,
            "eps_latest_yearly": 5.48,
            "eps_growth_yearly": 37.57
        },
        "20182": {
            "year_quarter": 20182,
            "year": 2018,
            "quarter": 2,
            "eps": 0.9,
            "eps_growth_year": -42.31,
            "eps_4q": 5.35,
            "eps_4q_growth_year": -4.75,
            "roe": 3.15,
            "roe_4q": 19.14,
            "gross_profit": 152735,
            "gross_margin": 35.33,
            "gross_margin_4q_avg": 37.5,
            "net_income": 41911,
            "revenue": 432321,
            "common_shares": 466670,
            "book_valuer_per_share": 26.98,
            "book_valuer_per_share_4q_avg": 28.27,
            "equity": 1258916,
            "current_ratio": 321.76,
            "debt_ratio": 28.49,
            "inventory_turnover_ratio": 0.92,
            "account_receivable_turnover_ratio": 1.28,
            "reinvestment_rate": -4.84,
            "research_to_sale_ratio": 3.14,
            "price_fair": 153.51,
            "eps_avg_yearly": 4.5,
            "eps_latest_yearly": 3.6,
            "eps_growth_yearly": 24.12
        },
        "20183": {
            "year_quarter": 20183,
            "year": 2018,
            "quarter": 3,
            "eps": 1.23,
            "eps_growth_year": -25.45,
            "eps_4q": 4.93,
            "eps_4q_growth_year": -14.55,
            "roe": 4.46,
            "roe_4q": 17.369999999999997,
            "gross_profit": 142951,
            "gross_margin": 34.14,
            "gross_margin_4q_avg": 36.36,
            "net_income": 57452,
            "revenue": 418690,
            "common_shares": 466670,
            "book_valuer_per_share": 28.21,
            "book_valuer_per_share_4q_avg": 28.5,
            "equity": 1316368,
            "current_ratio": 508.7,
            "debt_ratio": 18.26,
            "inventory_turnover_ratio": 0.81,
            "account_receivable_turnover_ratio": 1.21,
            "reinvestment_rate": -5.24,
            "research_to_sale_ratio": 2.38,
            "price_fair": 158.5,
            "eps_avg_yearly": 4.53,
            "eps_latest_yearly": 4.92,
            "eps_growth_yearly": 32.88
        },
        "20184": {
            "year_quarter": 20184,
            "year": 2018,
            "quarter": 4,
            "eps": 1.26,
            "eps_growth_year": -12.11,
            "eps_4q": 4.75,
            "eps_4q_growth_year": -20.69,
            "roe": 4.36,
            "roe_4q": 16.630000000000003,
            "gross_profit": 139431,
            "gross_margin": 33.1,
            "gross_margin_4q_avg": 34.68,
            "net_income": 58609,
            "revenue": 421216,
            "common_shares": 466670,
            "book_valuer_per_share": 29.43,
            "book_valuer_per_share_4q_avg": 28.68,
            "equity": 1373242,
            "current_ratio": 559.34,
            "debt_ratio": 16.48,
            "inventory_turnover_ratio": 0.78,
            "account_receivable_turnover_ratio": 1.21,
            "reinvestment_rate": -5.58,
            "research_to_sale_ratio": 2.34,
            "price_fair": 159.69,
            "eps_avg_yearly": 4.56,
            "eps_latest_yearly": 5.04,
            "eps_growth_yearly": 31.34
        },
        "20191": {
            "year_quarter": 20191,
            "year": 2019,
            "quarter": 1,
            "eps": 0.34,
            "eps_growth_year": -75.18,
            "eps_4q": 3.73,
            "eps_4q_growth_year": -37.97,
            "roe": 1.16,
            "roe_4q": 13.13,
            "gross_profit": 91146,
            "gross_margin": 24.72,
            "gross_margin_4q_avg": 31.82,
            "net_income": 16052,
            "revenue": 368748,
            "common_shares": 466670,
            "book_valuer_per_share": 29.77,
            "book_valuer_per_share_4q_avg": 28.6,
            "equity": 1389294,
            "current_ratio": 685.93,
            "debt_ratio": 17.43,
            "inventory_turnover_ratio": 0.92,
            "account_receivable_turnover_ratio": 1.12,
            "reinvestment_rate": -5.62,
            "research_to_sale_ratio": 2.51,
            "price_fair": 92.15,
            "eps_avg_yearly": 4.36,
            "eps_latest_yearly": 1.36,
            "eps_growth_yearly": 11.12
        },
        "20192": {
            "year_quarter": 20192,
            "year": 2019,
            "quarter": 2,
            "eps": 0.35,
            "eps_growth_year": -61.11,
            "eps_4q": 3.18,
            "eps_4q_growth_year": -40.48,
            "roe": 1.25,
            "roe_4q": 11.23,
            "gross_profit": 88223,
            "gross_margin": 22.92,
            "gross_margin_4q_avg": 28.72,
            "net_income": 16362,
            "revenue": 384908,
            "common_shares": 466670,
            "book_valuer_per_share": 26.14,
            "book_valuer_per_share_4q_avg": 28.39,
            "equity": 1219741,
            "current_ratio": 379.18,
            "debt_ratio": 27.35,
            "inventory_turnover_ratio": 0.99,
            "account_receivable_turnover_ratio": 1.16,
            "reinvestment_rate": -4.72,
            "research_to_sale_ratio": 3.05,
            "price_fair": 94.07,
            "eps_avg_yearly": 4.25,
            "eps_latest_yearly": 1.4,
            "eps_growth_yearly": 12.16
        },
        "20193": {
            "year_quarter": 20193,
            "year": 2019,
            "quarter": 3,
            "eps": 0.32,
            "eps_growth_year": -73.98,
            "eps_4q": 2.27,
            "eps_4q_growth_year": -53.97,
            "roe": 1.21,
            "roe_4q": 7.98,
            "gross_profit": 78384,
            "gross_margin": 21.61,
            "gross_margin_4q_avg": 25.59,
            "net_income": 14806,
            "revenue": 362731,
            "common_shares": 466670,
            "book_valuer_per_share": 26.43,
            "book_valuer_per_share_4q_avg": 27.94,
            "equity": 1233547,
            "current_ratio": 526.39,
            "debt_ratio": 21.29,
            "inventory_turnover_ratio": 0.7,
            "account_receivable_turnover_ratio": 1.09,
            "reinvestment_rate": -4.59,
            "research_to_sale_ratio": 3.42,
            "price_fair": 79.86,
            "eps_avg_yearly": 4.12,
            "eps_latest_yearly": 1.28,
            "eps_growth_yearly": 9.41
        },
        "20194": {
            "year_quarter": 20194,
            "year": 2019,
            "quarter": 4,
            "eps": 0.51,
            "eps_growth_year": -59.41,
            "eps_4q": 1.52,
            "eps_4q_growth_year": -67.99,
            "roe": 1.91,
            "roe_4q": 5.53,
            "gross_profit": 95832,
            "gross_margin": 22.62,
            "gross_margin_4q_avg": 22.97,
            "net_income": 23792,
            "revenue": 423677,
            "common_shares": 466670,
            "book_valuer_per_share": 26.89,
            "book_valuer_per_share_4q_avg": 27.31,
            "equity": 1254816,
            "current_ratio": 750.02,
            "debt_ratio": 16.28,
            "inventory_turnover_ratio": 0.75,
            "account_receivable_turnover_ratio": 1.12,
            "reinvestment_rate": -3.87,
            "research_to_sale_ratio": 4.27,
            "price_fair": 140.69,
            "eps_avg_yearly": 4.04,
            "eps_latest_yearly": 2.04,
            "eps_growth_yearly": 24.85
        },
        "20201": {
            "year_quarter": 20201,
            "year": 2020,
            "quarter": 1,
            "eps": 0.27,
            "eps_growth_year": -20.59,
            "eps_4q": 1.45,
            "eps_4q_growth_year": -61.17,
            "roe": 1,
            "roe_4q": 5.37,
            "gross_profit": 86898,
            "gross_margin": 25.12,
            "gross_margin_4q_avg": 23.07,
            "net_income": 12616,
            "revenue": 345938,
            "common_shares": 466670,
            "book_valuer_per_share": 27.17,
            "book_valuer_per_share_4q_avg": 26.66,
            "equity": 1267982,
            "current_ratio": 417.66,
            "debt_ratio": 24.68,
            "inventory_turnover_ratio": 0.63,
            "account_receivable_turnover_ratio": 0.94,
            "reinvestment_rate": -4.41,
            "research_to_sale_ratio": 3.18,
            "price_fair": 130.7,
            "eps_avg_yearly": 3.98,
            "eps_latest_yearly": 1.08,
            "eps_growth_yearly": 22.84
        },
        "20202": {
            "year_quarter": 20202,
            "year": 2020,
            "quarter": 2,
            "eps": 0.23,
            "eps_growth_year": -34.29,
            "eps_4q": 1.33,
            "eps_4q_growth_year": -58.27,
            "roe": 0.85,
            "roe_4q": 4.97,
            "gross_profit": 82722,
            "gross_margin": 21.43,
            "gross_margin_4q_avg": 22.7,
            "net_income": 10743,
            "revenue": 386045,
            "common_shares": 466670,
            "book_valuer_per_share": 27.12,
            "book_valuer_per_share_4q_avg": 26.9,
            "equity": 1265538,
            "current_ratio": 385.77,
            "debt_ratio": 26.2,
            "inventory_turnover_ratio": 0.81,
            "account_receivable_turnover_ratio": 1.35,
            "reinvestment_rate": -4.53,
            "research_to_sale_ratio": 4.67,
            "price_fair": 77.87,
            "eps_avg_yearly": 3.87,
            "eps_latest_yearly": 0.92,
            "eps_growth_yearly": 10.13
        },
        "20203": {
            "year_quarter": 20203,
            "year": 2020,
            "quarter": 3,
            "eps": 0.18,
            "eps_growth_year": -43.75,
            "eps_4q": 1.19,
            "eps_4q_growth_year": -47.59,
            "roe": 0.65,
            "roe_4q": 4.41,
            "gross_profit": 75940,
            "gross_margin": 20.64,
            "gross_margin_4q_avg": 22.45,
            "net_income": 8313,
            "revenue": 367979,
            "common_shares": 466670,
            "book_valuer_per_share": 27.58,
            "book_valuer_per_share_4q_avg": 27.19,
            "equity": 1287265,
            "current_ratio": 586.28,
            "debt_ratio": 33.65,
            "inventory_turnover_ratio": 0.88,
            "account_receivable_turnover_ratio": 1.6,
            "reinvestment_rate": -4.38,
            "research_to_sale_ratio": 3.95,
            "price_fair": 10.61,
            "eps_avg_yearly": 3.54,
            "eps_latest_yearly": 0.72,
            "eps_growth_yearly": -25.45
        },
        "20204": {
            "year_quarter": 20204,
            "year": 2020,
            "quarter": 4,
            "eps": 0.08,
            "eps_growth_year": -84.76,
            "eps_4q": 0.76,
            "eps_4q_growth_year": -50.29,
            "roe": 0.28,
            "roe_4q": 2.7800000000000002,
            "gross_profit": 64549,
            "gross_margin": 18.78,
            "gross_margin_4q_avg": 21.49,
            "net_income": 3627,
            "revenue": 343699,
            "common_shares": 466670,
            "book_valuer_per_share": 27.49,
            "book_valuer_per_share_4q_avg": 27.34,
            "equity": 1283062,
            "current_ratio": 652.67,
            "debt_ratio": 32.48,
            "inventory_turnover_ratio": 0.92,
            "account_receivable_turnover_ratio": 1.78,
            "reinvestment_rate": -5.14,
            "research_to_sale_ratio": 4,
            "price_fair": 9.77,
            "eps_avg_yearly": 3.26,
            "eps_latest_yearly": 0.32,
            "eps_growth_yearly": -34.34
        },
        "20211": {
            "year_quarter": 20211,
            "year": 2021,
            "quarter": 1,
            "eps": 0.06,
            "eps_growth_year": -77.78,
            "eps_4q": 0.54,
            "eps_4q_growth_year": -62.63,
            "roe": 0.2,
            "roe_4q": 1.98,
            "gross_profit": 76444,
            "gross_margin": 22.13,
            "gross_margin_4q_avg": 20.75,
            "net_income": 2571,
            "revenue": 345357,
            "common_shares": 466670,
            "book_valuer_per_share": 28.25,
            "book_valuer_per_share_4q_avg": 27.61,
            "equity": 1318189,
            "current_ratio": 513.7,
            "debt_ratio": 34.69,
            "inventory_turnover_ratio": 0.99,
            "account_receivable_turnover_ratio": 1.87,
            "reinvestment_rate": -5.57,
            "research_to_sale_ratio": 4.21,
            "price_fair": 8.81,
            "eps_avg_yearly": 2.94,
            "eps_latest_yearly": 0.24,
            "eps_growth_yearly": -43.71
        },
        "20212": {
            "year_quarter": 20212,
            "year": 2021,
            "quarter": 2,
            "eps": -0.06,
            "eps_growth_year": -126.09,
            "eps_4q": 0.25,
            "eps_4q_growth_year": -81.28,
            "roe": -0.22,
            "roe_4q": 0.91,
            "gross_profit": 67691,
            "gross_margin": 20.81,
            "gross_margin_4q_avg": 20.59,
            "net_income": -2910,
            "revenue": 325329,
            "common_shares": 466670,
            "book_valuer_per_share": 27.64,
            "book_valuer_per_share_4q_avg": 27.74,
            "equity": 1289959,
            "current_ratio": 529.26,
            "debt_ratio": 34.3,
            "inventory_turnover_ratio": 0.97,
            "account_receivable_turnover_ratio": 1.71,
            "reinvestment_rate": -6.16,
            "research_to_sale_ratio": 3.18,
            "price_fair": 8.14,
            "eps_avg_yearly": 2.71,
            "eps_latest_yearly": 0.24,
            "eps_growth_yearly": -50.77
        },
        "20213": {
            "year_quarter": 20213,
            "year": 2021,
            "quarter": 3,
            "eps": -0.27,
            "eps_growth_year": -250,
            "eps_4q": -0.2,
            "eps_4q_growth_year": -116.72,
            "roe": -0.98,
            "roe_4q": -0.72,
            "gross_profit": 66255,
            "gross_margin": 22.04,
            "gross_margin_4q_avg": 20.94,
            "net_income": -12547,
            "revenue": 300650,
            "common_shares": 466670,
            "book_valuer_per_share": 27.12,
            "book_valuer_per_share_4q_avg": 27.63,
            "equity": 1263828,
            "current_ratio": 592.62,
            "debt_ratio": 33.22,
            "inventory_turnover_ratio": 0.9,
            "account_receivable_turnover_ratio": 1.6,
            "reinvestment_rate": -8.01,
            "research_to_sale_ratio": 4.73,
            "price_fair": 7.31,
            "eps_avg_yearly": 2.44,
            "eps_latest_yearly": 0.24,
            "eps_growth_yearly": -56.05
        },
        "20214": {
            "year_quarter": 20214,
            "year": 2021,
            "quarter": 4,
            "eps": -0.06,
            "eps_growth_year": -177.54,
            "eps_4q": -0.34,
            "eps_4q_growth_year": -145.12,
            "roe": -0.22,
            "roe_4q": -1.22,
            "gross_profit": 82963,
            "gross_margin": 22.6,
            "gross_margin_4q_avg": 21.9,
            "net_income": -2763,
            "revenue": 367056,
            "common_shares": 466670,
            "book_valuer_per_share": 26.83,
            "book_valuer_per_share_4q_avg": 27.46,
            "equity": 1230145,
            "current_ratio": 612.41,
            "debt_ratio": 33.11,
            "inventory_turnover_ratio": 1.22,
            "account_receivable_turnover_ratio": 1.84,
            "reinvestment_rate": -9.1,
            "research_to_sale_ratio": 4.59,
            "price_fair": 6.55,
            "eps_avg_yearly": 2.18,
            "eps_latest_yearly": 0.24,
            "eps_growth_yearly": -56.26
        },
        "20221": {
            "year_quarter": 20221,
            "year": 2022,
            "quarter": 1,
            "eps": -0.22,
            "eps_growth_year": -466.67,
            "eps_4q": -0.62,
            "eps_4q_growth_year": -214.25,
            "roe": -0.83,
            "roe_4q": -2.2500000000000004,
            "gross_profit": 74716,
            "gross_margin": 43.03,
            "gross_margin_4q_avg": 27.12,
            "net_income": -10126,
            "revenue": 173653,
            "common_shares": 466670,
            "book_valuer_per_share": 26.37,
            "book_valuer_per_share_4q_avg": 26.99,
            "equity": 1208954,
            "current_ratio": 979.08,
            "debt_ratio": 29.19,
            "inventory_turnover_ratio": 0.53,
            "account_receivable_turnover_ratio": 1.03,
            "reinvestment_rate": -13.08,
            "research_to_sale_ratio": 6.18,
            "price_fair": 5.73,
            "eps_avg_yearly": 1.91,
            "eps_latest_yearly": 0.24,
            "eps_growth_yearly": -59.55
        },
        "20222": {
            "year_quarter": 20222,
            "year": 2022,
            "quarter": 2,
            "eps": -0.27,
            "eps_growth_year": null,
            "eps_4q": -0.83,
            "eps_4q_growth_year": -432.37,
            "roe": -1.04,
            "roe_4q": -3.0700000000000003,
            "gross_profit": 69063,
            "gross_margin": 44.47,
            "gross_margin_4q_avg": 33.04,
            "net_income": -12446,
            "revenue": 155311,
            "common_shares": 466670,
            "book_valuer_per_share": 26.07,
            "book_valuer_per_share_4q_avg": 26.6,
            "equity": 1195153,
            "current_ratio": 898.59,
            "debt_ratio": 29.91,
            "inventory_turnover_ratio": 0.49,
            "account_receivable_turnover_ratio": 1.27,
            "reinvestment_rate": -16.21,
            "research_to_sale_ratio": 11.73,
            "price_fair": 5.27,
            "eps_avg_yearly": 1.76,
            "eps_latest_yearly": 0.24,
            "eps_growth_yearly": -52.49
        },
        "20223": {
            "year_quarter": 20223,
            "year": 2022,
            "quarter": 3,
            "eps": -0.22,
            "eps_growth_year": null,
            "eps_4q": -0.76,
            "eps_4q_growth_year": null,
            "roe": -0.84,
            "roe_4q": -2.93,
            "gross_profit": 74939,
            "gross_margin": 42.69,
            "gross_margin_4q_avg": 38.2,
            "net_income": -10052,
            "revenue": 175522,
            "common_shares": 475070,
            "book_valuer_per_share": 25.6,
            "book_valuer_per_share_4q_avg": 26.22,
            "equity": 1195263,
            "current_ratio": 314.24,
            "debt_ratio": 29.7,
            "inventory_turnover_ratio": 0.57,
            "account_receivable_turnover_ratio": 1.39,
            "reinvestment_rate": -21.49,
            "research_to_sale_ratio": 4.81,
            "price_fair": 4.32,
            "eps_avg_yearly": 1.44,
            "eps_latest_yearly": 0.24,
            "eps_growth_yearly": -72.4
        },
        "20224": {
            "year_quarter": 20224,
            "year": 2022,
            "quarter": 4,
            "eps": -0.02,
            "eps_growth_year": null,
            "eps_4q": -0.72,
            "eps_4q_growth_year": null,
            "roe": -0.09,
            "roe_4q": -2.8,
            "gross_profit": 68456,
            "gross_margin": 40.92,
            "gross_margin_4q_avg": 42.78,
            "net_income": -1133,
            "revenue": 167277,
            "common_shares": 475070,
            "book_valuer_per_share": 25.86,
            "book_valuer_per_share_4q_avg": 25.98,
            "equity": 1207442,
            "current_ratio": 314.65,
            "debt_ratio": 29.59,
            "inventory_turnover_ratio": 0.55,
            "account_receivable_turnover_ratio": 1.24,
            "reinvestment_rate": -39.31,
            "research_to_sale_ratio": 2.94,
            "price_fair": 3.12,
            "eps_avg_yearly": 1.04,
            "eps_latest_yearly": 0.24,
            "eps_growth_yearly": -81.53
        },
        "20231": {
            "year_quarter": 20231,
            "year": 2023,
            "quarter": 1,
            "eps": -0.52,
            "eps_growth_year": null,
            "eps_4q": -1.02,
            "eps_4q_growth_year": null,
            "roe": -2,
            "roe_4q": -3.9699999999999998,
            "gross_profit": 68237,
            "gross_margin": 36.3,
            "gross_margin_4q_avg": 41.1,
            "net_income": -23911,
            "revenue": 187982,
            "common_shares": 474909,
            "book_valuer_per_share": 25.28,
            "book_valuer_per_share_4q_avg": 25.7,
            "equity": 1179997,
            "current_ratio": 306.15,
            "debt_ratio": 30.31,
            "inventory_turnover_ratio": 0.63,
            "account_receivable_turnover_ratio": 1.3,
            "reinvestment_rate": -112.31,
            "research_to_sale_ratio": 6.22,
            "price_fair": 3,
            "eps_avg_yearly": 1,
            "eps_latest_yearly": 0.24,
            "eps_growth_yearly": -55.21
        }
    },
    "months": {
        "2014-12": {
            "month": "2014-12",
            "price": "65.93",
            "revenue": 96872
        },
        "2015-01": {
            "month": "2015-01",
            "price": "65.19",
            "revenue": 103927
        },
        "2015-02": {
            "month": "2015-02",
            "price": "65.74",
            "revenue": 89606
        },
        "2015-03": {
            "month": "2015-03",
            "price": "68.04",
            "revenue": 106487
        },
        "2015-04": {
            "month": "2015-04",
            "price": "66.60",
            "revenue": 108529
        },
        "2015-05": {
            "month": "2015-05",
            "price": "61.76",
            "revenue": 98656
        },
        "2015-06": {
            "month": "2015-06",
            "price": "59.90",
            "revenue": 105590
        },
        "2015-07": {
            "month": "2015-07",
            "price": "57.39",
            "revenue": 97405
        },
        "2015-08": {
            "month": "2015-08",
            "price": "54.88",
            "revenue": 95483
        },
        "2015-09": {
            "month": "2015-09",
            "price": "55.08",
            "revenue": 117618
        },
        "2015-10": {
            "month": "2015-10",
            "price": "58.04",
            "revenue": 112070
        },
        "2015-11": {
            "month": "2015-11",
            "price": "68.32",
            "revenue": 96809
        },
        "2015-12": {
            "month": "2015-12",
            "price": "116.82",
            "revenue": 105907
        },
        "2016-01": {
            "month": "2016-01",
            "price": "77.67",
            "revenue": 130579
        },
        "2016-02": {
            "month": "2016-02",
            "price": "80.78",
            "revenue": 89647
        },
        "2016-03": {
            "month": "2016-03",
            "price": "75.31",
            "revenue": 122884
        },
        "2016-04": {
            "month": "2016-04",
            "price": "74.62",
            "revenue": 107432
        },
        "2016-05": {
            "month": "2016-05",
            "price": "72.42",
            "revenue": 123827
        },
        "2016-06": {
            "month": "2016-06",
            "price": "71.58",
            "revenue": 112799
        },
        "2016-07": {
            "month": "2016-07",
            "price": "70.08",
            "revenue": 137210
        },
        "2016-08": {
            "month": "2016-08",
            "price": "67.98",
            "revenue": 147808
        },
        "2016-09": {
            "month": "2016-09",
            "price": "64.67",
            "revenue": 138012
        },
        "2016-10": {
            "month": "2016-10",
            "price": "63.71",
            "revenue": 104391
        },
        "2016-11": {
            "month": "2016-11",
            "price": "57.54",
            "revenue": 169824
        },
        "2016-12": {
            "month": "2016-12",
            "price": "61.99",
            "revenue": 150685
        },
        "2017-01": {
            "month": "2017-01",
            "price": "62.11",
            "revenue": 156304
        },
        "2017-02": {
            "month": "2017-02",
            "price": "73.45",
            "revenue": 114945
        },
        "2017-03": {
            "month": "2017-03",
            "price": "78.60",
            "revenue": 165199
        },
        "2017-04": {
            "month": "2017-04",
            "price": "76.39",
            "revenue": 131348
        },
        "2017-05": {
            "month": "2017-05",
            "price": "76.56",
            "revenue": 142736
        },
        "2017-06": {
            "month": "2017-06",
            "price": "75.33",
            "revenue": 143147
        },
        "2017-07": {
            "month": "2017-07",
            "price": "72.48",
            "revenue": 136573
        },
        "2017-08": {
            "month": "2017-08",
            "price": "71.91",
            "revenue": 155024
        },
        "2017-09": {
            "month": "2017-09",
            "price": "76.64",
            "revenue": 148793
        },
        "2017-10": {
            "month": "2017-10",
            "price": "80.66",
            "revenue": 123485
        },
        "2017-11": {
            "month": "2017-11",
            "price": "80.35",
            "revenue": 149232
        },
        "2017-12": {
            "month": "2017-12",
            "price": "75.05",
            "revenue": 148752
        },
        "2018-01": {
            "month": "2018-01",
            "price": "75.75",
            "revenue": 154347
        },
        "2018-02": {
            "month": "2018-02",
            "price": "72.38",
            "revenue": 124955
        },
        "2018-03": {
            "month": "2018-03",
            "price": "75.42",
            "revenue": 137595
        },
        "2018-04": {
            "month": "2018-04",
            "price": "78.17",
            "revenue": 139773
        },
        "2018-05": {
            "month": "2018-05",
            "price": "64.56",
            "revenue": 149335
        },
        "2018-06": {
            "month": "2018-06",
            "price": "48.39",
            "revenue": 143214
        },
        "2018-07": {
            "month": "2018-07",
            "price": "47.00",
            "revenue": 138706
        },
        "2018-08": {
            "month": "2018-08",
            "price": "48.89",
            "revenue": 142408
        },
        "2018-09": {
            "month": "2018-09",
            "price": "53.12",
            "revenue": 137576
        },
        "2018-10": {
            "month": "2018-10",
            "price": "45.94",
            "revenue": 142312
        },
        "2018-11": {
            "month": "2018-11",
            "price": "41.03",
            "revenue": 141052
        },
        "2018-12": {
            "month": "2018-12",
            "price": "41.46",
            "revenue": 137851
        },
        "2019-01": {
            "month": "2019-01",
            "price": "42.50",
            "revenue": 165719
        },
        "2019-02": {
            "month": "2019-02",
            "price": "48.04",
            "revenue": 80418
        },
        "2019-03": {
            "month": "2019-03",
            "price": "52.20",
            "revenue": 122611
        },
        "2019-04": {
            "month": "2019-04",
            "price": "52.76",
            "revenue": 130691
        },
        "2019-05": {
            "month": "2019-05",
            "price": "46.86",
            "revenue": 127295
        },
        "2019-06": {
            "month": "2019-06",
            "price": "46.58",
            "revenue": 126922
        },
        "2019-07": {
            "month": "2019-07",
            "price": "44.68",
            "revenue": 120364
        },
        "2019-08": {
            "month": "2019-08",
            "price": "38.96",
            "revenue": 120844
        },
        "2019-09": {
            "month": "2019-09",
            "price": "38.37",
            "revenue": 121523
        },
        "2019-10": {
            "month": "2019-10",
            "price": "36.36",
            "revenue": 127769
        },
        "2019-11": {
            "month": "2019-11",
            "price": "35.60",
            "revenue": 128442
        },
        "2019-12": {
            "month": "2019-12",
            "price": "36.05",
            "revenue": 167466
        },
        "2020-01": {
            "month": "2020-01",
            "price": "35.72",
            "revenue": 109421
        },
        "2020-02": {
            "month": "2020-02",
            "price": "35.31",
            "revenue": 105374
        },
        "2020-03": {
            "month": "2020-03",
            "price": "28.94",
            "revenue": 131143
        },
        "2020-04": {
            "month": "2020-04",
            "price": "26.89",
            "revenue": 130929
        },
        "2020-05": {
            "month": "2020-05",
            "price": "30.48",
            "revenue": 126307
        },
        "2020-06": {
            "month": "2020-06",
            "price": "31.26",
            "revenue": 128810
        },
        "2020-07": {
            "month": "2020-07",
            "price": "32.12",
            "revenue": 119211
        },
        "2020-08": {
            "month": "2020-08",
            "price": "30.40",
            "revenue": 117886
        },
        "2020-09": {
            "month": "2020-09",
            "price": "30.52",
            "revenue": 130882
        },
        "2020-10": {
            "month": "2020-10",
            "price": "29.30",
            "revenue": 111152
        },
        "2020-11": {
            "month": "2020-11",
            "price": "28.99",
            "revenue": 110770
        },
        "2020-12": {
            "month": "2020-12",
            "price": "29.53",
            "revenue": 121777
        },
        "2021-01": {
            "month": "2021-01",
            "price": "28.58",
            "revenue": 123398
        },
        "2021-02": {
            "month": "2021-02",
            "price": "27.41",
            "revenue": 97628
        },
        "2021-03": {
            "month": "2021-03",
            "price": "28.05",
            "revenue": 124311
        },
        "2021-04": {
            "month": "2021-04",
            "price": "29.09",
            "revenue": 114725
        },
        "2021-05": {
            "month": "2021-05",
            "price": "28.37",
            "revenue": 116622
        },
        "2021-06": {
            "month": "2021-06",
            "price": "28.56",
            "revenue": 93981
        },
        "2021-07": {
            "month": "2021-07",
            "price": "28.46",
            "revenue": 94657
        },
        "2021-08": {
            "month": "2021-08",
            "price": "27.55",
            "revenue": 99105
        },
        "2021-09": {
            "month": "2021-09",
            "price": "28.14",
            "revenue": 106888
        },
        "2021-10": {
            "month": "2021-10",
            "price": "28.24",
            "revenue": 108470
        },
        "2021-11": {
            "month": "2021-11",
            "price": "29.32",
            "revenue": 115900
        },
        "2021-12": {
            "month": "2021-12",
            "price": "29.05",
            "revenue": 142686
        },
        "2022-01": {
            "month": "2022-01",
            "price": "29.67",
            "revenue": 59619
        },
        "2022-02": {
            "month": "2022-02",
            "price": "28.75",
            "revenue": 46337
        },
        "2022-03": {
            "month": "2022-03",
            "price": "27.87",
            "revenue": 67698
        },
        "2022-04": {
            "month": "2022-04",
            "price": "28.14",
            "revenue": 52986
        },
        "2022-05": {
            "month": "2022-05",
            "price": "27.22",
            "revenue": 51048
        },
        "2022-06": {
            "month": "2022-06",
            "price": "27.57",
            "revenue": 51277
        },
        "2022-07": {
            "month": "2022-07",
            "price": "27.37",
            "revenue": 53768
        },
        "2022-08": {
            "month": "2022-08",
            "price": "27.69",
            "revenue": 60123
        },
        "2022-09": {
            "month": "2022-09",
            "price": "28.16",
            "revenue": 61630
        },
        "2022-10": {
            "month": "2022-10",
            "price": "27.30",
            "revenue": 47678
        },
        "2022-11": {
            "month": "2022-11",
            "price": "27.27",
            "revenue": 52007
        },
        "2022-12": {
            "month": "2022-12",
            "price": "28.10",
            "revenue": 67592
        },
        "2023-01": {
            "month": "2023-01",
            "price": "27.58",
            "revenue": 58910
        },
        "2023-02": {
            "month": "2023-02",
            "price": "29.31",
            "revenue": 46935
        },
        "2023-03": {
            "month": "2023-03",
            "price": "30.88",
            "revenue": 82137
        },
        "2023-04": {
            "month": "2023-04",
            "price": "31.77",
            "revenue": 60576
        }
    }
}
