{
    "summary": {
        "stock_name": "益安",
        "stock_id": "6499",
        "category": "生技醫療",
        "main_business": "醫療器材產品研發、製造及銷售",
        "website_url": "http://www.medeonbiodesign.com",
        "ceo": "張有德",
        "pe_ratio": -3,
        "report_year_from": 2012,
        "report_year_to": 2023,
        "age": 12,
        "eps_negative_percentage": 78,
        "eps_growth_avg": {
            "last_all": -100,
            "last_2y": -100,
            "last_4y": -100,
            "last_8y": null,
            "last_12y": null,
            "last_16y": null,
            "last_20y": null,
            "at_2006_last_3y": null,
            "at_2007_last_3y": null,
            "at_2008_last_3y": null,
            "at_2009_last_3y": null,
            "at_2010_last_3y": null,
            "at_2011_last_3y": null,
            "at_2012_last_3y": null,
            "at_2013_last_3y": null,
            "at_2014_last_3y": null,
            "at_2015_last_3y": null,
            "at_2016_last_3y": null,
            "at_2017_last_3y": null,
            "at_2018_last_3y": null,
            "at_2019_last_3y": -100,
            "at_2020_last_3y": -100,
            "at_2021_last_3y": -100,
            "at_2022_last_3y": -100,
            "at_2023_last_3y": -100,
            "at_2024_last_3y": -100,
            "at_2006_last_all": null,
            "at_2007_last_all": null,
            "at_2008_last_all": null,
            "at_2009_last_all": null,
            "at_2010_last_all": null,
            "at_2011_last_all": null,
            "at_2012_last_all": null,
            "at_2013_last_all": null,
            "at_2014_last_all": null,
            "at_2015_last_all": null,
            "at_2016_last_all": null,
            "at_2017_last_all": null,
            "at_2018_last_all": null,
            "at_2019_last_all": -100,
            "at_2020_last_all": -100,
            "at_2021_last_all": -100,
            "at_2022_last_all": -100,
            "at_2023_last_all": -100,
            "at_2024_last_all": -100
        },
        "latest_eps": -13.09,
        "latest_price": 39.9,
        "latest_roe": -42.09,
        "latest_gross_margin": 6.74,
        "latest_equity": 2371495,
        "latest_revenue": 55474,
        "latest_gross_profit": 3737,
        "latest_net_income": -221517,
        "latest_debt_ratio": 13.67,
        "latest_current_ratio": 1004.62,
        "latest_account_receivable_turnover_ratio": 1.32,
        "latest_inventory_turnover_ratio": 5.74,
        "latest_reinvestment_rate": -22.72,
        "latest_research_to_sale_ratio": 317.82
    },
    "eps_dividends": {
        "2001": {
            "cash": 0,
            "stock": 0,
            "eps": 0
        },
        "2002": {
            "cash": 0,
            "stock": 0,
            "eps": 0
        },
        "2003": {
            "cash": 0,
            "stock": 0,
            "eps": 0
        },
        "2004": {
            "cash": 0,
            "stock": 0,
            "eps": 0
        },
        "2005": {
            "cash": 0,
            "stock": 0,
            "eps": 0
        },
        "2006": {
            "cash": 0,
            "stock": 0,
            "eps": 0
        },
        "2007": {
            "cash": 0,
            "stock": 0,
            "eps": 0
        },
        "2008": {
            "cash": 0,
            "stock": 0,
            "eps": 0
        },
        "2009": {
            "cash": 0,
            "stock": 0,
            "eps": 0
        },
        "2010": {
            "cash": 0,
            "stock": 0,
            "eps": 0
        },
        "2011": {
            "cash": 0,
            "stock": 0,
            "eps": 0
        },
        "2012": {
            "cash": 0,
            "stock": 0,
            "eps": 0
        },
        "2013": {
            "cash": 0,
            "stock": 0,
            "eps": 0
        },
        "2014": {
            "cash": 0,
            "stock": 0,
            "eps": 0
        },
        "2015": {
            "cash": 0,
            "stock": 0,
            "eps": -0.77
        },
        "2016": {
            "cash": 0,
            "stock": 0,
            "eps": -4.61
        },
        "2017": {
            "cash": 0,
            "stock": 0,
            "eps": -4.81
        },
        "2018": {
            "cash": 0,
            "stock": 0,
            "eps": 5
        },
        "2019": {
            "cash": 0,
            "stock": 1,
            "eps": -4.04
        },
        "2020": {
            "cash": 0,
            "stock": 0,
            "eps": -2.9
        },
        "2021": {
            "cash": 0,
            "stock": 1,
            "eps": 31.82
        },
        "2022": {
            "cash": 1,
            "stock": 2,
            "eps": -5.24
        },
        "2023": {
            "cash": 0.5,
            "stock": 0.5,
            "eps": -13.53
        }
    },
    "dividends": {
        "2019-03-07": {
            "cash": 0,
            "stock": 1
        },
        "2021-01-29": {
            "cash": 0,
            "stock": 1
        },
        "2022-09-26": {
            "cash": 1,
            "stock": 2
        },
        "2023-09-27": {
            "cash": 0.5,
            "stock": 0.5
        }
    },
    "prices": {
        "200101": "無",
        "200102": "無",
        "200103": "無",
        "200104": "無",
        "200105": "無",
        "200106": "無",
        "200107": "無",
        "200108": "無",
        "200109": "無",
        "200110": "無",
        "200111": "無",
        "200112": "無",
        "200201": "無",
        "200202": "無",
        "200203": "無",
        "200204": "無",
        "200205": "無",
        "200206": "無",
        "200207": "無",
        "200208": "無",
        "200209": "無",
        "200210": "無",
        "200211": "無",
        "200212": "無",
        "200301": "無",
        "200302": "無",
        "200303": "無",
        "200304": "無",
        "200305": "無",
        "200306": "無",
        "200307": "無",
        "200308": "無",
        "200309": "無",
        "200310": "無",
        "200311": "無",
        "200312": "無",
        "200401": "無",
        "200402": "無",
        "200403": "無",
        "200404": "無",
        "200405": "無",
        "200406": "無",
        "200407": "無",
        "200408": "無",
        "200409": "無",
        "200410": "無",
        "200411": "無",
        "200412": "無",
        "200501": "無",
        "200502": "無",
        "200503": "無",
        "200504": "無",
        "200505": "無",
        "200506": "無",
        "200507": "無",
        "200508": "無",
        "200509": "無",
        "200510": "無",
        "200511": "無",
        "200512": "無",
        "200601": "無",
        "200602": "無",
        "200603": "無",
        "200604": "無",
        "200605": "無",
        "200606": "無",
        "200607": "無",
        "200608": "無",
        "200609": "無",
        "200610": "無",
        "200611": "無",
        "200612": "無",
        "200701": "無",
        "200702": "無",
        "200703": "無",
        "200704": "無",
        "200705": "無",
        "200706": "無",
        "200707": "無",
        "200708": "無",
        "200709": "無",
        "200710": "無",
        "200711": "無",
        "200712": "無",
        "200801": "無",
        "200802": "無",
        "200803": "無",
        "200804": "無",
        "200805": "無",
        "200806": "無",
        "200807": "無",
        "200808": "無",
        "200809": "無",
        "200810": "無",
        "200811": "無",
        "200812": "無",
        "200901": "無",
        "200902": "無",
        "200903": "無",
        "200904": "無",
        "200905": "無",
        "200906": "無",
        "200907": "無",
        "200908": "無",
        "200909": "無",
        "200910": "無",
        "200911": "無",
        "200912": "無",
        "201001": "無",
        "201002": "無",
        "201003": "無",
        "201004": "無",
        "201005": "無",
        "201006": "無",
        "201007": "無",
        "201008": "無",
        "201009": "無",
        "201010": "無",
        "201011": "無",
        "201012": "無",
        "201101": "無",
        "201102": "無",
        "201103": "無",
        "201104": "無",
        "201105": "無",
        "201106": "無",
        "201107": "無",
        "201108": "無",
        "201109": "無",
        "201110": "無",
        "201111": "無",
        "201112": "無",
        "201201": "無",
        "201202": "無",
        "201203": "無",
        "201204": "無",
        "201205": "無",
        "201206": "無",
        "201207": "無",
        "201208": "無",
        "201209": "無",
        "201210": "無",
        "201211": "無",
        "201212": "無",
        "201301": "無",
        "201302": "無",
        "201303": "無",
        "201304": "無",
        "201305": "無",
        "201306": "無",
        "201307": "無",
        "201308": "無",
        "201309": "無",
        "201310": "無",
        "201311": "無",
        "201312": "無",
        "201401": "無",
        "201402": "無",
        "201403": "無",
        "201404": "無",
        "201405": "無",
        "201406": "無",
        "201407": "無",
        "201408": "無",
        "201409": "無",
        "201410": "無",
        "201411": "無",
        "201412": "189.24",
        "201501": "178.21",
        "201502": "194.39",
        "201503": "244.36",
        "201504": "238.70",
        "201505": "200.19",
        "201506": "188.98",
        "201507": "188.49",
        "201508": "165.42",
        "201509": "174.94",
        "201510": "236.30",
        "201511": "231.40",
        "201512": "257.87",
        "201601": "223.19",
        "201602": "203.21",
        "201603": "195.25",
        "201604": "175.33",
        "201605": "157.88",
        "201606": "189.23",
        "201607": "175.46",
        "201608": "159.13",
        "201609": "150.05",
        "201610": "158.62",
        "201611": "146.86",
        "201612": "147.48",
        "201701": "122.14",
        "201702": "106.07",
        "201703": "103.97",
        "201704": "91.71",
        "201705": "92.91",
        "201706": "98.17",
        "201707": "94.69",
        "201708": "91.51",
        "201709": "87.43",
        "201710": "91.08",
        "201711": "92.37",
        "201712": "85.43",
        "201801": "86.11",
        "201802": "82.48",
        "201803": "139.52",
        "201804": "173.75",
        "201805": "158.61",
        "201806": "147.75",
        "201807": "138.11",
        "201808": "131.70",
        "201809": "110.97",
        "201810": "96.18",
        "201811": "89.75",
        "201812": "89.28",
        "201901": "90.45",
        "201902": "90.08",
        "201903": "92.50",
        "201904": "90.14",
        "201905": "84.82",
        "201906": "83.71",
        "201907": "79.29",
        "201908": "67.98",
        "201909": "66.08",
        "201910": "64.34",
        "201911": "69.71",
        "201912": "62.72",
        "202001": "61.89",
        "202002": "59.41",
        "202003": "45.51",
        "202004": "46.68",
        "202005": "53.26",
        "202006": "59.00",
        "202007": "66.11",
        "202008": "60.26",
        "202009": "61.65",
        "202010": "64.00",
        "202011": "63.03",
        "202012": "61.55",
        "202101": "51.02",
        "202102": "55.19",
        "202103": "58.59",
        "202104": "56.72",
        "202105": "49.78",
        "202106": "51.99",
        "202107": "64.02",
        "202108": "71.35",
        "202109": "69.24",
        "202110": "64.14",
        "202111": "66.85",
        "202112": "79.54",
        "202201": "82.10",
        "202202": "83.61",
        "202203": "78.94",
        "202204": "76.46",
        "202205": "68.64",
        "202206": "71.73",
        "202207": "65.81",
        "202208": "67.20",
        "202209": "62.23",
        "202210": "52.30",
        "202211": "53.15",
        "202212": "57.95",
        "202301": "57.01",
        "202302": "58.36",
        "202303": "59.04",
        "202304": "58.64",
        "202305": "57.66",
        "202306": "57.42",
        "202307": "58.18",
        "202308": "51.80",
        "202309": "48.55",
        "202310": "48.22",
        "202311": "46.62",
        "202312": "47.55"
    },
    "quarters": {
        "20011": {
            "year_quarter": 20011,
            "year": 2001,
            "quarter": 1,
            "eps": null,
            "eps_growth_year": null,
            "eps_4q": null,
            "eps_4q_growth_year": null,
            "roe": null,
            "roe_4q": 0,
            "gross_profit": null,
            "gross_margin": null,
            "gross_margin_4q_avg": 0,
            "net_income": null,
            "net_income_4q": null,
            "revenue": null,
            "revenue_4q": null,
            "common_shares": null,
            "book_valuer_per_share": null,
            "book_valuer_per_share_4q_avg": 0,
            "equity": null,
            "current_ratio": null,
            "debt_ratio": null,
            "inventory_turnover_ratio": null,
            "account_receivable_turnover_ratio": null,
            "reinvestment_rate": null,
            "research_to_sale_ratio": null,
            "price_fair": 0,
            "eps_avg_yearly": 0,
            "eps_latest_yearly": 0,
            "eps_growth_yearly": 0
        },
        "20012": {
            "year_quarter": 20012,
            "year": 2001,
            "quarter": 2,
            "eps": null,
            "eps_growth_year": null,
            "eps_4q": null,
            "eps_4q_growth_year": null,
            "roe": null,
            "roe_4q": 0,
            "gross_profit": null,
            "gross_margin": null,
            "gross_margin_4q_avg": 0,
            "net_income": null,
            "net_income_4q": null,
            "revenue": null,
            "revenue_4q": null,
            "common_shares": null,
            "book_valuer_per_share": null,
            "book_valuer_per_share_4q_avg": 0,
            "equity": null,
            "current_ratio": null,
            "debt_ratio": null,
            "inventory_turnover_ratio": null,
            "account_receivable_turnover_ratio": null,
            "reinvestment_rate": null,
            "research_to_sale_ratio": null,
            "price_fair": 0,
            "eps_avg_yearly": 0,
            "eps_latest_yearly": 0,
            "eps_growth_yearly": 0
        },
        "20013": {
            "year_quarter": 20013,
            "year": 2001,
            "quarter": 3,
            "eps": null,
            "eps_growth_year": null,
            "eps_4q": null,
            "eps_4q_growth_year": null,
            "roe": null,
            "roe_4q": 0,
            "gross_profit": null,
            "gross_margin": null,
            "gross_margin_4q_avg": 0,
            "net_income": null,
            "net_income_4q": null,
            "revenue": null,
            "revenue_4q": null,
            "common_shares": null,
            "book_valuer_per_share": null,
            "book_valuer_per_share_4q_avg": 0,
            "equity": null,
            "current_ratio": null,
            "debt_ratio": null,
            "inventory_turnover_ratio": null,
            "account_receivable_turnover_ratio": null,
            "reinvestment_rate": null,
            "research_to_sale_ratio": null,
            "price_fair": 0,
            "eps_avg_yearly": 0,
            "eps_latest_yearly": 0,
            "eps_growth_yearly": 0
        },
        "20014": {
            "year_quarter": 20014,
            "year": 2001,
            "quarter": 4,
            "eps": null,
            "eps_growth_year": null,
            "eps_4q": null,
            "eps_4q_growth_year": null,
            "roe": null,
            "roe_4q": 0,
            "gross_profit": null,
            "gross_margin": null,
            "gross_margin_4q_avg": 0,
            "net_income": null,
            "net_income_4q": null,
            "revenue": null,
            "revenue_4q": null,
            "common_shares": null,
            "book_valuer_per_share": null,
            "book_valuer_per_share_4q_avg": 0,
            "equity": null,
            "current_ratio": null,
            "debt_ratio": null,
            "inventory_turnover_ratio": null,
            "account_receivable_turnover_ratio": null,
            "reinvestment_rate": null,
            "research_to_sale_ratio": null,
            "price_fair": 0,
            "eps_avg_yearly": 0,
            "eps_latest_yearly": 0,
            "eps_growth_yearly": 0
        },
        "20021": {
            "year_quarter": 20021,
            "year": 2002,
            "quarter": 1,
            "eps": null,
            "eps_growth_year": null,
            "eps_4q": null,
            "eps_4q_growth_year": null,
            "roe": null,
            "roe_4q": 0,
            "gross_profit": null,
            "gross_margin": null,
            "gross_margin_4q_avg": 0,
            "net_income": null,
            "net_income_4q": null,
            "revenue": null,
            "revenue_4q": null,
            "common_shares": null,
            "book_valuer_per_share": null,
            "book_valuer_per_share_4q_avg": 0,
            "equity": null,
            "current_ratio": null,
            "debt_ratio": null,
            "inventory_turnover_ratio": null,
            "account_receivable_turnover_ratio": null,
            "reinvestment_rate": null,
            "research_to_sale_ratio": null,
            "price_fair": 0,
            "eps_avg_yearly": 0,
            "eps_latest_yearly": 0,
            "eps_growth_yearly": 0
        },
        "20022": {
            "year_quarter": 20022,
            "year": 2002,
            "quarter": 2,
            "eps": null,
            "eps_growth_year": null,
            "eps_4q": null,
            "eps_4q_growth_year": null,
            "roe": null,
            "roe_4q": 0,
            "gross_profit": null,
            "gross_margin": null,
            "gross_margin_4q_avg": 0,
            "net_income": null,
            "net_income_4q": null,
            "revenue": null,
            "revenue_4q": null,
            "common_shares": null,
            "book_valuer_per_share": null,
            "book_valuer_per_share_4q_avg": 0,
            "equity": null,
            "current_ratio": null,
            "debt_ratio": null,
            "inventory_turnover_ratio": null,
            "account_receivable_turnover_ratio": null,
            "reinvestment_rate": null,
            "research_to_sale_ratio": null,
            "price_fair": 0,
            "eps_avg_yearly": 0,
            "eps_latest_yearly": 0,
            "eps_growth_yearly": 0
        },
        "20023": {
            "year_quarter": 20023,
            "year": 2002,
            "quarter": 3,
            "eps": null,
            "eps_growth_year": null,
            "eps_4q": null,
            "eps_4q_growth_year": null,
            "roe": null,
            "roe_4q": 0,
            "gross_profit": null,
            "gross_margin": null,
            "gross_margin_4q_avg": 0,
            "net_income": null,
            "net_income_4q": null,
            "revenue": null,
            "revenue_4q": null,
            "common_shares": null,
            "book_valuer_per_share": null,
            "book_valuer_per_share_4q_avg": 0,
            "equity": null,
            "current_ratio": null,
            "debt_ratio": null,
            "inventory_turnover_ratio": null,
            "account_receivable_turnover_ratio": null,
            "reinvestment_rate": null,
            "research_to_sale_ratio": null,
            "price_fair": 0,
            "eps_avg_yearly": 0,
            "eps_latest_yearly": 0,
            "eps_growth_yearly": 0
        },
        "20024": {
            "year_quarter": 20024,
            "year": 2002,
            "quarter": 4,
            "eps": null,
            "eps_growth_year": null,
            "eps_4q": null,
            "eps_4q_growth_year": null,
            "roe": null,
            "roe_4q": 0,
            "gross_profit": null,
            "gross_margin": null,
            "gross_margin_4q_avg": 0,
            "net_income": null,
            "net_income_4q": null,
            "revenue": null,
            "revenue_4q": null,
            "common_shares": null,
            "book_valuer_per_share": null,
            "book_valuer_per_share_4q_avg": 0,
            "equity": null,
            "current_ratio": null,
            "debt_ratio": null,
            "inventory_turnover_ratio": null,
            "account_receivable_turnover_ratio": null,
            "reinvestment_rate": null,
            "research_to_sale_ratio": null,
            "price_fair": 0,
            "eps_avg_yearly": 0,
            "eps_latest_yearly": 0,
            "eps_growth_yearly": 0
        },
        "20031": {
            "year_quarter": 20031,
            "year": 2003,
            "quarter": 1,
            "eps": null,
            "eps_growth_year": null,
            "eps_4q": null,
            "eps_4q_growth_year": null,
            "roe": null,
            "roe_4q": 0,
            "gross_profit": null,
            "gross_margin": null,
            "gross_margin_4q_avg": 0,
            "net_income": null,
            "net_income_4q": null,
            "revenue": null,
            "revenue_4q": null,
            "common_shares": null,
            "book_valuer_per_share": null,
            "book_valuer_per_share_4q_avg": 0,
            "equity": null,
            "current_ratio": null,
            "debt_ratio": null,
            "inventory_turnover_ratio": null,
            "account_receivable_turnover_ratio": null,
            "reinvestment_rate": null,
            "research_to_sale_ratio": null,
            "price_fair": 0,
            "eps_avg_yearly": 0,
            "eps_latest_yearly": 0,
            "eps_growth_yearly": 0
        },
        "20032": {
            "year_quarter": 20032,
            "year": 2003,
            "quarter": 2,
            "eps": null,
            "eps_growth_year": null,
            "eps_4q": null,
            "eps_4q_growth_year": null,
            "roe": null,
            "roe_4q": 0,
            "gross_profit": null,
            "gross_margin": null,
            "gross_margin_4q_avg": 0,
            "net_income": null,
            "net_income_4q": null,
            "revenue": null,
            "revenue_4q": null,
            "common_shares": null,
            "book_valuer_per_share": null,
            "book_valuer_per_share_4q_avg": 0,
            "equity": null,
            "current_ratio": null,
            "debt_ratio": null,
            "inventory_turnover_ratio": null,
            "account_receivable_turnover_ratio": null,
            "reinvestment_rate": null,
            "research_to_sale_ratio": null,
            "price_fair": 0,
            "eps_avg_yearly": 0,
            "eps_latest_yearly": 0,
            "eps_growth_yearly": 0
        },
        "20033": {
            "year_quarter": 20033,
            "year": 2003,
            "quarter": 3,
            "eps": null,
            "eps_growth_year": null,
            "eps_4q": null,
            "eps_4q_growth_year": null,
            "roe": null,
            "roe_4q": 0,
            "gross_profit": null,
            "gross_margin": null,
            "gross_margin_4q_avg": 0,
            "net_income": null,
            "net_income_4q": null,
            "revenue": null,
            "revenue_4q": null,
            "common_shares": null,
            "book_valuer_per_share": null,
            "book_valuer_per_share_4q_avg": 0,
            "equity": null,
            "current_ratio": null,
            "debt_ratio": null,
            "inventory_turnover_ratio": null,
            "account_receivable_turnover_ratio": null,
            "reinvestment_rate": null,
            "research_to_sale_ratio": null,
            "price_fair": 0,
            "eps_avg_yearly": 0,
            "eps_latest_yearly": 0,
            "eps_growth_yearly": 0
        },
        "20034": {
            "year_quarter": 20034,
            "year": 2003,
            "quarter": 4,
            "eps": null,
            "eps_growth_year": null,
            "eps_4q": null,
            "eps_4q_growth_year": null,
            "roe": null,
            "roe_4q": 0,
            "gross_profit": null,
            "gross_margin": null,
            "gross_margin_4q_avg": 0,
            "net_income": null,
            "net_income_4q": null,
            "revenue": null,
            "revenue_4q": null,
            "common_shares": null,
            "book_valuer_per_share": null,
            "book_valuer_per_share_4q_avg": 0,
            "equity": null,
            "current_ratio": null,
            "debt_ratio": null,
            "inventory_turnover_ratio": null,
            "account_receivable_turnover_ratio": null,
            "reinvestment_rate": null,
            "research_to_sale_ratio": null,
            "price_fair": 0,
            "eps_avg_yearly": 0,
            "eps_latest_yearly": 0,
            "eps_growth_yearly": 0
        },
        "20041": {
            "year_quarter": 20041,
            "year": 2004,
            "quarter": 1,
            "eps": null,
            "eps_growth_year": null,
            "eps_4q": null,
            "eps_4q_growth_year": null,
            "roe": null,
            "roe_4q": 0,
            "gross_profit": null,
            "gross_margin": null,
            "gross_margin_4q_avg": 0,
            "net_income": null,
            "net_income_4q": null,
            "revenue": null,
            "revenue_4q": null,
            "common_shares": null,
            "book_valuer_per_share": null,
            "book_valuer_per_share_4q_avg": 0,
            "equity": null,
            "current_ratio": null,
            "debt_ratio": null,
            "inventory_turnover_ratio": null,
            "account_receivable_turnover_ratio": null,
            "reinvestment_rate": null,
            "research_to_sale_ratio": null,
            "price_fair": 0,
            "eps_avg_yearly": 0,
            "eps_latest_yearly": 0,
            "eps_growth_yearly": 0
        },
        "20042": {
            "year_quarter": 20042,
            "year": 2004,
            "quarter": 2,
            "eps": null,
            "eps_growth_year": null,
            "eps_4q": null,
            "eps_4q_growth_year": null,
            "roe": null,
            "roe_4q": 0,
            "gross_profit": null,
            "gross_margin": null,
            "gross_margin_4q_avg": 0,
            "net_income": null,
            "net_income_4q": null,
            "revenue": null,
            "revenue_4q": null,
            "common_shares": null,
            "book_valuer_per_share": null,
            "book_valuer_per_share_4q_avg": 0,
            "equity": null,
            "current_ratio": null,
            "debt_ratio": null,
            "inventory_turnover_ratio": null,
            "account_receivable_turnover_ratio": null,
            "reinvestment_rate": null,
            "research_to_sale_ratio": null,
            "price_fair": 0,
            "eps_avg_yearly": 0,
            "eps_latest_yearly": 0,
            "eps_growth_yearly": 0
        },
        "20043": {
            "year_quarter": 20043,
            "year": 2004,
            "quarter": 3,
            "eps": null,
            "eps_growth_year": null,
            "eps_4q": null,
            "eps_4q_growth_year": null,
            "roe": null,
            "roe_4q": 0,
            "gross_profit": null,
            "gross_margin": null,
            "gross_margin_4q_avg": 0,
            "net_income": null,
            "net_income_4q": null,
            "revenue": null,
            "revenue_4q": null,
            "common_shares": null,
            "book_valuer_per_share": null,
            "book_valuer_per_share_4q_avg": 0,
            "equity": null,
            "current_ratio": null,
            "debt_ratio": null,
            "inventory_turnover_ratio": null,
            "account_receivable_turnover_ratio": null,
            "reinvestment_rate": null,
            "research_to_sale_ratio": null,
            "price_fair": 0,
            "eps_avg_yearly": 0,
            "eps_latest_yearly": 0,
            "eps_growth_yearly": 0
        },
        "20044": {
            "year_quarter": 20044,
            "year": 2004,
            "quarter": 4,
            "eps": null,
            "eps_growth_year": null,
            "eps_4q": null,
            "eps_4q_growth_year": null,
            "roe": null,
            "roe_4q": 0,
            "gross_profit": null,
            "gross_margin": null,
            "gross_margin_4q_avg": 0,
            "net_income": null,
            "net_income_4q": null,
            "revenue": null,
            "revenue_4q": null,
            "common_shares": null,
            "book_valuer_per_share": null,
            "book_valuer_per_share_4q_avg": 0,
            "equity": null,
            "current_ratio": null,
            "debt_ratio": null,
            "inventory_turnover_ratio": null,
            "account_receivable_turnover_ratio": null,
            "reinvestment_rate": null,
            "research_to_sale_ratio": null,
            "price_fair": 0,
            "eps_avg_yearly": 0,
            "eps_latest_yearly": 0,
            "eps_growth_yearly": 0
        },
        "20051": {
            "year_quarter": 20051,
            "year": 2005,
            "quarter": 1,
            "eps": null,
            "eps_growth_year": null,
            "eps_4q": null,
            "eps_4q_growth_year": null,
            "roe": null,
            "roe_4q": 0,
            "gross_profit": null,
            "gross_margin": null,
            "gross_margin_4q_avg": 0,
            "net_income": null,
            "net_income_4q": null,
            "revenue": null,
            "revenue_4q": null,
            "common_shares": null,
            "book_valuer_per_share": null,
            "book_valuer_per_share_4q_avg": 0,
            "equity": null,
            "current_ratio": null,
            "debt_ratio": null,
            "inventory_turnover_ratio": null,
            "account_receivable_turnover_ratio": null,
            "reinvestment_rate": null,
            "research_to_sale_ratio": null,
            "price_fair": 0,
            "eps_avg_yearly": 0,
            "eps_latest_yearly": 0,
            "eps_growth_yearly": 0
        },
        "20052": {
            "year_quarter": 20052,
            "year": 2005,
            "quarter": 2,
            "eps": null,
            "eps_growth_year": null,
            "eps_4q": null,
            "eps_4q_growth_year": null,
            "roe": null,
            "roe_4q": 0,
            "gross_profit": null,
            "gross_margin": null,
            "gross_margin_4q_avg": 0,
            "net_income": null,
            "net_income_4q": null,
            "revenue": null,
            "revenue_4q": null,
            "common_shares": null,
            "book_valuer_per_share": null,
            "book_valuer_per_share_4q_avg": 0,
            "equity": null,
            "current_ratio": null,
            "debt_ratio": null,
            "inventory_turnover_ratio": null,
            "account_receivable_turnover_ratio": null,
            "reinvestment_rate": null,
            "research_to_sale_ratio": null,
            "price_fair": 0,
            "eps_avg_yearly": 0,
            "eps_latest_yearly": 0,
            "eps_growth_yearly": 0
        },
        "20053": {
            "year_quarter": 20053,
            "year": 2005,
            "quarter": 3,
            "eps": null,
            "eps_growth_year": null,
            "eps_4q": null,
            "eps_4q_growth_year": null,
            "roe": null,
            "roe_4q": 0,
            "gross_profit": null,
            "gross_margin": null,
            "gross_margin_4q_avg": 0,
            "net_income": null,
            "net_income_4q": null,
            "revenue": null,
            "revenue_4q": null,
            "common_shares": null,
            "book_valuer_per_share": null,
            "book_valuer_per_share_4q_avg": 0,
            "equity": null,
            "current_ratio": null,
            "debt_ratio": null,
            "inventory_turnover_ratio": null,
            "account_receivable_turnover_ratio": null,
            "reinvestment_rate": null,
            "research_to_sale_ratio": null,
            "price_fair": 0,
            "eps_avg_yearly": 0,
            "eps_latest_yearly": 0,
            "eps_growth_yearly": 0
        },
        "20054": {
            "year_quarter": 20054,
            "year": 2005,
            "quarter": 4,
            "eps": null,
            "eps_growth_year": null,
            "eps_4q": null,
            "eps_4q_growth_year": null,
            "roe": null,
            "roe_4q": 0,
            "gross_profit": null,
            "gross_margin": null,
            "gross_margin_4q_avg": 0,
            "net_income": null,
            "net_income_4q": null,
            "revenue": null,
            "revenue_4q": null,
            "common_shares": null,
            "book_valuer_per_share": null,
            "book_valuer_per_share_4q_avg": 0,
            "equity": null,
            "current_ratio": null,
            "debt_ratio": null,
            "inventory_turnover_ratio": null,
            "account_receivable_turnover_ratio": null,
            "reinvestment_rate": null,
            "research_to_sale_ratio": null,
            "price_fair": 0,
            "eps_avg_yearly": 0,
            "eps_latest_yearly": 0,
            "eps_growth_yearly": 0
        },
        "20061": {
            "year_quarter": 20061,
            "year": 2006,
            "quarter": 1,
            "eps": null,
            "eps_growth_year": null,
            "eps_4q": null,
            "eps_4q_growth_year": null,
            "roe": null,
            "roe_4q": 0,
            "gross_profit": null,
            "gross_margin": null,
            "gross_margin_4q_avg": 0,
            "net_income": null,
            "net_income_4q": null,
            "revenue": null,
            "revenue_4q": null,
            "common_shares": null,
            "book_valuer_per_share": null,
            "book_valuer_per_share_4q_avg": 0,
            "equity": null,
            "current_ratio": null,
            "debt_ratio": null,
            "inventory_turnover_ratio": null,
            "account_receivable_turnover_ratio": null,
            "reinvestment_rate": null,
            "research_to_sale_ratio": null,
            "price_fair": 0,
            "eps_avg_yearly": 0,
            "eps_latest_yearly": 0,
            "eps_growth_yearly": 0
        },
        "20062": {
            "year_quarter": 20062,
            "year": 2006,
            "quarter": 2,
            "eps": null,
            "eps_growth_year": null,
            "eps_4q": null,
            "eps_4q_growth_year": null,
            "roe": null,
            "roe_4q": 0,
            "gross_profit": null,
            "gross_margin": null,
            "gross_margin_4q_avg": 0,
            "net_income": null,
            "net_income_4q": null,
            "revenue": null,
            "revenue_4q": null,
            "common_shares": null,
            "book_valuer_per_share": null,
            "book_valuer_per_share_4q_avg": 0,
            "equity": null,
            "current_ratio": null,
            "debt_ratio": null,
            "inventory_turnover_ratio": null,
            "account_receivable_turnover_ratio": null,
            "reinvestment_rate": null,
            "research_to_sale_ratio": null,
            "price_fair": 0,
            "eps_avg_yearly": 0,
            "eps_latest_yearly": 0,
            "eps_growth_yearly": 0
        },
        "20063": {
            "year_quarter": 20063,
            "year": 2006,
            "quarter": 3,
            "eps": null,
            "eps_growth_year": null,
            "eps_4q": null,
            "eps_4q_growth_year": null,
            "roe": null,
            "roe_4q": 0,
            "gross_profit": null,
            "gross_margin": null,
            "gross_margin_4q_avg": 0,
            "net_income": null,
            "net_income_4q": null,
            "revenue": null,
            "revenue_4q": null,
            "common_shares": null,
            "book_valuer_per_share": null,
            "book_valuer_per_share_4q_avg": 0,
            "equity": null,
            "current_ratio": null,
            "debt_ratio": null,
            "inventory_turnover_ratio": null,
            "account_receivable_turnover_ratio": null,
            "reinvestment_rate": null,
            "research_to_sale_ratio": null,
            "price_fair": 0,
            "eps_avg_yearly": 0,
            "eps_latest_yearly": 0,
            "eps_growth_yearly": 0
        },
        "20064": {
            "year_quarter": 20064,
            "year": 2006,
            "quarter": 4,
            "eps": null,
            "eps_growth_year": null,
            "eps_4q": null,
            "eps_4q_growth_year": null,
            "roe": null,
            "roe_4q": 0,
            "gross_profit": null,
            "gross_margin": null,
            "gross_margin_4q_avg": 0,
            "net_income": null,
            "net_income_4q": null,
            "revenue": null,
            "revenue_4q": null,
            "common_shares": null,
            "book_valuer_per_share": null,
            "book_valuer_per_share_4q_avg": 0,
            "equity": null,
            "current_ratio": null,
            "debt_ratio": null,
            "inventory_turnover_ratio": null,
            "account_receivable_turnover_ratio": null,
            "reinvestment_rate": null,
            "research_to_sale_ratio": null,
            "price_fair": 0,
            "eps_avg_yearly": 0,
            "eps_latest_yearly": 0,
            "eps_growth_yearly": 0
        },
        "20071": {
            "year_quarter": 20071,
            "year": 2007,
            "quarter": 1,
            "eps": null,
            "eps_growth_year": null,
            "eps_4q": null,
            "eps_4q_growth_year": null,
            "roe": null,
            "roe_4q": 0,
            "gross_profit": null,
            "gross_margin": null,
            "gross_margin_4q_avg": 0,
            "net_income": null,
            "net_income_4q": null,
            "revenue": null,
            "revenue_4q": null,
            "common_shares": null,
            "book_valuer_per_share": null,
            "book_valuer_per_share_4q_avg": 0,
            "equity": null,
            "current_ratio": null,
            "debt_ratio": null,
            "inventory_turnover_ratio": null,
            "account_receivable_turnover_ratio": null,
            "reinvestment_rate": null,
            "research_to_sale_ratio": null,
            "price_fair": 0,
            "eps_avg_yearly": 0,
            "eps_latest_yearly": 0,
            "eps_growth_yearly": 0
        },
        "20072": {
            "year_quarter": 20072,
            "year": 2007,
            "quarter": 2,
            "eps": null,
            "eps_growth_year": null,
            "eps_4q": null,
            "eps_4q_growth_year": null,
            "roe": null,
            "roe_4q": 0,
            "gross_profit": null,
            "gross_margin": null,
            "gross_margin_4q_avg": 0,
            "net_income": null,
            "net_income_4q": null,
            "revenue": null,
            "revenue_4q": null,
            "common_shares": null,
            "book_valuer_per_share": null,
            "book_valuer_per_share_4q_avg": 0,
            "equity": null,
            "current_ratio": null,
            "debt_ratio": null,
            "inventory_turnover_ratio": null,
            "account_receivable_turnover_ratio": null,
            "reinvestment_rate": null,
            "research_to_sale_ratio": null,
            "price_fair": 0,
            "eps_avg_yearly": 0,
            "eps_latest_yearly": 0,
            "eps_growth_yearly": 0
        },
        "20073": {
            "year_quarter": 20073,
            "year": 2007,
            "quarter": 3,
            "eps": null,
            "eps_growth_year": null,
            "eps_4q": null,
            "eps_4q_growth_year": null,
            "roe": null,
            "roe_4q": 0,
            "gross_profit": null,
            "gross_margin": null,
            "gross_margin_4q_avg": 0,
            "net_income": null,
            "net_income_4q": null,
            "revenue": null,
            "revenue_4q": null,
            "common_shares": null,
            "book_valuer_per_share": null,
            "book_valuer_per_share_4q_avg": 0,
            "equity": null,
            "current_ratio": null,
            "debt_ratio": null,
            "inventory_turnover_ratio": null,
            "account_receivable_turnover_ratio": null,
            "reinvestment_rate": null,
            "research_to_sale_ratio": null,
            "price_fair": 0,
            "eps_avg_yearly": 0,
            "eps_latest_yearly": 0,
            "eps_growth_yearly": 0
        },
        "20074": {
            "year_quarter": 20074,
            "year": 2007,
            "quarter": 4,
            "eps": null,
            "eps_growth_year": null,
            "eps_4q": null,
            "eps_4q_growth_year": null,
            "roe": null,
            "roe_4q": 0,
            "gross_profit": null,
            "gross_margin": null,
            "gross_margin_4q_avg": 0,
            "net_income": null,
            "net_income_4q": null,
            "revenue": null,
            "revenue_4q": null,
            "common_shares": null,
            "book_valuer_per_share": null,
            "book_valuer_per_share_4q_avg": 0,
            "equity": null,
            "current_ratio": null,
            "debt_ratio": null,
            "inventory_turnover_ratio": null,
            "account_receivable_turnover_ratio": null,
            "reinvestment_rate": null,
            "research_to_sale_ratio": null,
            "price_fair": 0,
            "eps_avg_yearly": 0,
            "eps_latest_yearly": 0,
            "eps_growth_yearly": 0
        },
        "20081": {
            "year_quarter": 20081,
            "year": 2008,
            "quarter": 1,
            "eps": null,
            "eps_growth_year": null,
            "eps_4q": null,
            "eps_4q_growth_year": null,
            "roe": null,
            "roe_4q": 0,
            "gross_profit": null,
            "gross_margin": null,
            "gross_margin_4q_avg": 0,
            "net_income": null,
            "net_income_4q": null,
            "revenue": null,
            "revenue_4q": null,
            "common_shares": null,
            "book_valuer_per_share": null,
            "book_valuer_per_share_4q_avg": 0,
            "equity": null,
            "current_ratio": null,
            "debt_ratio": null,
            "inventory_turnover_ratio": null,
            "account_receivable_turnover_ratio": null,
            "reinvestment_rate": null,
            "research_to_sale_ratio": null,
            "price_fair": 0,
            "eps_avg_yearly": 0,
            "eps_latest_yearly": 0,
            "eps_growth_yearly": 0
        },
        "20082": {
            "year_quarter": 20082,
            "year": 2008,
            "quarter": 2,
            "eps": null,
            "eps_growth_year": null,
            "eps_4q": null,
            "eps_4q_growth_year": null,
            "roe": null,
            "roe_4q": 0,
            "gross_profit": null,
            "gross_margin": null,
            "gross_margin_4q_avg": 0,
            "net_income": null,
            "net_income_4q": null,
            "revenue": null,
            "revenue_4q": null,
            "common_shares": null,
            "book_valuer_per_share": null,
            "book_valuer_per_share_4q_avg": 0,
            "equity": null,
            "current_ratio": null,
            "debt_ratio": null,
            "inventory_turnover_ratio": null,
            "account_receivable_turnover_ratio": null,
            "reinvestment_rate": null,
            "research_to_sale_ratio": null,
            "price_fair": 0,
            "eps_avg_yearly": 0,
            "eps_latest_yearly": 0,
            "eps_growth_yearly": 0
        },
        "20083": {
            "year_quarter": 20083,
            "year": 2008,
            "quarter": 3,
            "eps": null,
            "eps_growth_year": null,
            "eps_4q": null,
            "eps_4q_growth_year": null,
            "roe": null,
            "roe_4q": 0,
            "gross_profit": null,
            "gross_margin": null,
            "gross_margin_4q_avg": 0,
            "net_income": null,
            "net_income_4q": null,
            "revenue": null,
            "revenue_4q": null,
            "common_shares": null,
            "book_valuer_per_share": null,
            "book_valuer_per_share_4q_avg": 0,
            "equity": null,
            "current_ratio": null,
            "debt_ratio": null,
            "inventory_turnover_ratio": null,
            "account_receivable_turnover_ratio": null,
            "reinvestment_rate": null,
            "research_to_sale_ratio": null,
            "price_fair": 0,
            "eps_avg_yearly": 0,
            "eps_latest_yearly": 0,
            "eps_growth_yearly": 0
        },
        "20084": {
            "year_quarter": 20084,
            "year": 2008,
            "quarter": 4,
            "eps": null,
            "eps_growth_year": null,
            "eps_4q": null,
            "eps_4q_growth_year": null,
            "roe": null,
            "roe_4q": 0,
            "gross_profit": null,
            "gross_margin": null,
            "gross_margin_4q_avg": 0,
            "net_income": null,
            "net_income_4q": null,
            "revenue": null,
            "revenue_4q": null,
            "common_shares": null,
            "book_valuer_per_share": null,
            "book_valuer_per_share_4q_avg": 0,
            "equity": null,
            "current_ratio": null,
            "debt_ratio": null,
            "inventory_turnover_ratio": null,
            "account_receivable_turnover_ratio": null,
            "reinvestment_rate": null,
            "research_to_sale_ratio": null,
            "price_fair": 0,
            "eps_avg_yearly": 0,
            "eps_latest_yearly": 0,
            "eps_growth_yearly": 0
        },
        "20091": {
            "year_quarter": 20091,
            "year": 2009,
            "quarter": 1,
            "eps": null,
            "eps_growth_year": null,
            "eps_4q": null,
            "eps_4q_growth_year": null,
            "roe": null,
            "roe_4q": 0,
            "gross_profit": null,
            "gross_margin": null,
            "gross_margin_4q_avg": 0,
            "net_income": null,
            "net_income_4q": null,
            "revenue": null,
            "revenue_4q": null,
            "common_shares": null,
            "book_valuer_per_share": null,
            "book_valuer_per_share_4q_avg": 0,
            "equity": null,
            "current_ratio": null,
            "debt_ratio": null,
            "inventory_turnover_ratio": null,
            "account_receivable_turnover_ratio": null,
            "reinvestment_rate": null,
            "research_to_sale_ratio": null,
            "price_fair": 0,
            "eps_avg_yearly": 0,
            "eps_latest_yearly": 0,
            "eps_growth_yearly": 0
        },
        "20092": {
            "year_quarter": 20092,
            "year": 2009,
            "quarter": 2,
            "eps": null,
            "eps_growth_year": null,
            "eps_4q": null,
            "eps_4q_growth_year": null,
            "roe": null,
            "roe_4q": 0,
            "gross_profit": null,
            "gross_margin": null,
            "gross_margin_4q_avg": 0,
            "net_income": null,
            "net_income_4q": null,
            "revenue": null,
            "revenue_4q": null,
            "common_shares": null,
            "book_valuer_per_share": null,
            "book_valuer_per_share_4q_avg": 0,
            "equity": null,
            "current_ratio": null,
            "debt_ratio": null,
            "inventory_turnover_ratio": null,
            "account_receivable_turnover_ratio": null,
            "reinvestment_rate": null,
            "research_to_sale_ratio": null,
            "price_fair": 0,
            "eps_avg_yearly": 0,
            "eps_latest_yearly": 0,
            "eps_growth_yearly": 0
        },
        "20093": {
            "year_quarter": 20093,
            "year": 2009,
            "quarter": 3,
            "eps": null,
            "eps_growth_year": null,
            "eps_4q": null,
            "eps_4q_growth_year": null,
            "roe": null,
            "roe_4q": 0,
            "gross_profit": null,
            "gross_margin": null,
            "gross_margin_4q_avg": 0,
            "net_income": null,
            "net_income_4q": null,
            "revenue": null,
            "revenue_4q": null,
            "common_shares": null,
            "book_valuer_per_share": null,
            "book_valuer_per_share_4q_avg": 0,
            "equity": null,
            "current_ratio": null,
            "debt_ratio": null,
            "inventory_turnover_ratio": null,
            "account_receivable_turnover_ratio": null,
            "reinvestment_rate": null,
            "research_to_sale_ratio": null,
            "price_fair": 0,
            "eps_avg_yearly": 0,
            "eps_latest_yearly": 0,
            "eps_growth_yearly": 0
        },
        "20094": {
            "year_quarter": 20094,
            "year": 2009,
            "quarter": 4,
            "eps": null,
            "eps_growth_year": null,
            "eps_4q": null,
            "eps_4q_growth_year": null,
            "roe": null,
            "roe_4q": 0,
            "gross_profit": null,
            "gross_margin": null,
            "gross_margin_4q_avg": 0,
            "net_income": null,
            "net_income_4q": null,
            "revenue": null,
            "revenue_4q": null,
            "common_shares": null,
            "book_valuer_per_share": null,
            "book_valuer_per_share_4q_avg": 0,
            "equity": null,
            "current_ratio": null,
            "debt_ratio": null,
            "inventory_turnover_ratio": null,
            "account_receivable_turnover_ratio": null,
            "reinvestment_rate": null,
            "research_to_sale_ratio": null,
            "price_fair": 0,
            "eps_avg_yearly": 0,
            "eps_latest_yearly": 0,
            "eps_growth_yearly": 0
        },
        "20101": {
            "year_quarter": 20101,
            "year": 2010,
            "quarter": 1,
            "eps": null,
            "eps_growth_year": null,
            "eps_4q": null,
            "eps_4q_growth_year": null,
            "roe": null,
            "roe_4q": 0,
            "gross_profit": null,
            "gross_margin": null,
            "gross_margin_4q_avg": 0,
            "net_income": null,
            "net_income_4q": null,
            "revenue": null,
            "revenue_4q": null,
            "common_shares": null,
            "book_valuer_per_share": null,
            "book_valuer_per_share_4q_avg": 0,
            "equity": null,
            "current_ratio": null,
            "debt_ratio": null,
            "inventory_turnover_ratio": null,
            "account_receivable_turnover_ratio": null,
            "reinvestment_rate": null,
            "research_to_sale_ratio": null,
            "price_fair": 0,
            "eps_avg_yearly": 0,
            "eps_latest_yearly": 0,
            "eps_growth_yearly": 0
        },
        "20102": {
            "year_quarter": 20102,
            "year": 2010,
            "quarter": 2,
            "eps": null,
            "eps_growth_year": null,
            "eps_4q": null,
            "eps_4q_growth_year": null,
            "roe": null,
            "roe_4q": 0,
            "gross_profit": null,
            "gross_margin": null,
            "gross_margin_4q_avg": 0,
            "net_income": null,
            "net_income_4q": null,
            "revenue": null,
            "revenue_4q": null,
            "common_shares": null,
            "book_valuer_per_share": null,
            "book_valuer_per_share_4q_avg": 0,
            "equity": null,
            "current_ratio": null,
            "debt_ratio": null,
            "inventory_turnover_ratio": null,
            "account_receivable_turnover_ratio": null,
            "reinvestment_rate": null,
            "research_to_sale_ratio": null,
            "price_fair": 0,
            "eps_avg_yearly": 0,
            "eps_latest_yearly": 0,
            "eps_growth_yearly": 0
        },
        "20103": {
            "year_quarter": 20103,
            "year": 2010,
            "quarter": 3,
            "eps": null,
            "eps_growth_year": null,
            "eps_4q": null,
            "eps_4q_growth_year": null,
            "roe": null,
            "roe_4q": 0,
            "gross_profit": null,
            "gross_margin": null,
            "gross_margin_4q_avg": 0,
            "net_income": null,
            "net_income_4q": null,
            "revenue": null,
            "revenue_4q": null,
            "common_shares": null,
            "book_valuer_per_share": null,
            "book_valuer_per_share_4q_avg": 0,
            "equity": null,
            "current_ratio": null,
            "debt_ratio": null,
            "inventory_turnover_ratio": null,
            "account_receivable_turnover_ratio": null,
            "reinvestment_rate": null,
            "research_to_sale_ratio": null,
            "price_fair": 0,
            "eps_avg_yearly": 0,
            "eps_latest_yearly": 0,
            "eps_growth_yearly": 0
        },
        "20104": {
            "year_quarter": 20104,
            "year": 2010,
            "quarter": 4,
            "eps": null,
            "eps_growth_year": null,
            "eps_4q": null,
            "eps_4q_growth_year": null,
            "roe": null,
            "roe_4q": 0,
            "gross_profit": null,
            "gross_margin": null,
            "gross_margin_4q_avg": 0,
            "net_income": null,
            "net_income_4q": null,
            "revenue": null,
            "revenue_4q": null,
            "common_shares": null,
            "book_valuer_per_share": null,
            "book_valuer_per_share_4q_avg": 0,
            "equity": null,
            "current_ratio": null,
            "debt_ratio": null,
            "inventory_turnover_ratio": null,
            "account_receivable_turnover_ratio": null,
            "reinvestment_rate": null,
            "research_to_sale_ratio": null,
            "price_fair": 0,
            "eps_avg_yearly": 0,
            "eps_latest_yearly": 0,
            "eps_growth_yearly": 0
        },
        "20111": {
            "year_quarter": 20111,
            "year": 2011,
            "quarter": 1,
            "eps": null,
            "eps_growth_year": null,
            "eps_4q": null,
            "eps_4q_growth_year": null,
            "roe": null,
            "roe_4q": 0,
            "gross_profit": null,
            "gross_margin": null,
            "gross_margin_4q_avg": 0,
            "net_income": null,
            "net_income_4q": null,
            "revenue": null,
            "revenue_4q": null,
            "common_shares": null,
            "book_valuer_per_share": null,
            "book_valuer_per_share_4q_avg": 0,
            "equity": null,
            "current_ratio": null,
            "debt_ratio": null,
            "inventory_turnover_ratio": null,
            "account_receivable_turnover_ratio": null,
            "reinvestment_rate": null,
            "research_to_sale_ratio": null,
            "price_fair": 0,
            "eps_avg_yearly": 0,
            "eps_latest_yearly": 0,
            "eps_growth_yearly": 0
        },
        "20112": {
            "year_quarter": 20112,
            "year": 2011,
            "quarter": 2,
            "eps": null,
            "eps_growth_year": null,
            "eps_4q": null,
            "eps_4q_growth_year": null,
            "roe": null,
            "roe_4q": 0,
            "gross_profit": null,
            "gross_margin": null,
            "gross_margin_4q_avg": 0,
            "net_income": null,
            "net_income_4q": null,
            "revenue": null,
            "revenue_4q": null,
            "common_shares": null,
            "book_valuer_per_share": null,
            "book_valuer_per_share_4q_avg": 0,
            "equity": null,
            "current_ratio": null,
            "debt_ratio": null,
            "inventory_turnover_ratio": null,
            "account_receivable_turnover_ratio": null,
            "reinvestment_rate": null,
            "research_to_sale_ratio": null,
            "price_fair": 0,
            "eps_avg_yearly": 0,
            "eps_latest_yearly": 0,
            "eps_growth_yearly": 0
        },
        "20113": {
            "year_quarter": 20113,
            "year": 2011,
            "quarter": 3,
            "eps": null,
            "eps_growth_year": null,
            "eps_4q": null,
            "eps_4q_growth_year": null,
            "roe": null,
            "roe_4q": 0,
            "gross_profit": null,
            "gross_margin": null,
            "gross_margin_4q_avg": 0,
            "net_income": null,
            "net_income_4q": null,
            "revenue": null,
            "revenue_4q": null,
            "common_shares": null,
            "book_valuer_per_share": null,
            "book_valuer_per_share_4q_avg": 0,
            "equity": null,
            "current_ratio": null,
            "debt_ratio": null,
            "inventory_turnover_ratio": null,
            "account_receivable_turnover_ratio": null,
            "reinvestment_rate": null,
            "research_to_sale_ratio": null,
            "price_fair": 0,
            "eps_avg_yearly": 0,
            "eps_latest_yearly": 0,
            "eps_growth_yearly": 0
        },
        "20114": {
            "year_quarter": 20114,
            "year": 2011,
            "quarter": 4,
            "eps": null,
            "eps_growth_year": null,
            "eps_4q": null,
            "eps_4q_growth_year": null,
            "roe": null,
            "roe_4q": 0,
            "gross_profit": null,
            "gross_margin": null,
            "gross_margin_4q_avg": 0,
            "net_income": null,
            "net_income_4q": null,
            "revenue": null,
            "revenue_4q": null,
            "common_shares": null,
            "book_valuer_per_share": null,
            "book_valuer_per_share_4q_avg": 0,
            "equity": null,
            "current_ratio": null,
            "debt_ratio": null,
            "inventory_turnover_ratio": null,
            "account_receivable_turnover_ratio": null,
            "reinvestment_rate": null,
            "research_to_sale_ratio": null,
            "price_fair": 0,
            "eps_avg_yearly": 0,
            "eps_latest_yearly": 0,
            "eps_growth_yearly": 0
        },
        "20121": {
            "year_quarter": 20121,
            "year": 2012,
            "quarter": 1,
            "eps": null,
            "eps_growth_year": null,
            "eps_4q": null,
            "eps_4q_growth_year": null,
            "roe": null,
            "roe_4q": 0,
            "gross_profit": null,
            "gross_margin": null,
            "gross_margin_4q_avg": 0,
            "net_income": null,
            "net_income_4q": null,
            "revenue": null,
            "revenue_4q": null,
            "common_shares": null,
            "book_valuer_per_share": null,
            "book_valuer_per_share_4q_avg": 0,
            "equity": null,
            "current_ratio": null,
            "debt_ratio": null,
            "inventory_turnover_ratio": null,
            "account_receivable_turnover_ratio": null,
            "reinvestment_rate": null,
            "research_to_sale_ratio": null,
            "price_fair": 0,
            "eps_avg_yearly": 0,
            "eps_latest_yearly": 0,
            "eps_growth_yearly": 0
        },
        "20122": {
            "year_quarter": 20122,
            "year": 2012,
            "quarter": 2,
            "eps": null,
            "eps_growth_year": null,
            "eps_4q": null,
            "eps_4q_growth_year": null,
            "roe": null,
            "roe_4q": 0,
            "gross_profit": null,
            "gross_margin": null,
            "gross_margin_4q_avg": 0,
            "net_income": null,
            "net_income_4q": null,
            "revenue": null,
            "revenue_4q": null,
            "common_shares": null,
            "book_valuer_per_share": null,
            "book_valuer_per_share_4q_avg": 0,
            "equity": null,
            "current_ratio": null,
            "debt_ratio": null,
            "inventory_turnover_ratio": null,
            "account_receivable_turnover_ratio": null,
            "reinvestment_rate": null,
            "research_to_sale_ratio": null,
            "price_fair": 0,
            "eps_avg_yearly": 0,
            "eps_latest_yearly": 0,
            "eps_growth_yearly": 0
        },
        "20123": {
            "year_quarter": 20123,
            "year": 2012,
            "quarter": 3,
            "eps": null,
            "eps_growth_year": null,
            "eps_4q": null,
            "eps_4q_growth_year": null,
            "roe": null,
            "roe_4q": 0,
            "gross_profit": null,
            "gross_margin": null,
            "gross_margin_4q_avg": 0,
            "net_income": null,
            "net_income_4q": null,
            "revenue": null,
            "revenue_4q": null,
            "common_shares": null,
            "book_valuer_per_share": null,
            "book_valuer_per_share_4q_avg": 0,
            "equity": null,
            "current_ratio": null,
            "debt_ratio": null,
            "inventory_turnover_ratio": null,
            "account_receivable_turnover_ratio": null,
            "reinvestment_rate": null,
            "research_to_sale_ratio": null,
            "price_fair": 0,
            "eps_avg_yearly": 0,
            "eps_latest_yearly": 0,
            "eps_growth_yearly": 0
        },
        "20124": {
            "year_quarter": 20124,
            "year": 2012,
            "quarter": 4,
            "eps": null,
            "eps_growth_year": null,
            "eps_4q": null,
            "eps_4q_growth_year": null,
            "roe": null,
            "roe_4q": 0,
            "gross_profit": null,
            "gross_margin": null,
            "gross_margin_4q_avg": 0,
            "net_income": null,
            "net_income_4q": null,
            "revenue": null,
            "revenue_4q": null,
            "common_shares": 15000,
            "book_valuer_per_share": null,
            "book_valuer_per_share_4q_avg": 0,
            "equity": 25777,
            "current_ratio": null,
            "debt_ratio": null,
            "inventory_turnover_ratio": null,
            "account_receivable_turnover_ratio": null,
            "reinvestment_rate": null,
            "research_to_sale_ratio": null,
            "price_fair": 0,
            "eps_avg_yearly": 0,
            "eps_latest_yearly": 0,
            "eps_growth_yearly": 0
        },
        "20131": {
            "year_quarter": 20131,
            "year": 2013,
            "quarter": 1,
            "eps": null,
            "eps_growth_year": null,
            "eps_4q": null,
            "eps_4q_growth_year": null,
            "roe": null,
            "roe_4q": 0,
            "gross_profit": null,
            "gross_margin": null,
            "gross_margin_4q_avg": 0,
            "net_income": null,
            "net_income_4q": null,
            "revenue": null,
            "revenue_4q": null,
            "common_shares": null,
            "book_valuer_per_share": null,
            "book_valuer_per_share_4q_avg": 0,
            "equity": null,
            "current_ratio": null,
            "debt_ratio": null,
            "inventory_turnover_ratio": null,
            "account_receivable_turnover_ratio": null,
            "reinvestment_rate": null,
            "research_to_sale_ratio": null,
            "price_fair": 0,
            "eps_avg_yearly": 0,
            "eps_latest_yearly": 0,
            "eps_growth_yearly": 0
        },
        "20132": {
            "year_quarter": 20132,
            "year": 2013,
            "quarter": 2,
            "eps": null,
            "eps_growth_year": null,
            "eps_4q": null,
            "eps_4q_growth_year": null,
            "roe": null,
            "roe_4q": 0,
            "gross_profit": null,
            "gross_margin": null,
            "gross_margin_4q_avg": 0,
            "net_income": null,
            "net_income_4q": null,
            "revenue": null,
            "revenue_4q": null,
            "common_shares": 60000,
            "book_valuer_per_share": null,
            "book_valuer_per_share_4q_avg": 0,
            "equity": 53609,
            "current_ratio": null,
            "debt_ratio": null,
            "inventory_turnover_ratio": null,
            "account_receivable_turnover_ratio": null,
            "reinvestment_rate": null,
            "research_to_sale_ratio": null,
            "price_fair": 0,
            "eps_avg_yearly": 0,
            "eps_latest_yearly": 0,
            "eps_growth_yearly": 0
        },
        "20133": {
            "year_quarter": 20133,
            "year": 2013,
            "quarter": 3,
            "eps": null,
            "eps_growth_year": null,
            "eps_4q": null,
            "eps_4q_growth_year": null,
            "roe": null,
            "roe_4q": 0,
            "gross_profit": null,
            "gross_margin": null,
            "gross_margin_4q_avg": 0,
            "net_income": null,
            "net_income_4q": null,
            "revenue": null,
            "revenue_4q": null,
            "common_shares": null,
            "book_valuer_per_share": null,
            "book_valuer_per_share_4q_avg": 0,
            "equity": null,
            "current_ratio": null,
            "debt_ratio": null,
            "inventory_turnover_ratio": null,
            "account_receivable_turnover_ratio": null,
            "reinvestment_rate": null,
            "research_to_sale_ratio": null,
            "price_fair": 0,
            "eps_avg_yearly": 0,
            "eps_latest_yearly": 0,
            "eps_growth_yearly": 0
        },
        "20134": {
            "year_quarter": 20134,
            "year": 2013,
            "quarter": 4,
            "eps": null,
            "eps_growth_year": null,
            "eps_4q": null,
            "eps_4q_growth_year": null,
            "roe": null,
            "roe_4q": 0,
            "gross_profit": null,
            "gross_margin": null,
            "gross_margin_4q_avg": 0,
            "net_income": null,
            "net_income_4q": null,
            "revenue": null,
            "revenue_4q": null,
            "common_shares": 254978,
            "book_valuer_per_share": 15.29,
            "book_valuer_per_share_4q_avg": 3.82,
            "equity": 401468,
            "current_ratio": 14920.5,
            "debt_ratio": 0.64,
            "inventory_turnover_ratio": null,
            "account_receivable_turnover_ratio": null,
            "reinvestment_rate": null,
            "research_to_sale_ratio": null,
            "price_fair": 0,
            "eps_avg_yearly": 0,
            "eps_latest_yearly": 0,
            "eps_growth_yearly": 0
        },
        "20141": {
            "year_quarter": 20141,
            "year": 2014,
            "quarter": 1,
            "eps": null,
            "eps_growth_year": null,
            "eps_4q": null,
            "eps_4q_growth_year": null,
            "roe": null,
            "roe_4q": 0,
            "gross_profit": null,
            "gross_margin": null,
            "gross_margin_4q_avg": 0,
            "net_income": null,
            "net_income_4q": null,
            "revenue": null,
            "revenue_4q": null,
            "common_shares": null,
            "book_valuer_per_share": null,
            "book_valuer_per_share_4q_avg": 3.82,
            "equity": null,
            "current_ratio": null,
            "debt_ratio": null,
            "inventory_turnover_ratio": null,
            "account_receivable_turnover_ratio": null,
            "reinvestment_rate": null,
            "research_to_sale_ratio": null,
            "price_fair": 0,
            "eps_avg_yearly": 0,
            "eps_latest_yearly": 0,
            "eps_growth_yearly": 0
        },
        "20142": {
            "year_quarter": 20142,
            "year": 2014,
            "quarter": 2,
            "eps": null,
            "eps_growth_year": null,
            "eps_4q": null,
            "eps_4q_growth_year": null,
            "roe": null,
            "roe_4q": 0,
            "gross_profit": null,
            "gross_margin": null,
            "gross_margin_4q_avg": 0,
            "net_income": null,
            "net_income_4q": null,
            "revenue": null,
            "revenue_4q": null,
            "common_shares": 389828,
            "book_valuer_per_share": 9.34,
            "book_valuer_per_share_4q_avg": 6.16,
            "equity": 370912,
            "current_ratio": 6604,
            "debt_ratio": 1.43,
            "inventory_turnover_ratio": null,
            "account_receivable_turnover_ratio": null,
            "reinvestment_rate": null,
            "research_to_sale_ratio": null,
            "price_fair": 0,
            "eps_avg_yearly": 0,
            "eps_latest_yearly": 0,
            "eps_growth_yearly": 0
        },
        "20143": {
            "year_quarter": 20143,
            "year": 2014,
            "quarter": 3,
            "eps": null,
            "eps_growth_year": null,
            "eps_4q": null,
            "eps_4q_growth_year": null,
            "roe": null,
            "roe_4q": 0,
            "gross_profit": null,
            "gross_margin": null,
            "gross_margin_4q_avg": 0,
            "net_income": null,
            "net_income_4q": null,
            "revenue": null,
            "revenue_4q": null,
            "common_shares": null,
            "book_valuer_per_share": null,
            "book_valuer_per_share_4q_avg": 6.16,
            "equity": null,
            "current_ratio": null,
            "debt_ratio": null,
            "inventory_turnover_ratio": null,
            "account_receivable_turnover_ratio": null,
            "reinvestment_rate": null,
            "research_to_sale_ratio": null,
            "price_fair": 0,
            "eps_avg_yearly": 0,
            "eps_latest_yearly": 0,
            "eps_growth_yearly": 0
        },
        "20144": {
            "year_quarter": 20144,
            "year": 2014,
            "quarter": 4,
            "eps": null,
            "eps_growth_year": null,
            "eps_4q": null,
            "eps_4q_growth_year": null,
            "roe": null,
            "roe_4q": 0,
            "gross_profit": null,
            "gross_margin": null,
            "gross_margin_4q_avg": 0,
            "net_income": null,
            "net_income_4q": null,
            "revenue": null,
            "revenue_4q": null,
            "common_shares": 389828,
            "book_valuer_per_share": 8.2,
            "book_valuer_per_share_4q_avg": 4.39,
            "equity": 332308,
            "current_ratio": 3223.57,
            "debt_ratio": 2.88,
            "inventory_turnover_ratio": null,
            "account_receivable_turnover_ratio": null,
            "reinvestment_rate": null,
            "research_to_sale_ratio": null,
            "price_fair": 0,
            "eps_avg_yearly": 0,
            "eps_latest_yearly": 0,
            "eps_growth_yearly": 0
        },
        "20151": {
            "year_quarter": 20151,
            "year": 2015,
            "quarter": 1,
            "eps": null,
            "eps_growth_year": null,
            "eps_4q": null,
            "eps_4q_growth_year": null,
            "roe": null,
            "roe_4q": 0,
            "gross_profit": 0,
            "gross_margin": null,
            "gross_margin_4q_avg": 0,
            "net_income": -30053,
            "net_income_4q": null,
            "revenue": 0,
            "revenue_4q": null,
            "common_shares": 389828,
            "book_valuer_per_share": 7.61,
            "book_valuer_per_share_4q_avg": 6.29,
            "equity": 303628,
            "current_ratio": 4386.88,
            "debt_ratio": 2.11,
            "inventory_turnover_ratio": null,
            "account_receivable_turnover_ratio": null,
            "reinvestment_rate": null,
            "research_to_sale_ratio": null,
            "price_fair": 0,
            "eps_avg_yearly": 0,
            "eps_latest_yearly": 0,
            "eps_growth_yearly": 0
        },
        "20152": {
            "year_quarter": 20152,
            "year": 2015,
            "quarter": 2,
            "eps": -0.77,
            "eps_growth_year": null,
            "eps_4q": null,
            "eps_4q_growth_year": null,
            "roe": -6.41,
            "roe_4q": -6.41,
            "gross_profit": 0,
            "gross_margin": null,
            "gross_margin_4q_avg": 0,
            "net_income": -40602,
            "net_income_4q": null,
            "revenue": 0,
            "revenue_4q": null,
            "common_shares": 439828,
            "book_valuer_per_share": 21.91,
            "book_valuer_per_share_4q_avg": 9.43,
            "equity": 963973,
            "current_ratio": 9311.08,
            "debt_ratio": 1.05,
            "inventory_turnover_ratio": null,
            "account_receivable_turnover_ratio": null,
            "reinvestment_rate": null,
            "research_to_sale_ratio": null,
            "price_fair": 0,
            "eps_avg_yearly": 0,
            "eps_latest_yearly": 0,
            "eps_growth_yearly": 0
        },
        "20153": {
            "year_quarter": 20153,
            "year": 2015,
            "quarter": 3,
            "eps": null,
            "eps_growth_year": null,
            "eps_4q": null,
            "eps_4q_growth_year": null,
            "roe": null,
            "roe_4q": -6.41,
            "gross_profit": 0,
            "gross_margin": null,
            "gross_margin_4q_avg": 0,
            "net_income": -44681,
            "net_income_4q": null,
            "revenue": 0,
            "revenue_4q": null,
            "common_shares": 439828,
            "book_valuer_per_share": 21.18,
            "book_valuer_per_share_4q_avg": 14.73,
            "equity": 921165,
            "current_ratio": 7060.82,
            "debt_ratio": 1.38,
            "inventory_turnover_ratio": null,
            "account_receivable_turnover_ratio": null,
            "reinvestment_rate": null,
            "research_to_sale_ratio": null,
            "price_fair": 0,
            "eps_avg_yearly": 0,
            "eps_latest_yearly": 0,
            "eps_growth_yearly": 0
        },
        "20154": {
            "year_quarter": 20154,
            "year": 2015,
            "quarter": 4,
            "eps": null,
            "eps_growth_year": null,
            "eps_4q": null,
            "eps_4q_growth_year": null,
            "roe": null,
            "roe_4q": -6.41,
            "gross_profit": 0,
            "gross_margin": null,
            "gross_margin_4q_avg": 0,
            "net_income": -60911,
            "net_income_4q": null,
            "revenue": 0,
            "revenue_4q": null,
            "common_shares": 440533,
            "book_valuer_per_share": 19.72,
            "book_valuer_per_share_4q_avg": 17.61,
            "equity": 874649,
            "current_ratio": 3770.15,
            "debt_ratio": 2.58,
            "inventory_turnover_ratio": null,
            "account_receivable_turnover_ratio": null,
            "reinvestment_rate": null,
            "research_to_sale_ratio": null,
            "price_fair": 0,
            "eps_avg_yearly": 0,
            "eps_latest_yearly": 0,
            "eps_growth_yearly": 0
        },
        "20161": {
            "year_quarter": 20161,
            "year": 2016,
            "quarter": 1,
            "eps": -1.11,
            "eps_growth_year": null,
            "eps_4q": -1.88,
            "eps_4q_growth_year": null,
            "roe": -5.78,
            "roe_4q": -12.190000000000001,
            "gross_profit": 0,
            "gross_margin": null,
            "gross_margin_4q_avg": 0,
            "net_income": -49208,
            "net_income_4q": null,
            "revenue": 0,
            "revenue_4q": null,
            "common_shares": 440883,
            "book_valuer_per_share": 18.64,
            "book_valuer_per_share_4q_avg": 20.36,
            "equity": 827665,
            "current_ratio": 4726.58,
            "debt_ratio": 2.06,
            "inventory_turnover_ratio": null,
            "account_receivable_turnover_ratio": null,
            "reinvestment_rate": null,
            "research_to_sale_ratio": null,
            "price_fair": 0,
            "eps_avg_yearly": 0,
            "eps_latest_yearly": 0,
            "eps_growth_yearly": 0
        },
        "20162": {
            "year_quarter": 20162,
            "year": 2016,
            "quarter": 2,
            "eps": -1.02,
            "eps_growth_year": null,
            "eps_4q": -2.14,
            "eps_4q_growth_year": null,
            "roe": -5.63,
            "roe_4q": -11.41,
            "gross_profit": 0,
            "gross_margin": null,
            "gross_margin_4q_avg": 0,
            "net_income": -45199,
            "net_income_4q": null,
            "revenue": 0,
            "revenue_4q": null,
            "common_shares": 441383,
            "book_valuer_per_share": 17.65,
            "book_valuer_per_share_4q_avg": 19.3,
            "equity": 779260,
            "current_ratio": 3313.87,
            "debt_ratio": 2.92,
            "inventory_turnover_ratio": null,
            "account_receivable_turnover_ratio": null,
            "reinvestment_rate": null,
            "research_to_sale_ratio": null,
            "price_fair": 0,
            "eps_avg_yearly": 0,
            "eps_latest_yearly": 0,
            "eps_growth_yearly": 0
        },
        "20163": {
            "year_quarter": 20163,
            "year": 2016,
            "quarter": 3,
            "eps": -1.11,
            "eps_growth_year": null,
            "eps_4q": -2.92,
            "eps_4q_growth_year": null,
            "roe": -4.46,
            "roe_4q": -15.870000000000001,
            "gross_profit": 0,
            "gross_margin": null,
            "gross_margin_4q_avg": 0,
            "net_income": -54386,
            "net_income_4q": null,
            "revenue": 0,
            "revenue_4q": null,
            "common_shares": 508143,
            "book_valuer_per_share": 32.53,
            "book_valuer_per_share_4q_avg": 22.14,
            "equity": 1657659,
            "current_ratio": 6928.52,
            "debt_ratio": 1.42,
            "inventory_turnover_ratio": null,
            "account_receivable_turnover_ratio": null,
            "reinvestment_rate": null,
            "research_to_sale_ratio": null,
            "price_fair": 0,
            "eps_avg_yearly": 0,
            "eps_latest_yearly": 0,
            "eps_growth_yearly": 0
        },
        "20164": {
            "year_quarter": 20164,
            "year": 2016,
            "quarter": 4,
            "eps": -1.37,
            "eps_growth_year": null,
            "eps_4q": -4.27,
            "eps_4q_growth_year": null,
            "roe": -4.21,
            "roe_4q": -20.080000000000002,
            "gross_profit": null,
            "gross_margin": null,
            "gross_margin_4q_avg": 0,
            "net_income": -70126,
            "net_income_4q": null,
            "revenue": null,
            "revenue_4q": null,
            "common_shares": 512028,
            "book_valuer_per_share": 31.09,
            "book_valuer_per_share_4q_avg": 24.98,
            "equity": 1676048,
            "current_ratio": 1275.24,
            "debt_ratio": 6.62,
            "inventory_turnover_ratio": null,
            "account_receivable_turnover_ratio": null,
            "reinvestment_rate": null,
            "research_to_sale_ratio": null,
            "price_fair": 0,
            "eps_avg_yearly": 0,
            "eps_latest_yearly": 0,
            "eps_growth_yearly": 0
        },
        "20171": {
            "year_quarter": 20171,
            "year": 2017,
            "quarter": 1,
            "eps": -1.08,
            "eps_growth_year": null,
            "eps_4q": -4.38,
            "eps_4q_growth_year": null,
            "roe": -3.53,
            "roe_4q": -17.83,
            "gross_profit": 13921,
            "gross_margin": 37.91,
            "gross_margin_4q_avg": 9.48,
            "net_income": -59106,
            "net_income_4q": null,
            "revenue": 36724,
            "revenue_4q": null,
            "common_shares": 513563,
            "book_valuer_per_share": 29.92,
            "book_valuer_per_share_4q_avg": 27.8,
            "equity": 1670257,
            "current_ratio": 1272.81,
            "debt_ratio": 6.41,
            "inventory_turnover_ratio": 1.69,
            "account_receivable_turnover_ratio": 1.94,
            "reinvestment_rate": null,
            "research_to_sale_ratio": 133.29,
            "price_fair": 0,
            "eps_avg_yearly": 0,
            "eps_latest_yearly": 0,
            "eps_growth_yearly": 0
        },
        "20172": {
            "year_quarter": 20172,
            "year": 2017,
            "quarter": 2,
            "eps": -1.17,
            "eps_growth_year": null,
            "eps_4q": -4.66,
            "eps_4q_growth_year": null,
            "roe": -4,
            "roe_4q": -16.2,
            "gross_profit": 17176,
            "gross_margin": 31.61,
            "gross_margin_4q_avg": 17.38,
            "net_income": -65554,
            "net_income_4q": null,
            "revenue": 54339,
            "revenue_4q": null,
            "common_shares": 514663,
            "book_valuer_per_share": 28.76,
            "book_valuer_per_share_4q_avg": 30.58,
            "equity": 1608271,
            "current_ratio": 1739.86,
            "debt_ratio": 4.64,
            "inventory_turnover_ratio": 2.77,
            "account_receivable_turnover_ratio": 2.26,
            "reinvestment_rate": null,
            "research_to_sale_ratio": 102.96,
            "price_fair": 0,
            "eps_avg_yearly": 0,
            "eps_latest_yearly": 0,
            "eps_growth_yearly": 0
        },
        "20173": {
            "year_quarter": 20173,
            "year": 2017,
            "quarter": 3,
            "eps": -1.07,
            "eps_growth_year": null,
            "eps_4q": -4.66,
            "eps_4q_growth_year": null,
            "roe": -3.98,
            "roe_4q": -15.719999999999999,
            "gross_profit": 2710,
            "gross_margin": 9.88,
            "gross_margin_4q_avg": 19.85,
            "net_income": -63582,
            "net_income_4q": null,
            "revenue": 27428,
            "revenue_4q": null,
            "common_shares": 516206,
            "book_valuer_per_share": 27.51,
            "book_valuer_per_share_4q_avg": 29.32,
            "equity": 1589076,
            "current_ratio": 2100.31,
            "debt_ratio": 3.72,
            "inventory_turnover_ratio": 2.68,
            "account_receivable_turnover_ratio": 1.29,
            "reinvestment_rate": null,
            "research_to_sale_ratio": 172.41,
            "price_fair": 0,
            "eps_avg_yearly": 0,
            "eps_latest_yearly": 0,
            "eps_growth_yearly": 0
        },
        "20174": {
            "year_quarter": 20174,
            "year": 2017,
            "quarter": 4,
            "eps": -1.49,
            "eps_growth_year": null,
            "eps_4q": -4.78,
            "eps_4q_growth_year": null,
            "roe": -5.4,
            "roe_4q": -16.91,
            "gross_profit": 11997,
            "gross_margin": 25.92,
            "gross_margin_4q_avg": 26.33,
            "net_income": -84298,
            "net_income_4q": null,
            "revenue": 46276,
            "revenue_4q": null,
            "common_shares": 518263,
            "book_valuer_per_share": 25.92,
            "book_valuer_per_share_4q_avg": 28.03,
            "equity": 1532827,
            "current_ratio": 1101.1,
            "debt_ratio": 6.43,
            "inventory_turnover_ratio": 4.46,
            "account_receivable_turnover_ratio": 1.86,
            "reinvestment_rate": null,
            "research_to_sale_ratio": 145.92,
            "price_fair": 0,
            "eps_avg_yearly": 0,
            "eps_latest_yearly": 0,
            "eps_growth_yearly": 0
        },
        "20181": {
            "year_quarter": 20181,
            "year": 2018,
            "quarter": 1,
            "eps": 7.19,
            "eps_growth_year": null,
            "eps_4q": 3.48,
            "eps_4q_growth_year": null,
            "roe": 21,
            "roe_4q": 7.619999999999999,
            "gross_profit": 447891,
            "gross_margin": 95.67,
            "gross_margin_4q_avg": 40.77,
            "net_income": 359424,
            "net_income_4q": null,
            "revenue": 468147,
            "revenue_4q": null,
            "common_shares": 519311,
            "book_valuer_per_share": 33.04,
            "book_valuer_per_share_4q_avg": 28.81,
            "equity": 1890925,
            "current_ratio": 1122.6,
            "debt_ratio": 9.49,
            "inventory_turnover_ratio": 2.11,
            "account_receivable_turnover_ratio": 18.48,
            "reinvestment_rate": null,
            "research_to_sale_ratio": 13.15,
            "price_fair": 0,
            "eps_avg_yearly": 0,
            "eps_latest_yearly": 0,
            "eps_growth_yearly": 0
        },
        "20182": {
            "year_quarter": 20182,
            "year": 2018,
            "quarter": 2,
            "eps": -0.49,
            "eps_growth_year": null,
            "eps_4q": 4.15,
            "eps_4q_growth_year": null,
            "roe": -1.99,
            "roe_4q": 9.63,
            "gross_profit": -1037,
            "gross_margin": -1.68,
            "gross_margin_4q_avg": 32.45,
            "net_income": -37346,
            "net_income_4q": null,
            "revenue": 61704,
            "revenue_4q": null,
            "common_shares": 519311,
            "book_valuer_per_share": 32.69,
            "book_valuer_per_share_4q_avg": 29.79,
            "equity": 1870214,
            "current_ratio": 1209.66,
            "debt_ratio": 8.77,
            "inventory_turnover_ratio": 4.06,
            "account_receivable_turnover_ratio": 3.9,
            "reinvestment_rate": null,
            "research_to_sale_ratio": 61.76,
            "price_fair": 0,
            "eps_avg_yearly": 0,
            "eps_latest_yearly": 0,
            "eps_growth_yearly": 0
        },
        "20183": {
            "year_quarter": 20183,
            "year": 2018,
            "quarter": 3,
            "eps": -0.93,
            "eps_growth_year": null,
            "eps_4q": 4.27,
            "eps_4q_growth_year": null,
            "roe": -3.11,
            "roe_4q": 10.5,
            "gross_profit": 8577,
            "gross_margin": 13.55,
            "gross_margin_4q_avg": 33.37,
            "net_income": -57297,
            "net_income_4q": null,
            "revenue": 63293,
            "revenue_4q": null,
            "common_shares": 520003,
            "book_valuer_per_share": 31.75,
            "book_valuer_per_share_4q_avg": 30.85,
            "equity": 1815414,
            "current_ratio": 1084.75,
            "debt_ratio": 8.31,
            "inventory_turnover_ratio": 2.88,
            "account_receivable_turnover_ratio": 3.43,
            "reinvestment_rate": null,
            "research_to_sale_ratio": 77.34,
            "price_fair": 0,
            "eps_avg_yearly": 0,
            "eps_latest_yearly": 0,
            "eps_growth_yearly": 0
        },
        "20184": {
            "year_quarter": 20184,
            "year": 2018,
            "quarter": 4,
            "eps": -0.77,
            "eps_growth_year": null,
            "eps_4q": 4.67,
            "eps_4q_growth_year": null,
            "roe": -2.71,
            "roe_4q": 13.19,
            "gross_profit": 25693,
            "gross_margin": 31.96,
            "gross_margin_4q_avg": 34.88,
            "net_income": -49033,
            "net_income_4q": null,
            "revenue": 80385,
            "revenue_4q": null,
            "common_shares": 521391,
            "book_valuer_per_share": 31.24,
            "book_valuer_per_share_4q_avg": 32.18,
            "equity": 1798483,
            "current_ratio": 998.13,
            "debt_ratio": 7.65,
            "inventory_turnover_ratio": 3.59,
            "account_receivable_turnover_ratio": 2.45,
            "reinvestment_rate": null,
            "research_to_sale_ratio": 60.75,
            "price_fair": 0,
            "eps_avg_yearly": 0,
            "eps_latest_yearly": 0,
            "eps_growth_yearly": 0
        },
        "20191": {
            "year_quarter": 20191,
            "year": 2019,
            "quarter": 1,
            "eps": -0.9,
            "eps_growth_year": -112.52,
            "eps_4q": -2.8,
            "eps_4q_growth_year": -180.43,
            "roe": -2.85,
            "roe_4q": -10.66,
            "gross_profit": 32770,
            "gross_margin": 34.64,
            "gross_margin_4q_avg": 19.62,
            "net_income": -59817,
            "net_income_4q": null,
            "revenue": 94592,
            "revenue_4q": null,
            "common_shares": 604411,
            "book_valuer_per_share": 37.27,
            "book_valuer_per_share_4q_avg": 33.24,
            "equity": 2405392,
            "current_ratio": 1217.89,
            "debt_ratio": 9.37,
            "inventory_turnover_ratio": 4.11,
            "account_receivable_turnover_ratio": 1.69,
            "reinvestment_rate": null,
            "research_to_sale_ratio": 69.33,
            "price_fair": 0,
            "eps_avg_yearly": 0,
            "eps_latest_yearly": 0,
            "eps_growth_yearly": 0
        },
        "20192": {
            "year_quarter": 20192,
            "year": 2019,
            "quarter": 2,
            "eps": -0.84,
            "eps_growth_year": null,
            "eps_4q": -3,
            "eps_4q_growth_year": -172.44,
            "roe": -2.76,
            "roe_4q": -11.43,
            "gross_profit": 42021,
            "gross_margin": 37.57,
            "gross_margin_4q_avg": 29.43,
            "net_income": -65712,
            "net_income_4q": null,
            "revenue": 111835,
            "revenue_4q": null,
            "common_shares": 604411,
            "book_valuer_per_share": 35.2,
            "book_valuer_per_share_4q_avg": 33.87,
            "equity": 2362820,
            "current_ratio": 1165.17,
            "debt_ratio": 10.65,
            "inventory_turnover_ratio": 3.35,
            "account_receivable_turnover_ratio": 1.9,
            "reinvestment_rate": null,
            "research_to_sale_ratio": 68.32,
            "price_fair": 0,
            "eps_avg_yearly": 0,
            "eps_latest_yearly": 0,
            "eps_growth_yearly": 0
        },
        "20193": {
            "year_quarter": 20193,
            "year": 2019,
            "quarter": 3,
            "eps": -1.05,
            "eps_growth_year": null,
            "eps_4q": -3.33,
            "eps_4q_growth_year": -177.87,
            "roe": -3.24,
            "roe_4q": -11.559999999999999,
            "gross_profit": 53438,
            "gross_margin": 42.6,
            "gross_margin_4q_avg": 36.69,
            "net_income": -75287,
            "net_income_4q": null,
            "revenue": 125443,
            "revenue_4q": null,
            "common_shares": 664952,
            "book_valuer_per_share": 30.88,
            "book_valuer_per_share_4q_avg": 33.65,
            "equity": 2287366,
            "current_ratio": 1160.11,
            "debt_ratio": 10.65,
            "inventory_turnover_ratio": 2.9,
            "account_receivable_turnover_ratio": 2.09,
            "reinvestment_rate": null,
            "research_to_sale_ratio": 64.4,
            "price_fair": 0,
            "eps_avg_yearly": 0,
            "eps_latest_yearly": 0,
            "eps_growth_yearly": 0
        },
        "20194": {
            "year_quarter": 20194,
            "year": 2019,
            "quarter": 4,
            "eps": -1.25,
            "eps_growth_year": null,
            "eps_4q": -3.94,
            "eps_4q_growth_year": -184.41,
            "roe": -3.61,
            "roe_4q": -12.459999999999999,
            "gross_profit": 58015,
            "gross_margin": 47.6,
            "gross_margin_4q_avg": 40.6,
            "net_income": -81904,
            "net_income_4q": null,
            "revenue": 121893,
            "revenue_4q": null,
            "common_shares": 664952,
            "book_valuer_per_share": 30.14,
            "book_valuer_per_share_4q_avg": 33.37,
            "equity": 2248726,
            "current_ratio": 1140.81,
            "debt_ratio": 10.66,
            "inventory_turnover_ratio": 2.11,
            "account_receivable_turnover_ratio": 1.74,
            "reinvestment_rate": null,
            "research_to_sale_ratio": 64.13,
            "price_fair": 0,
            "eps_avg_yearly": 0,
            "eps_latest_yearly": 0,
            "eps_growth_yearly": 0
        },
        "20201": {
            "year_quarter": 20201,
            "year": 2020,
            "quarter": 1,
            "eps": -0.8,
            "eps_growth_year": null,
            "eps_4q": -3.95,
            "eps_4q_growth_year": null,
            "roe": -2.16,
            "roe_4q": -11.77,
            "gross_profit": 69877,
            "gross_margin": 51,
            "gross_margin_4q_avg": 44.69,
            "net_income": -48023,
            "net_income_4q": null,
            "revenue": 137020,
            "revenue_4q": null,
            "common_shares": 664952,
            "book_valuer_per_share": 29.36,
            "book_valuer_per_share_4q_avg": 31.4,
            "equity": 2202385,
            "current_ratio": 1327.77,
            "debt_ratio": 9.68,
            "inventory_turnover_ratio": 2.07,
            "account_receivable_turnover_ratio": 1.84,
            "reinvestment_rate": null,
            "research_to_sale_ratio": 56,
            "price_fair": 0,
            "eps_avg_yearly": 0,
            "eps_latest_yearly": 0,
            "eps_growth_yearly": 0
        },
        "20202": {
            "year_quarter": 20202,
            "year": 2020,
            "quarter": 2,
            "eps": -0.94,
            "eps_growth_year": null,
            "eps_4q": -4.07,
            "eps_4q_growth_year": null,
            "roe": -2.75,
            "roe_4q": -11.76,
            "gross_profit": 72310,
            "gross_margin": 52.02,
            "gross_margin_4q_avg": 48.31,
            "net_income": -59232,
            "net_income_4q": null,
            "revenue": 139002,
            "revenue_4q": null,
            "common_shares": 664952,
            "book_valuer_per_share": 28.34,
            "book_valuer_per_share_4q_avg": 29.68,
            "equity": 2099661,
            "current_ratio": 1054.13,
            "debt_ratio": 11.7,
            "inventory_turnover_ratio": 2.2,
            "account_receivable_turnover_ratio": 1.76,
            "reinvestment_rate": null,
            "research_to_sale_ratio": 54.52,
            "price_fair": 0,
            "eps_avg_yearly": 0,
            "eps_latest_yearly": 0,
            "eps_growth_yearly": 0
        },
        "20203": {
            "year_quarter": 20203,
            "year": 2020,
            "quarter": 3,
            "eps": -0.96,
            "eps_growth_year": null,
            "eps_4q": -3.97,
            "eps_4q_growth_year": null,
            "roe": -2.6,
            "roe_4q": -11.12,
            "gross_profit": 83855,
            "gross_margin": 54.3,
            "gross_margin_4q_avg": 51.23,
            "net_income": -53813,
            "net_income_4q": null,
            "revenue": 154415,
            "revenue_4q": null,
            "common_shares": 664952,
            "book_valuer_per_share": 26.89,
            "book_valuer_per_share_4q_avg": 28.68,
            "equity": 2044279,
            "current_ratio": 1021.98,
            "debt_ratio": 12.02,
            "inventory_turnover_ratio": 2.06,
            "account_receivable_turnover_ratio": 1.55,
            "reinvestment_rate": null,
            "research_to_sale_ratio": 51.7,
            "price_fair": 0,
            "eps_avg_yearly": 0,
            "eps_latest_yearly": 0,
            "eps_growth_yearly": 0
        },
        "20204": {
            "year_quarter": 20204,
            "year": 2020,
            "quarter": 4,
            "eps": -0.2,
            "eps_growth_year": null,
            "eps_4q": -2.92,
            "eps_4q_growth_year": null,
            "roe": -0.36,
            "roe_4q": -7.87,
            "gross_profit": 129376,
            "gross_margin": 57.9,
            "gross_margin_4q_avg": 53.81,
            "net_income": -8518,
            "net_income_4q": null,
            "revenue": 223463,
            "revenue_4q": null,
            "common_shares": 665032,
            "book_valuer_per_share": 30.93,
            "book_valuer_per_share_4q_avg": 28.88,
            "equity": 2647507,
            "current_ratio": 1224.6,
            "debt_ratio": 20.12,
            "inventory_turnover_ratio": 2.23,
            "account_receivable_turnover_ratio": 1.58,
            "reinvestment_rate": null,
            "research_to_sale_ratio": 35.88,
            "price_fair": 0,
            "eps_avg_yearly": 0,
            "eps_latest_yearly": 0,
            "eps_growth_yearly": 0
        },
        "20211": {
            "year_quarter": 20211,
            "year": 2021,
            "quarter": 1,
            "eps": -1.1,
            "eps_growth_year": null,
            "eps_4q": -3.2,
            "eps_4q_growth_year": null,
            "roe": -2.55,
            "roe_4q": -8.26,
            "gross_profit": 76064,
            "gross_margin": 48.8,
            "gross_margin_4q_avg": 53.26,
            "net_income": -67817,
            "net_income_4q": null,
            "revenue": 155858,
            "revenue_4q": null,
            "common_shares": 665532,
            "book_valuer_per_share": 30.86,
            "book_valuer_per_share_4q_avg": 29.26,
            "equity": 2667459,
            "current_ratio": 1280.9,
            "debt_ratio": 19.61,
            "inventory_turnover_ratio": 1.69,
            "account_receivable_turnover_ratio": 1.11,
            "reinvestment_rate": null,
            "research_to_sale_ratio": 61.01,
            "price_fair": 0,
            "eps_avg_yearly": 0,
            "eps_latest_yearly": 0,
            "eps_growth_yearly": 0
        },
        "20212": {
            "year_quarter": 20212,
            "year": 2021,
            "quarter": 2,
            "eps": 36.83,
            "eps_growth_year": null,
            "eps_4q": 34.56,
            "eps_4q_growth_year": null,
            "roe": 67.9,
            "roe_4q": 62.39000000000001,
            "gross_profit": 24291,
            "gross_margin": 63.28,
            "gross_margin_4q_avg": 56.07,
            "net_income": 2425401,
            "net_income_4q": null,
            "revenue": 38386,
            "revenue_4q": null,
            "common_shares": 665532,
            "book_valuer_per_share": 67.65,
            "book_valuer_per_share_4q_avg": 39.08,
            "equity": 4476358,
            "current_ratio": 1710.62,
            "debt_ratio": 3.35,
            "inventory_turnover_ratio": 0.57,
            "account_receivable_turnover_ratio": 0.6,
            "reinvestment_rate": 107.46,
            "research_to_sale_ratio": 261.74,
            "price_fair": 0,
            "eps_avg_yearly": 0,
            "eps_latest_yearly": 0,
            "eps_growth_yearly": 0
        },
        "20213": {
            "year_quarter": 20213,
            "year": 2021,
            "quarter": 3,
            "eps": -2.45,
            "eps_growth_year": null,
            "eps_4q": 29.78,
            "eps_4q_growth_year": null,
            "roe": -4.55,
            "roe_4q": 60.44000000000001,
            "gross_profit": 1807,
            "gross_margin": 18.53,
            "gross_margin_4q_avg": 47.13,
            "net_income": -199155,
            "net_income_4q": null,
            "revenue": 9754,
            "revenue_4q": null,
            "common_shares": 732041,
            "book_valuer_per_share": 58.11,
            "book_valuer_per_share_4q_avg": 46.89,
            "equity": 4285098,
            "current_ratio": 1600.74,
            "debt_ratio": 3.9,
            "inventory_turnover_ratio": null,
            "account_receivable_turnover_ratio": 0.91,
            "reinvestment_rate": 95.46,
            "research_to_sale_ratio": 1126.23,
            "price_fair": 0,
            "eps_avg_yearly": 0,
            "eps_latest_yearly": 0,
            "eps_growth_yearly": 0
        },
        "20214": {
            "year_quarter": 20214,
            "year": 2021,
            "quarter": 4,
            "eps": -1.46,
            "eps_growth_year": null,
            "eps_4q": 28.46,
            "eps_4q_growth_year": null,
            "roe": -3,
            "roe_4q": 57.80000000000001,
            "gross_profit": 2568,
            "gross_margin": 25.82,
            "gross_margin_4q_avg": 39.11,
            "net_income": -126983,
            "net_income_4q": null,
            "revenue": 9944,
            "revenue_4q": null,
            "common_shares": 732341,
            "book_valuer_per_share": 56.56,
            "book_valuer_per_share_4q_avg": 53.3,
            "equity": 4188487,
            "current_ratio": 1490.88,
            "debt_ratio": 4.03,
            "inventory_turnover_ratio": null,
            "account_receivable_turnover_ratio": 1,
            "reinvestment_rate": 89.22,
            "research_to_sale_ratio": 1188.78,
            "price_fair": 0,
            "eps_avg_yearly": 0,
            "eps_latest_yearly": 0,
            "eps_growth_yearly": 0
        },
        "20221": {
            "year_quarter": 20221,
            "year": 2022,
            "quarter": 1,
            "eps": 0.92,
            "eps_growth_year": null,
            "eps_4q": 30.37,
            "eps_4q_growth_year": null,
            "roe": 1.17,
            "roe_4q": 61.52,
            "gross_profit": 178626,
            "gross_margin": 93.75,
            "gross_margin_4q_avg": 50.35,
            "net_income": 49388,
            "net_income_4q": null,
            "revenue": 190543,
            "revenue_4q": null,
            "common_shares": 732341,
            "book_valuer_per_share": 56.84,
            "book_valuer_per_share_4q_avg": 59.79,
            "equity": 4251092,
            "current_ratio": 1455.09,
            "debt_ratio": 5.1,
            "inventory_turnover_ratio": null,
            "account_receivable_turnover_ratio": 19.73,
            "reinvestment_rate": 106.29,
            "research_to_sale_ratio": 59.07,
            "price_fair": 0,
            "eps_avg_yearly": 0,
            "eps_latest_yearly": 0,
            "eps_growth_yearly": 0
        },
        "20222": {
            "year_quarter": 20222,
            "year": 2022,
            "quarter": 2,
            "eps": -2.63,
            "eps_growth_year": -107.14,
            "eps_4q": -4.68,
            "eps_4q_growth_year": -113.54,
            "roe": -4.97,
            "roe_4q": -11.35,
            "gross_profit": -2819,
            "gross_margin": -9.61,
            "gross_margin_4q_avg": 32.12,
            "net_income": -204722,
            "net_income_4q": null,
            "revenue": 29349,
            "revenue_4q": null,
            "common_shares": 732341,
            "book_valuer_per_share": 53.23,
            "book_valuer_per_share_4q_avg": 56.19,
            "equity": 3991505,
            "current_ratio": 749.05,
            "debt_ratio": 9.64,
            "inventory_turnover_ratio": 9.49,
            "account_receivable_turnover_ratio": 0.75,
            "reinvestment_rate": 120.77,
            "research_to_sale_ratio": 406.04,
            "price_fair": 0,
            "eps_avg_yearly": 0,
            "eps_latest_yearly": 0,
            "eps_growth_yearly": 0
        },
        "20223": {
            "year_quarter": 20223,
            "year": 2022,
            "quarter": 3,
            "eps": -1.42,
            "eps_growth_year": null,
            "eps_4q": -4.06,
            "eps_4q_growth_year": -113.64,
            "roe": -3.61,
            "roe_4q": -10.41,
            "gross_profit": 3627,
            "gross_margin": 8.74,
            "gross_margin_4q_avg": 29.68,
            "net_income": -142077,
            "net_income_4q": null,
            "revenue": 41522,
            "revenue_4q": null,
            "common_shares": 878401,
            "book_valuer_per_share": 43.26,
            "book_valuer_per_share_4q_avg": 52.47,
            "equity": 3879356,
            "current_ratio": 974.76,
            "debt_ratio": 8.2,
            "inventory_turnover_ratio": 7.87,
            "account_receivable_turnover_ratio": 0.78,
            "reinvestment_rate": 134,
            "research_to_sale_ratio": 362.48,
            "price_fair": 0,
            "eps_avg_yearly": 0,
            "eps_latest_yearly": 0,
            "eps_growth_yearly": 0
        },
        "20224": {
            "year_quarter": 20224,
            "year": 2022,
            "quarter": 4,
            "eps": -2.11,
            "eps_growth_year": null,
            "eps_4q": -4.95,
            "eps_4q_growth_year": -117.39,
            "roe": -5.29,
            "roe_4q": -12.700000000000001,
            "gross_profit": 7378,
            "gross_margin": 19.99,
            "gross_margin_4q_avg": 28.22,
            "net_income": -199490,
            "net_income_4q": null,
            "revenue": 36903,
            "revenue_4q": null,
            "common_shares": 878401,
            "book_valuer_per_share": 41.05,
            "book_valuer_per_share_4q_avg": 48.6,
            "equity": 3663546,
            "current_ratio": 824.99,
            "debt_ratio": 9.32,
            "inventory_turnover_ratio": 4.57,
            "account_receivable_turnover_ratio": 1.05,
            "reinvestment_rate": 154.59,
            "research_to_sale_ratio": 377.71,
            "price_fair": 0,
            "eps_avg_yearly": 0,
            "eps_latest_yearly": 0,
            "eps_growth_yearly": 0
        },
        "20231": {
            "year_quarter": 20231,
            "year": 2023,
            "quarter": 1,
            "eps": -1.98,
            "eps_growth_year": -315.22,
            "eps_4q": -7.7,
            "eps_4q_growth_year": -125.34,
            "roe": -5.37,
            "roe_4q": -19.24,
            "gross_profit": 6367,
            "gross_margin": 14.69,
            "gross_margin_4q_avg": 8.45,
            "net_income": -190519,
            "net_income_4q": null,
            "revenue": 43337,
            "revenue_4q": null,
            "common_shares": 878501,
            "book_valuer_per_share": 38.6,
            "book_valuer_per_share_4q_avg": 44.04,
            "equity": 3430919,
            "current_ratio": 555.61,
            "debt_ratio": 11.66,
            "inventory_turnover_ratio": 3.61,
            "account_receivable_turnover_ratio": 1.13,
            "reinvestment_rate": 172.63,
            "research_to_sale_ratio": 364.97,
            "price_fair": 0,
            "eps_avg_yearly": 0,
            "eps_latest_yearly": 0,
            "eps_growth_yearly": 0
        },
        "20232": {
            "year_quarter": 20232,
            "year": 2023,
            "quarter": 2,
            "eps": -7.22,
            "eps_growth_year": null,
            "eps_4q": -12.12,
            "eps_4q_growth_year": null,
            "roe": -20.87,
            "roe_4q": -35.14,
            "gross_profit": 4237,
            "gross_margin": 8.19,
            "gross_margin_4q_avg": 12.9,
            "net_income": -649710,
            "net_income_4q": null,
            "revenue": 51729,
            "revenue_4q": null,
            "common_shares": 878626,
            "book_valuer_per_share": 30.94,
            "book_valuer_per_share_4q_avg": 38.46,
            "equity": 2794215,
            "current_ratio": 1080.38,
            "debt_ratio": 13.21,
            "inventory_turnover_ratio": 4.68,
            "account_receivable_turnover_ratio": 1.28,
            "reinvestment_rate": -9.32,
            "research_to_sale_ratio": 317.03,
            "price_fair": 0,
            "eps_avg_yearly": 0,
            "eps_latest_yearly": 0,
            "eps_growth_yearly": 0
        },
        "20233": {
            "year_quarter": 20233,
            "year": 2023,
            "quarter": 3,
            "eps": -2.11,
            "eps_growth_year": null,
            "eps_4q": -12.87,
            "eps_4q_growth_year": null,
            "roe": -7.71,
            "roe_4q": -39.24,
            "gross_profit": 36,
            "gross_margin": 0.08,
            "gross_margin_4q_avg": 10.74,
            "net_income": -208227,
            "net_income_4q": null,
            "revenue": 45723,
            "revenue_4q": null,
            "common_shares": 922449,
            "book_valuer_per_share": 27.55,
            "book_valuer_per_share_4q_avg": 34.54,
            "equity": 2605257,
            "current_ratio": 1193.12,
            "debt_ratio": 12.6,
            "inventory_turnover_ratio": 5.34,
            "account_receivable_turnover_ratio": 1.15,
            "reinvestment_rate": -16.16,
            "research_to_sale_ratio": 369.61,
            "price_fair": 0,
            "eps_avg_yearly": 0,
            "eps_latest_yearly": 0,
            "eps_growth_yearly": 0
        },
        "20234": {
            "year_quarter": 20234,
            "year": 2023,
            "quarter": 4,
            "eps": -2.22,
            "eps_growth_year": null,
            "eps_4q": -13.09,
            "eps_4q_growth_year": null,
            "roe": -8.9,
            "roe_4q": -42.85,
            "gross_profit": 3737,
            "gross_margin": 6.74,
            "gross_margin_4q_avg": 7.43,
            "net_income": -221517,
            "net_income_4q": null,
            "revenue": 55474,
            "revenue_4q": null,
            "common_shares": 922449,
            "book_valuer_per_share": 25.21,
            "book_valuer_per_share_4q_avg": 30.58,
            "equity": 2371495,
            "current_ratio": 1004.62,
            "debt_ratio": 13.67,
            "inventory_turnover_ratio": 5.74,
            "account_receivable_turnover_ratio": 1.32,
            "reinvestment_rate": -22.72,
            "research_to_sale_ratio": 317.82,
            "price_fair": 0,
            "eps_avg_yearly": 0,
            "eps_latest_yearly": 0,
            "eps_growth_yearly": 0
        }
    },
    "months": {
        "2014-12": {
            "month": "2014-12",
            "price": "189.24",
            "revenue": 0
        },
        "2015-01": {
            "month": "2015-01",
            "price": "178.21",
            "revenue": 0
        },
        "2015-02": {
            "month": "2015-02",
            "price": "194.39",
            "revenue": 0
        },
        "2015-03": {
            "month": "2015-03",
            "price": "244.36",
            "revenue": 0
        },
        "2015-04": {
            "month": "2015-04",
            "price": "238.70",
            "revenue": 0
        },
        "2015-05": {
            "month": "2015-05",
            "price": "200.19",
            "revenue": 0
        },
        "2015-06": {
            "month": "2015-06",
            "price": "188.98",
            "revenue": 0
        },
        "2015-07": {
            "month": "2015-07",
            "price": "188.49",
            "revenue": 0
        },
        "2015-08": {
            "month": "2015-08",
            "price": "165.42",
            "revenue": 0
        },
        "2015-09": {
            "month": "2015-09",
            "price": "174.94",
            "revenue": 0
        },
        "2015-10": {
            "month": "2015-10",
            "price": "236.30",
            "revenue": 0
        },
        "2015-11": {
            "month": "2015-11",
            "price": "231.40",
            "revenue": 0
        },
        "2015-12": {
            "month": "2015-12",
            "price": "257.87",
            "revenue": 0
        },
        "2016-01": {
            "month": "2016-01",
            "price": "223.19",
            "revenue": 0
        },
        "2016-02": {
            "month": "2016-02",
            "price": "203.21",
            "revenue": 0
        },
        "2016-03": {
            "month": "2016-03",
            "price": "195.25",
            "revenue": 0
        },
        "2016-04": {
            "month": "2016-04",
            "price": "175.33",
            "revenue": 0
        },
        "2016-05": {
            "month": "2016-05",
            "price": "157.88",
            "revenue": 0
        },
        "2016-06": {
            "month": "2016-06",
            "price": "189.23",
            "revenue": 0
        },
        "2016-07": {
            "month": "2016-07",
            "price": "175.46",
            "revenue": 0
        },
        "2016-08": {
            "month": "2016-08",
            "price": "159.13",
            "revenue": 0
        },
        "2016-09": {
            "month": "2016-09",
            "price": "150.05",
            "revenue": 0
        },
        "2016-10": {
            "month": "2016-10",
            "price": "158.62",
            "revenue": 0
        },
        "2016-11": {
            "month": "2016-11",
            "price": "146.86",
            "revenue": 17013
        },
        "2016-12": {
            "month": "2016-12",
            "price": "147.48",
            "revenue": 12283
        },
        "2017-01": {
            "month": "2017-01",
            "price": "122.14",
            "revenue": 11623
        },
        "2017-02": {
            "month": "2017-02",
            "price": "106.07",
            "revenue": 8388
        },
        "2017-03": {
            "month": "2017-03",
            "price": "103.97",
            "revenue": 16713
        },
        "2017-04": {
            "month": "2017-04",
            "price": "91.71",
            "revenue": 24988
        },
        "2017-05": {
            "month": "2017-05",
            "price": "92.91",
            "revenue": 14005
        },
        "2017-06": {
            "month": "2017-06",
            "price": "98.17",
            "revenue": 15345
        },
        "2017-07": {
            "month": "2017-07",
            "price": "94.69",
            "revenue": 11777
        },
        "2017-08": {
            "month": "2017-08",
            "price": "91.51",
            "revenue": 8887
        },
        "2017-09": {
            "month": "2017-09",
            "price": "87.43",
            "revenue": 6765
        },
        "2017-10": {
            "month": "2017-10",
            "price": "91.08",
            "revenue": 15127
        },
        "2017-11": {
            "month": "2017-11",
            "price": "92.37",
            "revenue": 5942
        },
        "2017-12": {
            "month": "2017-12",
            "price": "85.43",
            "revenue": 25206
        },
        "2018-01": {
            "month": "2018-01",
            "price": "86.11",
            "revenue": 2708
        },
        "2018-02": {
            "month": "2018-02",
            "price": "82.48",
            "revenue": 2236
        },
        "2018-03": {
            "month": "2018-03",
            "price": "139.52",
            "revenue": 463204
        },
        "2018-04": {
            "month": "2018-04",
            "price": "173.75",
            "revenue": 15415
        },
        "2018-05": {
            "month": "2018-05",
            "price": "158.61",
            "revenue": 14361
        },
        "2018-06": {
            "month": "2018-06",
            "price": "147.75",
            "revenue": 31927
        },
        "2018-07": {
            "month": "2018-07",
            "price": "138.11",
            "revenue": 16478
        },
        "2018-08": {
            "month": "2018-08",
            "price": "131.70",
            "revenue": 28874
        },
        "2018-09": {
            "month": "2018-09",
            "price": "110.97",
            "revenue": 17942
        },
        "2018-10": {
            "month": "2018-10",
            "price": "96.18",
            "revenue": 27338
        },
        "2018-11": {
            "month": "2018-11",
            "price": "89.75",
            "revenue": 20820
        },
        "2018-12": {
            "month": "2018-12",
            "price": "89.28",
            "revenue": 32227
        },
        "2019-01": {
            "month": "2019-01",
            "price": "90.45",
            "revenue": 28208
        },
        "2019-02": {
            "month": "2019-02",
            "price": "90.08",
            "revenue": 27137
        },
        "2019-03": {
            "month": "2019-03",
            "price": "92.50",
            "revenue": 39247
        },
        "2019-04": {
            "month": "2019-04",
            "price": "90.14",
            "revenue": 42411
        },
        "2019-05": {
            "month": "2019-05",
            "price": "84.82",
            "revenue": 37545
        },
        "2019-06": {
            "month": "2019-06",
            "price": "83.71",
            "revenue": 31880
        },
        "2019-07": {
            "month": "2019-07",
            "price": "79.29",
            "revenue": 47800
        },
        "2019-08": {
            "month": "2019-08",
            "price": "67.98",
            "revenue": 37464
        },
        "2019-09": {
            "month": "2019-09",
            "price": "66.08",
            "revenue": 40178
        },
        "2019-10": {
            "month": "2019-10",
            "price": "64.34",
            "revenue": 43744
        },
        "2019-11": {
            "month": "2019-11",
            "price": "69.71",
            "revenue": 43669
        },
        "2019-12": {
            "month": "2019-12",
            "price": "62.72",
            "revenue": 34481
        },
        "2020-01": {
            "month": "2020-01",
            "price": "61.89",
            "revenue": 44203
        },
        "2020-02": {
            "month": "2020-02",
            "price": "59.41",
            "revenue": 46426
        },
        "2020-03": {
            "month": "2020-03",
            "price": "45.51",
            "revenue": 46390
        },
        "2020-04": {
            "month": "2020-04",
            "price": "46.68",
            "revenue": 46914
        },
        "2020-05": {
            "month": "2020-05",
            "price": "53.26",
            "revenue": 47372
        },
        "2020-06": {
            "month": "2020-06",
            "price": "59.00",
            "revenue": 44715
        },
        "2020-07": {
            "month": "2020-07",
            "price": "66.11",
            "revenue": 42054
        },
        "2020-08": {
            "month": "2020-08",
            "price": "60.26",
            "revenue": 51980
        },
        "2020-09": {
            "month": "2020-09",
            "price": "61.65",
            "revenue": 60381
        },
        "2020-10": {
            "month": "2020-10",
            "price": "64.00",
            "revenue": 56598
        },
        "2020-11": {
            "month": "2020-11",
            "price": "63.03",
            "revenue": 53978
        },
        "2020-12": {
            "month": "2020-12",
            "price": "61.55",
            "revenue": 112887
        },
        "2021-01": {
            "month": "2021-01",
            "price": "51.02",
            "revenue": 55500
        },
        "2021-02": {
            "month": "2021-02",
            "price": "55.19",
            "revenue": 47853
        },
        "2021-03": {
            "month": "2021-03",
            "price": "58.59",
            "revenue": 52505
        },
        "2021-04": {
            "month": "2021-04",
            "price": "56.72",
            "revenue": 47253
        },
        "2021-05": {
            "month": "2021-05",
            "price": "49.78",
            "revenue": 74258
        },
        "2021-06": {
            "month": "2021-06",
            "price": "51.99",
            "revenue": 2757
        },
        "2021-07": {
            "month": "2021-07",
            "price": "64.02",
            "revenue": 3676
        },
        "2021-08": {
            "month": "2021-08",
            "price": "71.35",
            "revenue": 3302
        },
        "2021-09": {
            "month": "2021-09",
            "price": "69.24",
            "revenue": 2775
        },
        "2021-10": {
            "month": "2021-10",
            "price": "64.14",
            "revenue": 2147
        },
        "2021-11": {
            "month": "2021-11",
            "price": "66.85",
            "revenue": 2172
        },
        "2021-12": {
            "month": "2021-12",
            "price": "79.54",
            "revenue": 5626
        },
        "2022-01": {
            "month": "2022-01",
            "price": "82.10",
            "revenue": 182585
        },
        "2022-02": {
            "month": "2022-02",
            "price": "83.61",
            "revenue": 2756
        },
        "2022-03": {
            "month": "2022-03",
            "price": "78.94",
            "revenue": 5202
        },
        "2022-04": {
            "month": "2022-04",
            "price": "76.46",
            "revenue": 8159
        },
        "2022-05": {
            "month": "2022-05",
            "price": "68.64",
            "revenue": 11520
        },
        "2022-06": {
            "month": "2022-06",
            "price": "71.73",
            "revenue": 9670
        },
        "2022-07": {
            "month": "2022-07",
            "price": "65.81",
            "revenue": 15615
        },
        "2022-08": {
            "month": "2022-08",
            "price": "67.20",
            "revenue": 15349
        },
        "2022-09": {
            "month": "2022-09",
            "price": "62.23",
            "revenue": 10557
        },
        "2022-10": {
            "month": "2022-10",
            "price": "52.30",
            "revenue": 9980
        },
        "2022-11": {
            "month": "2022-11",
            "price": "53.15",
            "revenue": 11212
        },
        "2022-12": {
            "month": "2022-12",
            "price": "57.95",
            "revenue": 15712
        },
        "2023-01": {
            "month": "2023-01",
            "price": "57.01",
            "revenue": 8932
        },
        "2023-02": {
            "month": "2023-02",
            "price": "58.36",
            "revenue": 14627
        },
        "2023-03": {
            "month": "2023-03",
            "price": "59.04",
            "revenue": 19778
        },
        "2023-04": {
            "month": "2023-04",
            "price": "58.64",
            "revenue": 19752
        },
        "2023-05": {
            "month": "2023-05",
            "price": "57.66",
            "revenue": 17398
        },
        "2023-06": {
            "month": "2023-06",
            "price": "57.42",
            "revenue": 14579
        },
        "2023-07": {
            "month": "2023-07",
            "price": "58.18",
            "revenue": 11147
        },
        "2023-08": {
            "month": "2023-08",
            "price": "51.80",
            "revenue": 18958
        },
        "2023-09": {
            "month": "2023-09",
            "price": "48.55",
            "revenue": 15619
        },
        "2023-10": {
            "month": "2023-10",
            "price": "48.22",
            "revenue": 18256
        },
        "2023-11": {
            "month": "2023-11",
            "price": "46.62",
            "revenue": 15364
        },
        "2023-12": {
            "month": "2023-12",
            "price": "47.55",
            "revenue": 21854
        }
    }
}
