{
    "summary": {
        "stock_name": "南六",
        "stock_id": "6504",
        "category": "其他",
        "main_business": "水針不織布,水針木漿複合布,無塵擦拭布,家庭用擦拭布,地板拖布<br>熱風、熱壓不織布<br>嬰兒柔濕巾,美顏面膜,卸妝棉,乳劑,液劑保養品",
        "website_url": "http://www.e-nonwoven.com.tw",
        "ceo": "黃世鐘",
        "pe_ratio": 58,
        "report_year_from": 2002,
        "report_year_to": 2023,
        "age": 22,
        "eps_negative_percentage": 0,
        "eps_growth_avg": {
            "last_all": 17.61,
            "last_2y": -14.3,
            "last_4y": 9.17,
            "last_8y": 9.63,
            "last_12y": null,
            "last_16y": null,
            "last_20y": null,
            "at_2006_last_3y": null,
            "at_2007_last_3y": null,
            "at_2008_last_3y": null,
            "at_2009_last_3y": null,
            "at_2010_last_3y": null,
            "at_2011_last_3y": null,
            "at_2012_last_3y": null,
            "at_2013_last_3y": null,
            "at_2014_last_3y": null,
            "at_2015_last_3y": null,
            "at_2016_last_3y": 36.37,
            "at_2017_last_3y": 9.63,
            "at_2018_last_3y": 10.22,
            "at_2019_last_3y": -2.19,
            "at_2020_last_3y": 22.78,
            "at_2021_last_3y": 1.54,
            "at_2022_last_3y": -13.54,
            "at_2023_last_3y": 14.28,
            "at_2024_last_3y": 14.28,
            "at_2006_last_all": null,
            "at_2007_last_all": null,
            "at_2008_last_all": null,
            "at_2009_last_all": null,
            "at_2010_last_all": null,
            "at_2011_last_all": null,
            "at_2012_last_all": null,
            "at_2013_last_all": null,
            "at_2014_last_all": 53.51,
            "at_2015_last_all": 48.46,
            "at_2016_last_all": 36.37,
            "at_2017_last_all": 27.7,
            "at_2018_last_all": 24.65,
            "at_2019_last_all": 19.52,
            "at_2020_last_all": 29.58,
            "at_2021_last_all": 16.07,
            "at_2022_last_all": 9.37,
            "at_2023_last_all": 17.61,
            "at_2024_last_all": 17.61
        },
        "latest_eps": 1.33,
        "latest_price": 77.6,
        "latest_roe": 2.68,
        "latest_gross_margin": 10,
        "latest_equity": 3601848,
        "latest_revenue": 1470988,
        "latest_gross_profit": 147110,
        "latest_net_income": 31035,
        "latest_debt_ratio": 66.19,
        "latest_current_ratio": 106.36,
        "latest_account_receivable_turnover_ratio": 1.08,
        "latest_inventory_turnover_ratio": 1.68,
        "latest_reinvestment_rate": 126.53,
        "latest_research_to_sale_ratio": 1.58
    },
    "eps_dividends": {
        "2001": {
            "cash": 0,
            "stock": 0,
            "eps": 0
        },
        "2002": {
            "cash": 0,
            "stock": 0,
            "eps": 0
        },
        "2003": {
            "cash": 0.7,
            "stock": 1,
            "eps": 0
        },
        "2004": {
            "cash": 0.8,
            "stock": 0.7,
            "eps": 0
        },
        "2005": {
            "cash": 2,
            "stock": 1,
            "eps": 0
        },
        "2006": {
            "cash": 1,
            "stock": 1,
            "eps": 0
        },
        "2007": {
            "cash": 0.5,
            "stock": 0,
            "eps": 0
        },
        "2008": {
            "cash": 1.5,
            "stock": 0,
            "eps": 0
        },
        "2009": {
            "cash": 0.6,
            "stock": 1.06,
            "eps": 0
        },
        "2010": {
            "cash": 0.5,
            "stock": 1.28,
            "eps": 0
        },
        "2011": {
            "cash": 0.44999999999999996,
            "stock": 1.36,
            "eps": 0
        },
        "2012": {
            "cash": 0,
            "stock": 0,
            "eps": 1.57
        },
        "2013": {
            "cash": 1.5,
            "stock": 0,
            "eps": 5.41
        },
        "2014": {
            "cash": 2.2,
            "stock": 0,
            "eps": 5.79
        },
        "2015": {
            "cash": 2.8,
            "stock": 0,
            "eps": 8.01
        },
        "2016": {
            "cash": 3.9,
            "stock": 0,
            "eps": 8.02
        },
        "2017": {
            "cash": 4.8,
            "stock": 0,
            "eps": 7.46
        },
        "2018": {
            "cash": 4.5,
            "stock": 0,
            "eps": 8.16
        },
        "2019": {
            "cash": 5,
            "stock": 0,
            "eps": 7.24
        },
        "2020": {
            "cash": 4.5,
            "stock": 0,
            "eps": 20.01
        },
        "2021": {
            "cash": 12,
            "stock": 0,
            "eps": 1.61
        },
        "2022": {
            "cash": 1.2,
            "stock": 0,
            "eps": 0.79
        },
        "2023": {
            "cash": 2,
            "stock": 0,
            "eps": 1.7
        }
    },
    "dividends": {
        "2003-04-25": {
            "cash": 0.7,
            "stock": 1
        },
        "2004-04-24": {
            "cash": 0.8,
            "stock": 0.7
        },
        "2005-03-24": {
            "cash": 2,
            "stock": 1
        },
        "2006-04-11": {
            "cash": 1,
            "stock": 1
        },
        "2007-03-07": {
            "cash": 0.5,
            "stock": 0
        },
        "2008-03-07": {
            "cash": 1.5,
            "stock": 0
        },
        "2009-04-06": {
            "cash": 0.6,
            "stock": 1.06
        },
        "2010-04-22": {
            "cash": 0.5,
            "stock": 1.28
        },
        "2011-01-01": {
            "cash": 0.3,
            "stock": 0
        },
        "2011-03-25": {
            "cash": 0.15,
            "stock": 1.36
        },
        "2013-02-05": {
            "cash": 1.5,
            "stock": 0
        },
        "2014-06-06": {
            "cash": 2.2,
            "stock": 0
        },
        "2015-07-15": {
            "cash": 2.8,
            "stock": 0
        },
        "2016-08-22": {
            "cash": 3.9,
            "stock": 0
        },
        "2017-08-29": {
            "cash": 4.8,
            "stock": 0
        },
        "2018-09-18": {
            "cash": 4.5,
            "stock": 0
        },
        "2019-08-23": {
            "cash": 5,
            "stock": 0
        },
        "2020-08-18": {
            "cash": 4.5,
            "stock": 0
        },
        "2021-10-13": {
            "cash": 12,
            "stock": 0
        },
        "2022-10-13": {
            "cash": 1.2,
            "stock": 0
        },
        "2023-03-15": {
            "cash": 1,
            "stock": 0
        },
        "2023-10-13": {
            "cash": 1,
            "stock": 0
        }
    },
    "prices": {
        "200101": "無",
        "200102": "無",
        "200103": "無",
        "200104": "無",
        "200105": "無",
        "200106": "無",
        "200107": "無",
        "200108": "無",
        "200109": "無",
        "200110": "無",
        "200111": "無",
        "200112": "無",
        "200201": "無",
        "200202": "無",
        "200203": "無",
        "200204": "無",
        "200205": "無",
        "200206": "無",
        "200207": "無",
        "200208": "無",
        "200209": "無",
        "200210": "無",
        "200211": "無",
        "200212": "無",
        "200301": "無",
        "200302": "無",
        "200303": "無",
        "200304": "無",
        "200305": "無",
        "200306": "無",
        "200307": "無",
        "200308": "無",
        "200309": "23.00",
        "200310": "23.00",
        "200311": "24.79",
        "200312": "無",
        "200401": "24.90",
        "200402": "22.00",
        "200403": "23.00",
        "200404": "26.61",
        "200405": "25.90",
        "200406": "無",
        "200407": "25.08",
        "200408": "無",
        "200409": "24.60",
        "200410": "26.00",
        "200411": "25.73",
        "200412": "28.66",
        "200501": "27.35",
        "200502": "28.12",
        "200503": "無",
        "200504": "無",
        "200505": "30.66",
        "200506": "31.79",
        "200507": "34.94",
        "200508": "37.96",
        "200509": "35.11",
        "200510": "33.79",
        "200511": "34.08",
        "200512": "36.41",
        "200601": "29.72",
        "200602": "27.15",
        "200603": "29.41",
        "200604": "31.03",
        "200605": "33.00",
        "200606": "30.06",
        "200607": "29.75",
        "200608": "29.38",
        "200609": "27.01",
        "200610": "25.43",
        "200611": "24.97",
        "200612": "25.53",
        "200701": "27.80",
        "200702": "28.31",
        "200703": "29.10",
        "200704": "30.79",
        "200705": "29.93",
        "200706": "29.82",
        "200707": "30.51",
        "200708": "29.86",
        "200709": "29.73",
        "200710": "30.80",
        "200711": "30.72",
        "200712": "30.38",
        "200801": "28.28",
        "200802": "29.58",
        "200803": "29.51",
        "200804": "29.65",
        "200805": "31.77",
        "200806": "31.82",
        "200807": "30.38",
        "200808": "29.94",
        "200809": "28.20",
        "200810": "21.97",
        "200811": "21.06",
        "200812": "22.60",
        "200901": "24.24",
        "200902": "23.95",
        "200903": "24.36",
        "200904": "26.93",
        "200905": "34.01",
        "200906": "37.19",
        "200907": "36.31",
        "200908": "38.29",
        "200909": "39.17",
        "200910": "34.07",
        "200911": "34.02",
        "200912": "34.42",
        "201001": "33.57",
        "201002": "32.00",
        "201003": "36.08",
        "201004": "40.15",
        "201005": "40.13",
        "201006": "41.86",
        "201007": "42.88",
        "201008": "41.32",
        "201009": "42.00",
        "201010": "40.07",
        "201011": "40.00",
        "201012": "39.81",
        "201101": "40.20",
        "201102": "39.50",
        "201103": "38.80",
        "201104": "36.90",
        "201105": "36.54",
        "201106": "37.10",
        "201107": "37.20",
        "201108": "34.98",
        "201109": "35.06",
        "201110": "29.45",
        "201111": "30.00",
        "201112": "30.00",
        "201201": "30.00",
        "201202": "31.28",
        "201203": "35.87",
        "201204": "36.72",
        "201205": "36.92",
        "201206": "37.36",
        "201207": "36.17",
        "201208": "36.51",
        "201209": "36.54",
        "201210": "38.00",
        "201211": "43.05",
        "201212": "49.10",
        "201301": "48.09",
        "201302": "63.20",
        "201303": "67.95",
        "201304": "71.99",
        "201305": "72.61",
        "201306": "114.45",
        "201307": "159.54",
        "201308": "148.38",
        "201309": "142.28",
        "201310": "121.52",
        "201311": "144.74",
        "201312": "164.39",
        "201401": "153.89",
        "201402": "162.94",
        "201403": "170.98",
        "201404": "174.86",
        "201405": "168.60",
        "201406": "162.35",
        "201407": "150.70",
        "201408": "140.74",
        "201409": "134.31",
        "201410": "139.98",
        "201411": "125.18",
        "201412": "140.25",
        "201501": "139.25",
        "201502": "140.38",
        "201503": "156.70",
        "201504": "168.58",
        "201505": "178.48",
        "201506": "181.69",
        "201507": "171.09",
        "201508": "170.83",
        "201509": "172.90",
        "201510": "175.76",
        "201511": "187.31",
        "201512": "178.22",
        "201601": "151.76",
        "201602": "146.15",
        "201603": "143.57",
        "201604": "151.05",
        "201605": "146.88",
        "201606": "147.69",
        "201607": "157.78",
        "201608": "151.24",
        "201609": "149.79",
        "201610": "143.88",
        "201611": "139.70",
        "201612": "150.00",
        "201701": "149.53",
        "201702": "157.08",
        "201703": "156.17",
        "201704": "151.14",
        "201705": "145.65",
        "201706": "151.33",
        "201707": "148.55",
        "201708": "146.26",
        "201709": "154.89",
        "201710": "155.87",
        "201711": "163.02",
        "201712": "162.50",
        "201801": "159.82",
        "201802": "161.31",
        "201803": "159.37",
        "201804": "158.81",
        "201805": "160.02",
        "201806": "170.68",
        "201807": "168.95",
        "201808": "167.61",
        "201809": "163.24",
        "201810": "154.68",
        "201811": "162.91",
        "201812": "167.21",
        "201901": "159.12",
        "201902": "159.50",
        "201903": "166.60",
        "201904": "163.72",
        "201905": "163.32",
        "201906": "163.63",
        "201907": "157.39",
        "201908": "145.26",
        "201909": "144.63",
        "201910": "137.05",
        "201911": "132.31",
        "201912": "134.07",
        "202001": "140.43",
        "202002": "165.63",
        "202003": "144.43",
        "202004": "180.45",
        "202005": "235.25",
        "202006": "270.02",
        "202007": "255.43",
        "202008": "279.71",
        "202009": "249.82",
        "202010": "237.97",
        "202011": "207.50",
        "202012": "185.74",
        "202101": "178.85",
        "202102": "171.04",
        "202103": "177.39",
        "202104": "173.89",
        "202105": "172.57",
        "202106": "154.57",
        "202107": "139.84",
        "202108": "126.50",
        "202109": "123.68",
        "202110": "113.49",
        "202111": "119.32",
        "202112": "114.27",
        "202201": "115.78",
        "202202": "114.90",
        "202203": "103.89",
        "202204": "95.41",
        "202205": "85.76",
        "202206": "85.89",
        "202207": "81.57",
        "202208": "82.84",
        "202209": "79.65",
        "202210": "70.80",
        "202211": "71.19",
        "202212": "73.40",
        "202301": "72.51",
        "202302": "72.08",
        "202303": "77.77",
        "202304": "80.98",
        "202305": "83.35",
        "202306": "82.16",
        "202307": "77.11",
        "202308": "76.44",
        "202309": "75.75",
        "202310": "72.16",
        "202311": "72.85",
        "202312": "79.57"
    },
    "quarters": {
        "20011": {
            "year_quarter": 20011,
            "year": 2001,
            "quarter": 1,
            "eps": null,
            "eps_growth_year": null,
            "eps_4q": null,
            "eps_4q_growth_year": null,
            "roe": null,
            "roe_4q": 0,
            "gross_profit": null,
            "gross_margin": null,
            "gross_margin_4q_avg": 0,
            "net_income": null,
            "net_income_4q": null,
            "revenue": null,
            "revenue_4q": null,
            "common_shares": null,
            "book_valuer_per_share": null,
            "book_valuer_per_share_4q_avg": 0,
            "equity": null,
            "current_ratio": null,
            "debt_ratio": null,
            "inventory_turnover_ratio": null,
            "account_receivable_turnover_ratio": null,
            "reinvestment_rate": null,
            "research_to_sale_ratio": null,
            "price_fair": 0,
            "eps_avg_yearly": 0,
            "eps_latest_yearly": 0,
            "eps_growth_yearly": 0
        },
        "20012": {
            "year_quarter": 20012,
            "year": 2001,
            "quarter": 2,
            "eps": null,
            "eps_growth_year": null,
            "eps_4q": null,
            "eps_4q_growth_year": null,
            "roe": null,
            "roe_4q": 0,
            "gross_profit": null,
            "gross_margin": null,
            "gross_margin_4q_avg": 0,
            "net_income": null,
            "net_income_4q": null,
            "revenue": null,
            "revenue_4q": null,
            "common_shares": null,
            "book_valuer_per_share": null,
            "book_valuer_per_share_4q_avg": 0,
            "equity": null,
            "current_ratio": null,
            "debt_ratio": null,
            "inventory_turnover_ratio": null,
            "account_receivable_turnover_ratio": null,
            "reinvestment_rate": null,
            "research_to_sale_ratio": null,
            "price_fair": 0,
            "eps_avg_yearly": 0,
            "eps_latest_yearly": 0,
            "eps_growth_yearly": 0
        },
        "20013": {
            "year_quarter": 20013,
            "year": 2001,
            "quarter": 3,
            "eps": null,
            "eps_growth_year": null,
            "eps_4q": null,
            "eps_4q_growth_year": null,
            "roe": null,
            "roe_4q": 0,
            "gross_profit": null,
            "gross_margin": null,
            "gross_margin_4q_avg": 0,
            "net_income": null,
            "net_income_4q": null,
            "revenue": null,
            "revenue_4q": null,
            "common_shares": null,
            "book_valuer_per_share": null,
            "book_valuer_per_share_4q_avg": 0,
            "equity": null,
            "current_ratio": null,
            "debt_ratio": null,
            "inventory_turnover_ratio": null,
            "account_receivable_turnover_ratio": null,
            "reinvestment_rate": null,
            "research_to_sale_ratio": null,
            "price_fair": 0,
            "eps_avg_yearly": 0,
            "eps_latest_yearly": 0,
            "eps_growth_yearly": 0
        },
        "20014": {
            "year_quarter": 20014,
            "year": 2001,
            "quarter": 4,
            "eps": null,
            "eps_growth_year": null,
            "eps_4q": null,
            "eps_4q_growth_year": null,
            "roe": null,
            "roe_4q": 0,
            "gross_profit": null,
            "gross_margin": null,
            "gross_margin_4q_avg": 0,
            "net_income": null,
            "net_income_4q": null,
            "revenue": null,
            "revenue_4q": null,
            "common_shares": 275000,
            "book_valuer_per_share": 14.26,
            "book_valuer_per_share_4q_avg": 3.57,
            "equity": 392093,
            "current_ratio": 108.3,
            "debt_ratio": 54.38,
            "inventory_turnover_ratio": null,
            "account_receivable_turnover_ratio": null,
            "reinvestment_rate": null,
            "research_to_sale_ratio": null,
            "price_fair": 0,
            "eps_avg_yearly": 0,
            "eps_latest_yearly": 0,
            "eps_growth_yearly": 0
        },
        "20021": {
            "year_quarter": 20021,
            "year": 2002,
            "quarter": 1,
            "eps": null,
            "eps_growth_year": null,
            "eps_4q": null,
            "eps_4q_growth_year": null,
            "roe": null,
            "roe_4q": 0,
            "gross_profit": null,
            "gross_margin": null,
            "gross_margin_4q_avg": 0,
            "net_income": null,
            "net_income_4q": null,
            "revenue": null,
            "revenue_4q": null,
            "common_shares": null,
            "book_valuer_per_share": null,
            "book_valuer_per_share_4q_avg": 3.57,
            "equity": null,
            "current_ratio": null,
            "debt_ratio": null,
            "inventory_turnover_ratio": null,
            "account_receivable_turnover_ratio": null,
            "reinvestment_rate": null,
            "research_to_sale_ratio": null,
            "price_fair": 0,
            "eps_avg_yearly": 0,
            "eps_latest_yearly": 0,
            "eps_growth_yearly": 0
        },
        "20022": {
            "year_quarter": 20022,
            "year": 2002,
            "quarter": 2,
            "eps": null,
            "eps_growth_year": null,
            "eps_4q": null,
            "eps_4q_growth_year": null,
            "roe": null,
            "roe_4q": 0,
            "gross_profit": null,
            "gross_margin": null,
            "gross_margin_4q_avg": 0,
            "net_income": null,
            "net_income_4q": null,
            "revenue": null,
            "revenue_4q": null,
            "common_shares": null,
            "book_valuer_per_share": null,
            "book_valuer_per_share_4q_avg": 3.57,
            "equity": null,
            "current_ratio": null,
            "debt_ratio": null,
            "inventory_turnover_ratio": null,
            "account_receivable_turnover_ratio": null,
            "reinvestment_rate": null,
            "research_to_sale_ratio": null,
            "price_fair": 0,
            "eps_avg_yearly": 0,
            "eps_latest_yearly": 0,
            "eps_growth_yearly": 0
        },
        "20023": {
            "year_quarter": 20023,
            "year": 2002,
            "quarter": 3,
            "eps": null,
            "eps_growth_year": null,
            "eps_4q": null,
            "eps_4q_growth_year": null,
            "roe": null,
            "roe_4q": 0,
            "gross_profit": null,
            "gross_margin": null,
            "gross_margin_4q_avg": 0,
            "net_income": null,
            "net_income_4q": null,
            "revenue": null,
            "revenue_4q": null,
            "common_shares": null,
            "book_valuer_per_share": null,
            "book_valuer_per_share_4q_avg": 3.57,
            "equity": null,
            "current_ratio": null,
            "debt_ratio": null,
            "inventory_turnover_ratio": null,
            "account_receivable_turnover_ratio": null,
            "reinvestment_rate": null,
            "research_to_sale_ratio": null,
            "price_fair": 0,
            "eps_avg_yearly": 0,
            "eps_latest_yearly": 0,
            "eps_growth_yearly": 0
        },
        "20024": {
            "year_quarter": 20024,
            "year": 2002,
            "quarter": 4,
            "eps": null,
            "eps_growth_year": null,
            "eps_4q": null,
            "eps_4q_growth_year": null,
            "roe": null,
            "roe_4q": 0,
            "gross_profit": null,
            "gross_margin": null,
            "gross_margin_4q_avg": 0,
            "net_income": null,
            "net_income_4q": null,
            "revenue": null,
            "revenue_4q": null,
            "common_shares": 297000,
            "book_valuer_per_share": 15.33,
            "book_valuer_per_share_4q_avg": 3.83,
            "equity": 455315,
            "current_ratio": 125.99,
            "debt_ratio": 49.91,
            "inventory_turnover_ratio": null,
            "account_receivable_turnover_ratio": null,
            "reinvestment_rate": null,
            "research_to_sale_ratio": null,
            "price_fair": 0,
            "eps_avg_yearly": 0,
            "eps_latest_yearly": 0,
            "eps_growth_yearly": 0
        },
        "20031": {
            "year_quarter": 20031,
            "year": 2003,
            "quarter": 1,
            "eps": null,
            "eps_growth_year": null,
            "eps_4q": null,
            "eps_4q_growth_year": null,
            "roe": null,
            "roe_4q": 0,
            "gross_profit": null,
            "gross_margin": null,
            "gross_margin_4q_avg": 0,
            "net_income": null,
            "net_income_4q": null,
            "revenue": null,
            "revenue_4q": null,
            "common_shares": null,
            "book_valuer_per_share": null,
            "book_valuer_per_share_4q_avg": 3.83,
            "equity": null,
            "current_ratio": null,
            "debt_ratio": null,
            "inventory_turnover_ratio": null,
            "account_receivable_turnover_ratio": null,
            "reinvestment_rate": null,
            "research_to_sale_ratio": null,
            "price_fair": 0,
            "eps_avg_yearly": 0,
            "eps_latest_yearly": 0,
            "eps_growth_yearly": 0
        },
        "20032": {
            "year_quarter": 20032,
            "year": 2003,
            "quarter": 2,
            "eps": null,
            "eps_growth_year": null,
            "eps_4q": null,
            "eps_4q_growth_year": null,
            "roe": null,
            "roe_4q": 0,
            "gross_profit": null,
            "gross_margin": null,
            "gross_margin_4q_avg": 0,
            "net_income": null,
            "net_income_4q": null,
            "revenue": null,
            "revenue_4q": null,
            "common_shares": null,
            "book_valuer_per_share": null,
            "book_valuer_per_share_4q_avg": 3.83,
            "equity": null,
            "current_ratio": null,
            "debt_ratio": null,
            "inventory_turnover_ratio": null,
            "account_receivable_turnover_ratio": null,
            "reinvestment_rate": null,
            "research_to_sale_ratio": null,
            "price_fair": 0,
            "eps_avg_yearly": 0,
            "eps_latest_yearly": 0,
            "eps_growth_yearly": 0
        },
        "20033": {
            "year_quarter": 20033,
            "year": 2003,
            "quarter": 3,
            "eps": null,
            "eps_growth_year": null,
            "eps_4q": null,
            "eps_4q_growth_year": null,
            "roe": null,
            "roe_4q": 0,
            "gross_profit": null,
            "gross_margin": null,
            "gross_margin_4q_avg": 0,
            "net_income": null,
            "net_income_4q": null,
            "revenue": null,
            "revenue_4q": null,
            "common_shares": null,
            "book_valuer_per_share": null,
            "book_valuer_per_share_4q_avg": 3.83,
            "equity": null,
            "current_ratio": null,
            "debt_ratio": null,
            "inventory_turnover_ratio": null,
            "account_receivable_turnover_ratio": null,
            "reinvestment_rate": null,
            "research_to_sale_ratio": null,
            "price_fair": 0,
            "eps_avg_yearly": 0,
            "eps_latest_yearly": 0,
            "eps_growth_yearly": 0
        },
        "20034": {
            "year_quarter": 20034,
            "year": 2003,
            "quarter": 4,
            "eps": null,
            "eps_growth_year": null,
            "eps_4q": null,
            "eps_4q_growth_year": null,
            "roe": null,
            "roe_4q": 0,
            "gross_profit": null,
            "gross_margin": null,
            "gross_margin_4q_avg": 0,
            "net_income": null,
            "net_income_4q": null,
            "revenue": null,
            "revenue_4q": null,
            "common_shares": 326700,
            "book_valuer_per_share": 15.13,
            "book_valuer_per_share_4q_avg": 3.78,
            "equity": 494203,
            "current_ratio": 161.54,
            "debt_ratio": 44.46,
            "inventory_turnover_ratio": null,
            "account_receivable_turnover_ratio": null,
            "reinvestment_rate": null,
            "research_to_sale_ratio": null,
            "price_fair": 0,
            "eps_avg_yearly": 0,
            "eps_latest_yearly": 0,
            "eps_growth_yearly": 0
        },
        "20041": {
            "year_quarter": 20041,
            "year": 2004,
            "quarter": 1,
            "eps": null,
            "eps_growth_year": null,
            "eps_4q": null,
            "eps_4q_growth_year": null,
            "roe": null,
            "roe_4q": 0,
            "gross_profit": null,
            "gross_margin": null,
            "gross_margin_4q_avg": 0,
            "net_income": null,
            "net_income_4q": null,
            "revenue": null,
            "revenue_4q": null,
            "common_shares": null,
            "book_valuer_per_share": null,
            "book_valuer_per_share_4q_avg": 3.78,
            "equity": null,
            "current_ratio": null,
            "debt_ratio": null,
            "inventory_turnover_ratio": null,
            "account_receivable_turnover_ratio": null,
            "reinvestment_rate": null,
            "research_to_sale_ratio": null,
            "price_fair": 0,
            "eps_avg_yearly": 0,
            "eps_latest_yearly": 0,
            "eps_growth_yearly": 0
        },
        "20042": {
            "year_quarter": 20042,
            "year": 2004,
            "quarter": 2,
            "eps": null,
            "eps_growth_year": null,
            "eps_4q": null,
            "eps_4q_growth_year": null,
            "roe": null,
            "roe_4q": 0,
            "gross_profit": null,
            "gross_margin": null,
            "gross_margin_4q_avg": 0,
            "net_income": null,
            "net_income_4q": null,
            "revenue": null,
            "revenue_4q": null,
            "common_shares": null,
            "book_valuer_per_share": null,
            "book_valuer_per_share_4q_avg": 3.78,
            "equity": null,
            "current_ratio": null,
            "debt_ratio": null,
            "inventory_turnover_ratio": null,
            "account_receivable_turnover_ratio": null,
            "reinvestment_rate": null,
            "research_to_sale_ratio": null,
            "price_fair": 0,
            "eps_avg_yearly": 0,
            "eps_latest_yearly": 0,
            "eps_growth_yearly": 0
        },
        "20043": {
            "year_quarter": 20043,
            "year": 2004,
            "quarter": 3,
            "eps": null,
            "eps_growth_year": null,
            "eps_4q": null,
            "eps_4q_growth_year": null,
            "roe": null,
            "roe_4q": 0,
            "gross_profit": null,
            "gross_margin": null,
            "gross_margin_4q_avg": 0,
            "net_income": null,
            "net_income_4q": null,
            "revenue": null,
            "revenue_4q": null,
            "common_shares": null,
            "book_valuer_per_share": null,
            "book_valuer_per_share_4q_avg": 3.78,
            "equity": null,
            "current_ratio": null,
            "debt_ratio": null,
            "inventory_turnover_ratio": null,
            "account_receivable_turnover_ratio": null,
            "reinvestment_rate": null,
            "research_to_sale_ratio": null,
            "price_fair": 0,
            "eps_avg_yearly": 0,
            "eps_latest_yearly": 0,
            "eps_growth_yearly": 0
        },
        "20044": {
            "year_quarter": 20044,
            "year": 2004,
            "quarter": 4,
            "eps": null,
            "eps_growth_year": null,
            "eps_4q": null,
            "eps_4q_growth_year": null,
            "roe": null,
            "roe_4q": 0,
            "gross_profit": null,
            "gross_margin": null,
            "gross_margin_4q_avg": 0,
            "net_income": null,
            "net_income_4q": null,
            "revenue": null,
            "revenue_4q": null,
            "common_shares": 349569,
            "book_valuer_per_share": 16.17,
            "book_valuer_per_share_4q_avg": 4.04,
            "equity": 565288,
            "current_ratio": 175.69,
            "debt_ratio": 53.48,
            "inventory_turnover_ratio": null,
            "account_receivable_turnover_ratio": null,
            "reinvestment_rate": null,
            "research_to_sale_ratio": null,
            "price_fair": 0,
            "eps_avg_yearly": 0,
            "eps_latest_yearly": 0,
            "eps_growth_yearly": 0
        },
        "20051": {
            "year_quarter": 20051,
            "year": 2005,
            "quarter": 1,
            "eps": null,
            "eps_growth_year": null,
            "eps_4q": null,
            "eps_4q_growth_year": null,
            "roe": null,
            "roe_4q": 0,
            "gross_profit": null,
            "gross_margin": null,
            "gross_margin_4q_avg": 0,
            "net_income": null,
            "net_income_4q": null,
            "revenue": null,
            "revenue_4q": null,
            "common_shares": null,
            "book_valuer_per_share": null,
            "book_valuer_per_share_4q_avg": 4.04,
            "equity": null,
            "current_ratio": null,
            "debt_ratio": null,
            "inventory_turnover_ratio": null,
            "account_receivable_turnover_ratio": null,
            "reinvestment_rate": null,
            "research_to_sale_ratio": null,
            "price_fair": 0,
            "eps_avg_yearly": 0,
            "eps_latest_yearly": 0,
            "eps_growth_yearly": 0
        },
        "20052": {
            "year_quarter": 20052,
            "year": 2005,
            "quarter": 2,
            "eps": null,
            "eps_growth_year": null,
            "eps_4q": null,
            "eps_4q_growth_year": null,
            "roe": null,
            "roe_4q": 0,
            "gross_profit": null,
            "gross_margin": null,
            "gross_margin_4q_avg": 0,
            "net_income": null,
            "net_income_4q": null,
            "revenue": null,
            "revenue_4q": null,
            "common_shares": null,
            "book_valuer_per_share": null,
            "book_valuer_per_share_4q_avg": 4.04,
            "equity": null,
            "current_ratio": null,
            "debt_ratio": null,
            "inventory_turnover_ratio": null,
            "account_receivable_turnover_ratio": null,
            "reinvestment_rate": null,
            "research_to_sale_ratio": null,
            "price_fair": 0,
            "eps_avg_yearly": 0,
            "eps_latest_yearly": 0,
            "eps_growth_yearly": 0
        },
        "20053": {
            "year_quarter": 20053,
            "year": 2005,
            "quarter": 3,
            "eps": null,
            "eps_growth_year": null,
            "eps_4q": null,
            "eps_4q_growth_year": null,
            "roe": null,
            "roe_4q": 0,
            "gross_profit": null,
            "gross_margin": null,
            "gross_margin_4q_avg": 0,
            "net_income": null,
            "net_income_4q": null,
            "revenue": null,
            "revenue_4q": null,
            "common_shares": null,
            "book_valuer_per_share": null,
            "book_valuer_per_share_4q_avg": 4.04,
            "equity": null,
            "current_ratio": null,
            "debt_ratio": null,
            "inventory_turnover_ratio": null,
            "account_receivable_turnover_ratio": null,
            "reinvestment_rate": null,
            "research_to_sale_ratio": null,
            "price_fair": 0,
            "eps_avg_yearly": 0,
            "eps_latest_yearly": 0,
            "eps_growth_yearly": 0
        },
        "20054": {
            "year_quarter": 20054,
            "year": 2005,
            "quarter": 4,
            "eps": null,
            "eps_growth_year": null,
            "eps_4q": null,
            "eps_4q_growth_year": null,
            "roe": null,
            "roe_4q": 0,
            "gross_profit": null,
            "gross_margin": null,
            "gross_margin_4q_avg": 0,
            "net_income": null,
            "net_income_4q": null,
            "revenue": null,
            "revenue_4q": null,
            "common_shares": 384570,
            "book_valuer_per_share": 15.99,
            "book_valuer_per_share_4q_avg": 4,
            "equity": 614739,
            "current_ratio": 161.16,
            "debt_ratio": 56.66,
            "inventory_turnover_ratio": null,
            "account_receivable_turnover_ratio": null,
            "reinvestment_rate": null,
            "research_to_sale_ratio": null,
            "price_fair": 0,
            "eps_avg_yearly": 0,
            "eps_latest_yearly": 0,
            "eps_growth_yearly": 0
        },
        "20061": {
            "year_quarter": 20061,
            "year": 2006,
            "quarter": 1,
            "eps": null,
            "eps_growth_year": null,
            "eps_4q": null,
            "eps_4q_growth_year": null,
            "roe": null,
            "roe_4q": 0,
            "gross_profit": null,
            "gross_margin": null,
            "gross_margin_4q_avg": 0,
            "net_income": null,
            "net_income_4q": null,
            "revenue": null,
            "revenue_4q": null,
            "common_shares": null,
            "book_valuer_per_share": null,
            "book_valuer_per_share_4q_avg": 4,
            "equity": null,
            "current_ratio": null,
            "debt_ratio": null,
            "inventory_turnover_ratio": null,
            "account_receivable_turnover_ratio": null,
            "reinvestment_rate": null,
            "research_to_sale_ratio": null,
            "price_fair": 0,
            "eps_avg_yearly": 0,
            "eps_latest_yearly": 0,
            "eps_growth_yearly": 0
        },
        "20062": {
            "year_quarter": 20062,
            "year": 2006,
            "quarter": 2,
            "eps": null,
            "eps_growth_year": null,
            "eps_4q": null,
            "eps_4q_growth_year": null,
            "roe": null,
            "roe_4q": 0,
            "gross_profit": null,
            "gross_margin": null,
            "gross_margin_4q_avg": 0,
            "net_income": null,
            "net_income_4q": null,
            "revenue": null,
            "revenue_4q": null,
            "common_shares": null,
            "book_valuer_per_share": null,
            "book_valuer_per_share_4q_avg": 4,
            "equity": null,
            "current_ratio": null,
            "debt_ratio": null,
            "inventory_turnover_ratio": null,
            "account_receivable_turnover_ratio": null,
            "reinvestment_rate": null,
            "research_to_sale_ratio": null,
            "price_fair": 0,
            "eps_avg_yearly": 0,
            "eps_latest_yearly": 0,
            "eps_growth_yearly": 0
        },
        "20063": {
            "year_quarter": 20063,
            "year": 2006,
            "quarter": 3,
            "eps": null,
            "eps_growth_year": null,
            "eps_4q": null,
            "eps_4q_growth_year": null,
            "roe": null,
            "roe_4q": 0,
            "gross_profit": null,
            "gross_margin": null,
            "gross_margin_4q_avg": 0,
            "net_income": null,
            "net_income_4q": null,
            "revenue": null,
            "revenue_4q": null,
            "common_shares": null,
            "book_valuer_per_share": null,
            "book_valuer_per_share_4q_avg": 4,
            "equity": null,
            "current_ratio": null,
            "debt_ratio": null,
            "inventory_turnover_ratio": null,
            "account_receivable_turnover_ratio": null,
            "reinvestment_rate": null,
            "research_to_sale_ratio": null,
            "price_fair": 0,
            "eps_avg_yearly": 0,
            "eps_latest_yearly": 0,
            "eps_growth_yearly": 0
        },
        "20064": {
            "year_quarter": 20064,
            "year": 2006,
            "quarter": 4,
            "eps": null,
            "eps_growth_year": null,
            "eps_4q": null,
            "eps_4q_growth_year": null,
            "roe": null,
            "roe_4q": 0,
            "gross_profit": null,
            "gross_margin": null,
            "gross_margin_4q_avg": 0,
            "net_income": null,
            "net_income_4q": null,
            "revenue": null,
            "revenue_4q": null,
            "common_shares": 423030,
            "book_valuer_per_share": 14.65,
            "book_valuer_per_share_4q_avg": 3.66,
            "equity": 619705,
            "current_ratio": 139.5,
            "debt_ratio": 57.97,
            "inventory_turnover_ratio": null,
            "account_receivable_turnover_ratio": null,
            "reinvestment_rate": null,
            "research_to_sale_ratio": null,
            "price_fair": 0,
            "eps_avg_yearly": 0,
            "eps_latest_yearly": 0,
            "eps_growth_yearly": 0
        },
        "20071": {
            "year_quarter": 20071,
            "year": 2007,
            "quarter": 1,
            "eps": null,
            "eps_growth_year": null,
            "eps_4q": null,
            "eps_4q_growth_year": null,
            "roe": null,
            "roe_4q": 0,
            "gross_profit": null,
            "gross_margin": null,
            "gross_margin_4q_avg": 0,
            "net_income": null,
            "net_income_4q": null,
            "revenue": null,
            "revenue_4q": null,
            "common_shares": null,
            "book_valuer_per_share": null,
            "book_valuer_per_share_4q_avg": 3.66,
            "equity": null,
            "current_ratio": null,
            "debt_ratio": null,
            "inventory_turnover_ratio": null,
            "account_receivable_turnover_ratio": null,
            "reinvestment_rate": null,
            "research_to_sale_ratio": null,
            "price_fair": 0,
            "eps_avg_yearly": 0,
            "eps_latest_yearly": 0,
            "eps_growth_yearly": 0
        },
        "20072": {
            "year_quarter": 20072,
            "year": 2007,
            "quarter": 2,
            "eps": null,
            "eps_growth_year": null,
            "eps_4q": null,
            "eps_4q_growth_year": null,
            "roe": null,
            "roe_4q": 0,
            "gross_profit": null,
            "gross_margin": null,
            "gross_margin_4q_avg": 0,
            "net_income": null,
            "net_income_4q": null,
            "revenue": null,
            "revenue_4q": null,
            "common_shares": null,
            "book_valuer_per_share": null,
            "book_valuer_per_share_4q_avg": 3.66,
            "equity": null,
            "current_ratio": null,
            "debt_ratio": null,
            "inventory_turnover_ratio": null,
            "account_receivable_turnover_ratio": null,
            "reinvestment_rate": null,
            "research_to_sale_ratio": null,
            "price_fair": 0,
            "eps_avg_yearly": 0,
            "eps_latest_yearly": 0,
            "eps_growth_yearly": 0
        },
        "20073": {
            "year_quarter": 20073,
            "year": 2007,
            "quarter": 3,
            "eps": null,
            "eps_growth_year": null,
            "eps_4q": null,
            "eps_4q_growth_year": null,
            "roe": null,
            "roe_4q": 0,
            "gross_profit": null,
            "gross_margin": null,
            "gross_margin_4q_avg": 0,
            "net_income": null,
            "net_income_4q": null,
            "revenue": null,
            "revenue_4q": null,
            "common_shares": null,
            "book_valuer_per_share": null,
            "book_valuer_per_share_4q_avg": 3.66,
            "equity": null,
            "current_ratio": null,
            "debt_ratio": null,
            "inventory_turnover_ratio": null,
            "account_receivable_turnover_ratio": null,
            "reinvestment_rate": null,
            "research_to_sale_ratio": null,
            "price_fair": 0,
            "eps_avg_yearly": 0,
            "eps_latest_yearly": 0,
            "eps_growth_yearly": 0
        },
        "20074": {
            "year_quarter": 20074,
            "year": 2007,
            "quarter": 4,
            "eps": null,
            "eps_growth_year": null,
            "eps_4q": null,
            "eps_4q_growth_year": null,
            "roe": null,
            "roe_4q": 0,
            "gross_profit": null,
            "gross_margin": null,
            "gross_margin_4q_avg": 0,
            "net_income": null,
            "net_income_4q": null,
            "revenue": null,
            "revenue_4q": null,
            "common_shares": 423030,
            "book_valuer_per_share": 16.5,
            "book_valuer_per_share_4q_avg": 4.13,
            "equity": 697896,
            "current_ratio": 124.66,
            "debt_ratio": 59.55,
            "inventory_turnover_ratio": null,
            "account_receivable_turnover_ratio": null,
            "reinvestment_rate": null,
            "research_to_sale_ratio": null,
            "price_fair": 0,
            "eps_avg_yearly": 0,
            "eps_latest_yearly": 0,
            "eps_growth_yearly": 0
        },
        "20081": {
            "year_quarter": 20081,
            "year": 2008,
            "quarter": 1,
            "eps": null,
            "eps_growth_year": null,
            "eps_4q": null,
            "eps_4q_growth_year": null,
            "roe": null,
            "roe_4q": 0,
            "gross_profit": null,
            "gross_margin": null,
            "gross_margin_4q_avg": 0,
            "net_income": null,
            "net_income_4q": null,
            "revenue": null,
            "revenue_4q": null,
            "common_shares": null,
            "book_valuer_per_share": null,
            "book_valuer_per_share_4q_avg": 4.13,
            "equity": null,
            "current_ratio": null,
            "debt_ratio": null,
            "inventory_turnover_ratio": null,
            "account_receivable_turnover_ratio": null,
            "reinvestment_rate": null,
            "research_to_sale_ratio": null,
            "price_fair": 0,
            "eps_avg_yearly": 0,
            "eps_latest_yearly": 0,
            "eps_growth_yearly": 0
        },
        "20082": {
            "year_quarter": 20082,
            "year": 2008,
            "quarter": 2,
            "eps": null,
            "eps_growth_year": null,
            "eps_4q": null,
            "eps_4q_growth_year": null,
            "roe": null,
            "roe_4q": 0,
            "gross_profit": null,
            "gross_margin": null,
            "gross_margin_4q_avg": 0,
            "net_income": null,
            "net_income_4q": null,
            "revenue": null,
            "revenue_4q": null,
            "common_shares": null,
            "book_valuer_per_share": null,
            "book_valuer_per_share_4q_avg": 4.13,
            "equity": null,
            "current_ratio": null,
            "debt_ratio": null,
            "inventory_turnover_ratio": null,
            "account_receivable_turnover_ratio": null,
            "reinvestment_rate": null,
            "research_to_sale_ratio": null,
            "price_fair": 0,
            "eps_avg_yearly": 0,
            "eps_latest_yearly": 0,
            "eps_growth_yearly": 0
        },
        "20083": {
            "year_quarter": 20083,
            "year": 2008,
            "quarter": 3,
            "eps": null,
            "eps_growth_year": null,
            "eps_4q": null,
            "eps_4q_growth_year": null,
            "roe": null,
            "roe_4q": 0,
            "gross_profit": null,
            "gross_margin": null,
            "gross_margin_4q_avg": 0,
            "net_income": null,
            "net_income_4q": null,
            "revenue": null,
            "revenue_4q": null,
            "common_shares": null,
            "book_valuer_per_share": null,
            "book_valuer_per_share_4q_avg": 4.13,
            "equity": null,
            "current_ratio": null,
            "debt_ratio": null,
            "inventory_turnover_ratio": null,
            "account_receivable_turnover_ratio": null,
            "reinvestment_rate": null,
            "research_to_sale_ratio": null,
            "price_fair": 0,
            "eps_avg_yearly": 0,
            "eps_latest_yearly": 0,
            "eps_growth_yearly": 0
        },
        "20084": {
            "year_quarter": 20084,
            "year": 2008,
            "quarter": 4,
            "eps": null,
            "eps_growth_year": null,
            "eps_4q": null,
            "eps_4q_growth_year": null,
            "roe": null,
            "roe_4q": 0,
            "gross_profit": null,
            "gross_margin": null,
            "gross_margin_4q_avg": 0,
            "net_income": null,
            "net_income_4q": null,
            "revenue": null,
            "revenue_4q": null,
            "common_shares": 423030,
            "book_valuer_per_share": 18.12,
            "book_valuer_per_share_4q_avg": 4.53,
            "equity": 766637,
            "current_ratio": 77.8,
            "debt_ratio": 66.08,
            "inventory_turnover_ratio": null,
            "account_receivable_turnover_ratio": null,
            "reinvestment_rate": null,
            "research_to_sale_ratio": null,
            "price_fair": 0,
            "eps_avg_yearly": 0,
            "eps_latest_yearly": 0,
            "eps_growth_yearly": 0
        },
        "20091": {
            "year_quarter": 20091,
            "year": 2009,
            "quarter": 1,
            "eps": null,
            "eps_growth_year": null,
            "eps_4q": null,
            "eps_4q_growth_year": null,
            "roe": null,
            "roe_4q": 0,
            "gross_profit": null,
            "gross_margin": null,
            "gross_margin_4q_avg": 0,
            "net_income": null,
            "net_income_4q": null,
            "revenue": null,
            "revenue_4q": null,
            "common_shares": null,
            "book_valuer_per_share": null,
            "book_valuer_per_share_4q_avg": 4.53,
            "equity": null,
            "current_ratio": null,
            "debt_ratio": null,
            "inventory_turnover_ratio": null,
            "account_receivable_turnover_ratio": null,
            "reinvestment_rate": null,
            "research_to_sale_ratio": null,
            "price_fair": 0,
            "eps_avg_yearly": 0,
            "eps_latest_yearly": 0,
            "eps_growth_yearly": 0
        },
        "20092": {
            "year_quarter": 20092,
            "year": 2009,
            "quarter": 2,
            "eps": null,
            "eps_growth_year": null,
            "eps_4q": null,
            "eps_4q_growth_year": null,
            "roe": null,
            "roe_4q": 0,
            "gross_profit": null,
            "gross_margin": null,
            "gross_margin_4q_avg": 0,
            "net_income": null,
            "net_income_4q": null,
            "revenue": null,
            "revenue_4q": null,
            "common_shares": 423030,
            "book_valuer_per_share": null,
            "book_valuer_per_share_4q_avg": 4.53,
            "equity": 763703,
            "current_ratio": null,
            "debt_ratio": null,
            "inventory_turnover_ratio": null,
            "account_receivable_turnover_ratio": null,
            "reinvestment_rate": null,
            "research_to_sale_ratio": null,
            "price_fair": 0,
            "eps_avg_yearly": 0,
            "eps_latest_yearly": 0,
            "eps_growth_yearly": 0
        },
        "20093": {
            "year_quarter": 20093,
            "year": 2009,
            "quarter": 3,
            "eps": null,
            "eps_growth_year": null,
            "eps_4q": null,
            "eps_4q_growth_year": null,
            "roe": null,
            "roe_4q": 0,
            "gross_profit": null,
            "gross_margin": null,
            "gross_margin_4q_avg": 0,
            "net_income": null,
            "net_income_4q": null,
            "revenue": null,
            "revenue_4q": null,
            "common_shares": null,
            "book_valuer_per_share": null,
            "book_valuer_per_share_4q_avg": 4.53,
            "equity": null,
            "current_ratio": null,
            "debt_ratio": null,
            "inventory_turnover_ratio": null,
            "account_receivable_turnover_ratio": null,
            "reinvestment_rate": null,
            "research_to_sale_ratio": null,
            "price_fair": 0,
            "eps_avg_yearly": 0,
            "eps_latest_yearly": 0,
            "eps_growth_yearly": 0
        },
        "20094": {
            "year_quarter": 20094,
            "year": 2009,
            "quarter": 4,
            "eps": null,
            "eps_growth_year": null,
            "eps_4q": null,
            "eps_4q_growth_year": null,
            "roe": null,
            "roe_4q": 0,
            "gross_profit": null,
            "gross_margin": null,
            "gross_margin_4q_avg": 0,
            "net_income": null,
            "net_income_4q": null,
            "revenue": null,
            "revenue_4q": null,
            "common_shares": 468000,
            "book_valuer_per_share": 16.77,
            "book_valuer_per_share_4q_avg": 4.19,
            "equity": 784618,
            "current_ratio": 114.61,
            "debt_ratio": 68.14,
            "inventory_turnover_ratio": null,
            "account_receivable_turnover_ratio": null,
            "reinvestment_rate": null,
            "research_to_sale_ratio": null,
            "price_fair": 0,
            "eps_avg_yearly": 0,
            "eps_latest_yearly": 0,
            "eps_growth_yearly": 0
        },
        "20101": {
            "year_quarter": 20101,
            "year": 2010,
            "quarter": 1,
            "eps": null,
            "eps_growth_year": null,
            "eps_4q": null,
            "eps_4q_growth_year": null,
            "roe": null,
            "roe_4q": 0,
            "gross_profit": null,
            "gross_margin": null,
            "gross_margin_4q_avg": 0,
            "net_income": null,
            "net_income_4q": null,
            "revenue": null,
            "revenue_4q": null,
            "common_shares": null,
            "book_valuer_per_share": null,
            "book_valuer_per_share_4q_avg": 4.19,
            "equity": null,
            "current_ratio": null,
            "debt_ratio": null,
            "inventory_turnover_ratio": null,
            "account_receivable_turnover_ratio": null,
            "reinvestment_rate": null,
            "research_to_sale_ratio": null,
            "price_fair": 0,
            "eps_avg_yearly": 0,
            "eps_latest_yearly": 0,
            "eps_growth_yearly": 0
        },
        "20102": {
            "year_quarter": 20102,
            "year": 2010,
            "quarter": 2,
            "eps": null,
            "eps_growth_year": null,
            "eps_4q": null,
            "eps_4q_growth_year": null,
            "roe": null,
            "roe_4q": 0,
            "gross_profit": null,
            "gross_margin": null,
            "gross_margin_4q_avg": 0,
            "net_income": null,
            "net_income_4q": null,
            "revenue": null,
            "revenue_4q": null,
            "common_shares": 468000,
            "book_valuer_per_share": 17.45,
            "book_valuer_per_share_4q_avg": 8.56,
            "equity": 816811,
            "current_ratio": 105.19,
            "debt_ratio": 70.03,
            "inventory_turnover_ratio": null,
            "account_receivable_turnover_ratio": null,
            "reinvestment_rate": null,
            "research_to_sale_ratio": null,
            "price_fair": 0,
            "eps_avg_yearly": 0,
            "eps_latest_yearly": 0,
            "eps_growth_yearly": 0
        },
        "20103": {
            "year_quarter": 20103,
            "year": 2010,
            "quarter": 3,
            "eps": null,
            "eps_growth_year": null,
            "eps_4q": null,
            "eps_4q_growth_year": null,
            "roe": null,
            "roe_4q": 0,
            "gross_profit": null,
            "gross_margin": null,
            "gross_margin_4q_avg": 0,
            "net_income": null,
            "net_income_4q": null,
            "revenue": null,
            "revenue_4q": null,
            "common_shares": null,
            "book_valuer_per_share": null,
            "book_valuer_per_share_4q_avg": 8.56,
            "equity": null,
            "current_ratio": null,
            "debt_ratio": null,
            "inventory_turnover_ratio": null,
            "account_receivable_turnover_ratio": null,
            "reinvestment_rate": null,
            "research_to_sale_ratio": null,
            "price_fair": 0,
            "eps_avg_yearly": 0,
            "eps_latest_yearly": 0,
            "eps_growth_yearly": 0
        },
        "20104": {
            "year_quarter": 20104,
            "year": 2010,
            "quarter": 4,
            "eps": null,
            "eps_growth_year": null,
            "eps_4q": null,
            "eps_4q_growth_year": null,
            "roe": null,
            "roe_4q": 0,
            "gross_profit": null,
            "gross_margin": null,
            "gross_margin_4q_avg": 0,
            "net_income": null,
            "net_income_4q": null,
            "revenue": null,
            "revenue_4q": null,
            "common_shares": 528000,
            "book_valuer_per_share": 13.98,
            "book_valuer_per_share_4q_avg": 7.86,
            "equity": 738097,
            "current_ratio": 120.21,
            "debt_ratio": 71.3,
            "inventory_turnover_ratio": null,
            "account_receivable_turnover_ratio": null,
            "reinvestment_rate": null,
            "research_to_sale_ratio": null,
            "price_fair": 0,
            "eps_avg_yearly": 0,
            "eps_latest_yearly": 0,
            "eps_growth_yearly": 0
        },
        "20111": {
            "year_quarter": 20111,
            "year": 2011,
            "quarter": 1,
            "eps": null,
            "eps_growth_year": null,
            "eps_4q": null,
            "eps_4q_growth_year": null,
            "roe": null,
            "roe_4q": 0,
            "gross_profit": null,
            "gross_margin": null,
            "gross_margin_4q_avg": 0,
            "net_income": null,
            "net_income_4q": null,
            "revenue": null,
            "revenue_4q": null,
            "common_shares": null,
            "book_valuer_per_share": null,
            "book_valuer_per_share_4q_avg": 7.86,
            "equity": null,
            "current_ratio": null,
            "debt_ratio": null,
            "inventory_turnover_ratio": null,
            "account_receivable_turnover_ratio": null,
            "reinvestment_rate": null,
            "research_to_sale_ratio": null,
            "price_fair": 0,
            "eps_avg_yearly": 0,
            "eps_latest_yearly": 0,
            "eps_growth_yearly": 0
        },
        "20112": {
            "year_quarter": 20112,
            "year": 2011,
            "quarter": 2,
            "eps": null,
            "eps_growth_year": null,
            "eps_4q": null,
            "eps_4q_growth_year": null,
            "roe": null,
            "roe_4q": 0,
            "gross_profit": null,
            "gross_margin": null,
            "gross_margin_4q_avg": 0,
            "net_income": null,
            "net_income_4q": null,
            "revenue": null,
            "revenue_4q": null,
            "common_shares": 528000,
            "book_valuer_per_share": 14.55,
            "book_valuer_per_share_4q_avg": 7.13,
            "equity": 768116,
            "current_ratio": 128.81,
            "debt_ratio": 72.51,
            "inventory_turnover_ratio": null,
            "account_receivable_turnover_ratio": null,
            "reinvestment_rate": null,
            "research_to_sale_ratio": null,
            "price_fair": 0,
            "eps_avg_yearly": 0,
            "eps_latest_yearly": 0,
            "eps_growth_yearly": 0
        },
        "20113": {
            "year_quarter": 20113,
            "year": 2011,
            "quarter": 3,
            "eps": null,
            "eps_growth_year": null,
            "eps_4q": null,
            "eps_4q_growth_year": null,
            "roe": null,
            "roe_4q": 0,
            "gross_profit": 75699,
            "gross_margin": null,
            "gross_margin_4q_avg": 0,
            "net_income": 46774,
            "net_income_4q": null,
            "revenue": 608973,
            "revenue_4q": null,
            "common_shares": 600000,
            "book_valuer_per_share": 13.58,
            "book_valuer_per_share_4q_avg": 10.53,
            "equity": 814890,
            "current_ratio": 91.8,
            "debt_ratio": 59.36,
            "inventory_turnover_ratio": null,
            "account_receivable_turnover_ratio": null,
            "reinvestment_rate": null,
            "research_to_sale_ratio": null,
            "price_fair": 0,
            "eps_avg_yearly": 0,
            "eps_latest_yearly": 0,
            "eps_growth_yearly": 0
        },
        "20114": {
            "year_quarter": 20114,
            "year": 2011,
            "quarter": 4,
            "eps": null,
            "eps_growth_year": null,
            "eps_4q": null,
            "eps_4q_growth_year": null,
            "roe": null,
            "roe_4q": 0,
            "gross_profit": 83377,
            "gross_margin": null,
            "gross_margin_4q_avg": 0,
            "net_income": 58603,
            "net_income_4q": null,
            "revenue": 573152,
            "revenue_4q": null,
            "common_shares": 600000,
            "book_valuer_per_share": 15.49,
            "book_valuer_per_share_4q_avg": 10.91,
            "equity": 929695,
            "current_ratio": 130.2,
            "debt_ratio": 66.9,
            "inventory_turnover_ratio": null,
            "account_receivable_turnover_ratio": null,
            "reinvestment_rate": null,
            "research_to_sale_ratio": null,
            "price_fair": 0,
            "eps_avg_yearly": 0,
            "eps_latest_yearly": 0,
            "eps_growth_yearly": 0
        },
        "20121": {
            "year_quarter": 20121,
            "year": 2012,
            "quarter": 1,
            "eps": null,
            "eps_growth_year": null,
            "eps_4q": null,
            "eps_4q_growth_year": null,
            "roe": null,
            "roe_4q": 0,
            "gross_profit": 126787,
            "gross_margin": null,
            "gross_margin_4q_avg": 0,
            "net_income": 32419,
            "net_income_4q": null,
            "revenue": 835088,
            "revenue_4q": null,
            "common_shares": 600000,
            "book_valuer_per_share": null,
            "book_valuer_per_share_4q_avg": 10.91,
            "equity": 924367,
            "current_ratio": null,
            "debt_ratio": null,
            "inventory_turnover_ratio": null,
            "account_receivable_turnover_ratio": null,
            "reinvestment_rate": null,
            "research_to_sale_ratio": null,
            "price_fair": 0,
            "eps_avg_yearly": 0,
            "eps_latest_yearly": 0,
            "eps_growth_yearly": 0
        },
        "20122": {
            "year_quarter": 20122,
            "year": 2012,
            "quarter": 2,
            "eps": null,
            "eps_growth_year": null,
            "eps_4q": null,
            "eps_4q_growth_year": null,
            "roe": null,
            "roe_4q": 0,
            "gross_profit": 189220,
            "gross_margin": null,
            "gross_margin_4q_avg": 0,
            "net_income": 63058,
            "net_income_4q": null,
            "revenue": 967066,
            "revenue_4q": null,
            "common_shares": 600000,
            "book_valuer_per_share": 16.46,
            "book_valuer_per_share_4q_avg": 11.38,
            "equity": 987745,
            "current_ratio": 82.29,
            "debt_ratio": 64.26,
            "inventory_turnover_ratio": null,
            "account_receivable_turnover_ratio": null,
            "reinvestment_rate": null,
            "research_to_sale_ratio": null,
            "price_fair": 0,
            "eps_avg_yearly": 0,
            "eps_latest_yearly": 0,
            "eps_growth_yearly": 0
        },
        "20123": {
            "year_quarter": 20123,
            "year": 2012,
            "quarter": 3,
            "eps": 0.63,
            "eps_growth_year": null,
            "eps_4q": 0.63,
            "eps_4q_growth_year": null,
            "roe": 3.8,
            "roe_4q": 3.8,
            "gross_profit": -75620,
            "gross_margin": 51.23,
            "gross_margin_4q_avg": 12.81,
            "net_income": 40942,
            "net_income_4q": null,
            "revenue": -147613,
            "revenue_4q": null,
            "common_shares": 645000,
            "book_valuer_per_share": 0,
            "book_valuer_per_share_4q_avg": 7.99,
            "equity": 1166773,
            "current_ratio": 109.88,
            "debt_ratio": 63.32,
            "inventory_turnover_ratio": -0.16,
            "account_receivable_turnover_ratio": -0.35,
            "reinvestment_rate": null,
            "research_to_sale_ratio": -0.95,
            "price_fair": 0,
            "eps_avg_yearly": 0,
            "eps_latest_yearly": 0,
            "eps_growth_yearly": 0
        },
        "20124": {
            "year_quarter": 20124,
            "year": 2012,
            "quarter": 4,
            "eps": 0.94,
            "eps_growth_year": null,
            "eps_4q": 1.57,
            "eps_4q_growth_year": null,
            "roe": 5.06,
            "roe_4q": 8.86,
            "gross_profit": 438449,
            "gross_margin": 21.43,
            "gross_margin_4q_avg": 18.17,
            "net_income": 60577,
            "net_income_4q": null,
            "revenue": 2046079,
            "revenue_4q": null,
            "common_shares": 645000,
            "book_valuer_per_share": 19.04,
            "book_valuer_per_share_4q_avg": 8.88,
            "equity": 1227960,
            "current_ratio": 180.04,
            "debt_ratio": 63.23,
            "inventory_turnover_ratio": 3.48,
            "account_receivable_turnover_ratio": 4.1,
            "reinvestment_rate": null,
            "research_to_sale_ratio": 0.49,
            "price_fair": 131.6,
            "eps_avg_yearly": 3.76,
            "eps_latest_yearly": 3.76,
            "eps_growth_yearly": 196.83
        },
        "20131": {
            "year_quarter": 20131,
            "year": 2013,
            "quarter": 1,
            "eps": 0.98,
            "eps_growth_year": null,
            "eps_4q": 2.55,
            "eps_4q_growth_year": null,
            "roe": 4.97,
            "roe_4q": 13.829999999999998,
            "gross_profit": 188434,
            "gross_margin": 19.39,
            "gross_margin_4q_avg": 23.01,
            "net_income": 63097,
            "net_income_4q": null,
            "revenue": 971890,
            "revenue_4q": null,
            "common_shares": 645000,
            "book_valuer_per_share": 20.36,
            "book_valuer_per_share_4q_avg": 13.97,
            "equity": 1313140,
            "current_ratio": 149.4,
            "debt_ratio": 65.71,
            "inventory_turnover_ratio": 1.64,
            "account_receivable_turnover_ratio": 1.38,
            "reinvestment_rate": null,
            "research_to_sale_ratio": 0.55,
            "price_fair": 134.4,
            "eps_avg_yearly": 3.84,
            "eps_latest_yearly": 3.92,
            "eps_growth_yearly": 106.92
        },
        "20132": {
            "year_quarter": 20132,
            "year": 2013,
            "quarter": 2,
            "eps": 1.1,
            "eps_growth_year": null,
            "eps_4q": 3.33,
            "eps_4q_growth_year": null,
            "roe": 5.05,
            "roe_4q": 18.88,
            "gross_profit": 253563,
            "gross_margin": 21.34,
            "gross_margin_4q_avg": 28.35,
            "net_income": 77063,
            "net_income_4q": null,
            "revenue": 1188476,
            "revenue_4q": null,
            "common_shares": 726000,
            "book_valuer_per_share": 23.92,
            "book_valuer_per_share_4q_avg": 15.83,
            "equity": 1736426,
            "current_ratio": 158.94,
            "debt_ratio": 56.94,
            "inventory_turnover_ratio": 1.79,
            "account_receivable_turnover_ratio": 1.52,
            "reinvestment_rate": null,
            "research_to_sale_ratio": 0.46,
            "price_fair": 140.93,
            "eps_avg_yearly": 4.03,
            "eps_latest_yearly": 4.4,
            "eps_growth_yearly": 87.61
        },
        "20133": {
            "year_quarter": 20133,
            "year": 2013,
            "quarter": 3,
            "eps": 1.77,
            "eps_growth_year": 178.85,
            "eps_4q": 4.47,
            "eps_4q_growth_year": 603.89,
            "roe": 6.9,
            "roe_4q": 21.979999999999997,
            "gross_profit": 216681,
            "gross_margin": 19.6,
            "gross_margin_4q_avg": 20.44,
            "net_income": 123642,
            "net_income_4q": null,
            "revenue": 1105719,
            "revenue_4q": null,
            "common_shares": 726000,
            "book_valuer_per_share": 25.48,
            "book_valuer_per_share_4q_avg": 22.2,
            "equity": 1849685,
            "current_ratio": 126.27,
            "debt_ratio": 55.52,
            "inventory_turnover_ratio": 1.59,
            "account_receivable_turnover_ratio": 1.34,
            "reinvestment_rate": null,
            "research_to_sale_ratio": 0.11,
            "price_fair": 167.65,
            "eps_avg_yearly": 4.79,
            "eps_latest_yearly": 7.08,
            "eps_growth_yearly": 126.62
        },
        "20134": {
            "year_quarter": 20134,
            "year": 2013,
            "quarter": 4,
            "eps": 1.56,
            "eps_growth_year": 65.71,
            "eps_4q": 5.19,
            "eps_4q_growth_year": 229.74,
            "roe": 5.88,
            "roe_4q": 22.8,
            "gross_profit": 244615,
            "gross_margin": 18.79,
            "gross_margin_4q_avg": 19.78,
            "net_income": 112985,
            "net_income_4q": null,
            "revenue": 1302129,
            "revenue_4q": null,
            "common_shares": 726000,
            "book_valuer_per_share": 27.5,
            "book_valuer_per_share_4q_avg": 24.32,
            "equity": 1996551,
            "current_ratio": 126.11,
            "debt_ratio": 55,
            "inventory_turnover_ratio": 1.75,
            "account_receivable_turnover_ratio": 1.55,
            "reinvestment_rate": null,
            "research_to_sale_ratio": 1.06,
            "price_fair": 177.8,
            "eps_avg_yearly": 5.08,
            "eps_latest_yearly": 6.24,
            "eps_growth_yearly": 91.8
        },
        "20141": {
            "year_quarter": 20141,
            "year": 2014,
            "quarter": 1,
            "eps": 1.34,
            "eps_growth_year": 36.73,
            "eps_4q": 5.66,
            "eps_4q_growth_year": 121.69,
            "roe": 4.75,
            "roe_4q": 22.580000000000002,
            "gross_profit": 256317,
            "gross_margin": 20.34,
            "gross_margin_4q_avg": 20.02,
            "net_income": 97085,
            "net_income_4q": null,
            "revenue": 1260034,
            "revenue_4q": null,
            "common_shares": 726000,
            "book_valuer_per_share": 28.82,
            "book_valuer_per_share_4q_avg": 26.43,
            "equity": 2092298,
            "current_ratio": 147.38,
            "debt_ratio": 53.5,
            "inventory_turnover_ratio": 1.51,
            "account_receivable_turnover_ratio": 1.41,
            "reinvestment_rate": null,
            "research_to_sale_ratio": 0.26,
            "price_fair": 179.43,
            "eps_avg_yearly": 5.13,
            "eps_latest_yearly": 5.36,
            "eps_growth_yearly": 67.1
        },
        "20142": {
            "year_quarter": 20142,
            "year": 2014,
            "quarter": 2,
            "eps": 1.49,
            "eps_growth_year": 35.45,
            "eps_4q": 6.09,
            "eps_4q_growth_year": 82.93,
            "roe": 5.3,
            "roe_4q": 22.83,
            "gross_profit": 267874,
            "gross_margin": 20.1,
            "gross_margin_4q_avg": 19.71,
            "net_income": 108395,
            "net_income_4q": null,
            "revenue": 1332870,
            "revenue_4q": null,
            "common_shares": 726000,
            "book_valuer_per_share": 27.57,
            "book_valuer_per_share_4q_avg": 27.34,
            "equity": 2001443,
            "current_ratio": 144.59,
            "debt_ratio": 54.53,
            "inventory_turnover_ratio": 1.67,
            "account_receivable_turnover_ratio": 1.42,
            "reinvestment_rate": null,
            "research_to_sale_ratio": 0.65,
            "price_fair": 183.6,
            "eps_avg_yearly": 5.25,
            "eps_latest_yearly": 5.96,
            "eps_growth_yearly": 63.91
        },
        "20143": {
            "year_quarter": 20143,
            "year": 2014,
            "quarter": 3,
            "eps": 1.34,
            "eps_growth_year": -24.29,
            "eps_4q": 5.73,
            "eps_4q_growth_year": 28.19,
            "roe": 4.69,
            "roe_4q": 20.62,
            "gross_profit": 236650,
            "gross_margin": 18.7,
            "gross_margin_4q_avg": 19.48,
            "net_income": 97347,
            "net_income_4q": null,
            "revenue": 1265508,
            "revenue_4q": null,
            "common_shares": 726000,
            "book_valuer_per_share": 29.66,
            "book_valuer_per_share_4q_avg": 28.39,
            "equity": 2153307,
            "current_ratio": 147.62,
            "debt_ratio": 51.31,
            "inventory_turnover_ratio": 1.6,
            "account_receivable_turnover_ratio": 1.28,
            "reinvestment_rate": null,
            "research_to_sale_ratio": 0.82,
            "price_fair": 184.1,
            "eps_avg_yearly": 5.26,
            "eps_latest_yearly": 5.36,
            "eps_growth_yearly": 50.89
        },
        "20144": {
            "year_quarter": 20144,
            "year": 2014,
            "quarter": 4,
            "eps": 1.62,
            "eps_growth_year": 3.84,
            "eps_4q": 5.79,
            "eps_4q_growth_year": 11.51,
            "roe": 5.22,
            "roe_4q": 19.96,
            "gross_profit": 278596,
            "gross_margin": 18.75,
            "gross_margin_4q_avg": 19.47,
            "net_income": 117325,
            "net_income_4q": null,
            "revenue": 1485579,
            "revenue_4q": null,
            "common_shares": 726000,
            "book_valuer_per_share": 32.3,
            "book_valuer_per_share_4q_avg": 29.59,
            "equity": 2345258,
            "current_ratio": 147.78,
            "debt_ratio": 52.17,
            "inventory_turnover_ratio": 1.66,
            "account_receivable_turnover_ratio": 1.4,
            "reinvestment_rate": null,
            "research_to_sale_ratio": 0.76,
            "price_fair": 188.84,
            "eps_avg_yearly": 5.4,
            "eps_latest_yearly": 6.48,
            "eps_growth_yearly": 54.52
        },
        "20151": {
            "year_quarter": 20151,
            "year": 2015,
            "quarter": 1,
            "eps": 2.08,
            "eps_growth_year": 55.22,
            "eps_4q": 6.53,
            "eps_4q_growth_year": 15.36,
            "roe": 6.26,
            "roe_4q": 21.470000000000002,
            "gross_profit": 283457,
            "gross_margin": 19.02,
            "gross_margin_4q_avg": 19.14,
            "net_income": 150792,
            "net_income_4q": null,
            "revenue": 1489941,
            "revenue_4q": null,
            "common_shares": 726000,
            "book_valuer_per_share": 34.04,
            "book_valuer_per_share_4q_avg": 30.89,
            "equity": 2471621,
            "current_ratio": 153.8,
            "debt_ratio": 52.02,
            "inventory_turnover_ratio": 1.54,
            "account_receivable_turnover_ratio": 1.29,
            "reinvestment_rate": null,
            "research_to_sale_ratio": 0.52,
            "price_fair": 199.08,
            "eps_avg_yearly": 5.69,
            "eps_latest_yearly": 8.32,
            "eps_growth_yearly": 60.43
        },
        "20152": {
            "year_quarter": 20152,
            "year": 2015,
            "quarter": 2,
            "eps": 2.19,
            "eps_growth_year": 46.98,
            "eps_4q": 7.23,
            "eps_4q_growth_year": 18.69,
            "roe": 6.55,
            "roe_4q": 22.72,
            "gross_profit": 331590,
            "gross_margin": 21.91,
            "gross_margin_4q_avg": 19.6,
            "net_income": 159271,
            "net_income_4q": null,
            "revenue": 1513101,
            "revenue_4q": null,
            "common_shares": 726000,
            "book_valuer_per_share": 32.91,
            "book_valuer_per_share_4q_avg": 32.23,
            "equity": 2389484,
            "current_ratio": 147.09,
            "debt_ratio": 53.45,
            "inventory_turnover_ratio": 1.39,
            "account_receivable_turnover_ratio": 1.25,
            "reinvestment_rate": 2.1,
            "research_to_sale_ratio": 0.45,
            "price_fair": 208.85,
            "eps_avg_yearly": 5.97,
            "eps_latest_yearly": 8.76,
            "eps_growth_yearly": 56.86
        },
        "20153": {
            "year_quarter": 20153,
            "year": 2015,
            "quarter": 3,
            "eps": 1.82,
            "eps_growth_year": 35.82,
            "eps_4q": 7.71,
            "eps_4q_growth_year": 34.58,
            "roe": 5.27,
            "roe_4q": 23.299999999999997,
            "gross_profit": 291811,
            "gross_margin": 20.34,
            "gross_margin_4q_avg": 20.01,
            "net_income": 132232,
            "net_income_4q": null,
            "revenue": 1434973,
            "revenue_4q": null,
            "common_shares": 726000,
            "book_valuer_per_share": 36.22,
            "book_valuer_per_share_4q_avg": 33.87,
            "equity": 2629354,
            "current_ratio": 162.83,
            "debt_ratio": 50.06,
            "inventory_turnover_ratio": 1.24,
            "account_receivable_turnover_ratio": 1.22,
            "reinvestment_rate": 101.31,
            "research_to_sale_ratio": 0.41,
            "price_fair": 212.68,
            "eps_avg_yearly": 6.08,
            "eps_latest_yearly": 7.28,
            "eps_growth_yearly": 46.49
        },
        "20154": {
            "year_quarter": 20154,
            "year": 2015,
            "quarter": 4,
            "eps": 1.92,
            "eps_growth_year": 18.59,
            "eps_4q": 8.01,
            "eps_4q_growth_year": 38.39,
            "roe": 5.26,
            "roe_4q": 23.339999999999996,
            "gross_profit": 289785,
            "gross_margin": 19.52,
            "gross_margin_4q_avg": 20.2,
            "net_income": 139136,
            "net_income_4q": null,
            "revenue": 1484186,
            "revenue_4q": null,
            "common_shares": 726000,
            "book_valuer_per_share": 36.69,
            "book_valuer_per_share_4q_avg": 34.97,
            "equity": 2663459,
            "current_ratio": 163.26,
            "debt_ratio": 50.54,
            "inventory_turnover_ratio": 1.23,
            "account_receivable_turnover_ratio": 1.3,
            "reinvestment_rate": -0.39,
            "research_to_sale_ratio": 0.55,
            "price_fair": 217,
            "eps_avg_yearly": 6.2,
            "eps_latest_yearly": 7.68,
            "eps_growth_yearly": 44.6
        },
        "20161": {
            "year_quarter": 20161,
            "year": 2016,
            "quarter": 1,
            "eps": 1.61,
            "eps_growth_year": -22.6,
            "eps_4q": 7.54,
            "eps_4q_growth_year": 15.51,
            "roe": 4.3,
            "roe_4q": 21.38,
            "gross_profit": 271712,
            "gross_margin": 18.91,
            "gross_margin_4q_avg": 20.17,
            "net_income": 116710,
            "net_income_4q": null,
            "revenue": 1436784,
            "revenue_4q": null,
            "common_shares": 726000,
            "book_valuer_per_share": 38.11,
            "book_valuer_per_share_4q_avg": 35.98,
            "equity": 2766782,
            "current_ratio": 164.83,
            "debt_ratio": 46.96,
            "inventory_turnover_ratio": 1.19,
            "account_receivable_turnover_ratio": 1.26,
            "reinvestment_rate": 55.34,
            "research_to_sale_ratio": 0.4,
            "price_fair": 217.6,
            "eps_avg_yearly": 6.22,
            "eps_latest_yearly": 6.44,
            "eps_growth_yearly": 36.8
        },
        "20162": {
            "year_quarter": 20162,
            "year": 2016,
            "quarter": 2,
            "eps": 1.9,
            "eps_growth_year": -13.24,
            "eps_4q": 7.24,
            "eps_4q_growth_year": 0.23,
            "roe": 5.19,
            "roe_4q": 20.02,
            "gross_profit": 292231,
            "gross_margin": 19.1,
            "gross_margin_4q_avg": 19.47,
            "net_income": 137846,
            "net_income_4q": null,
            "revenue": 1529977,
            "revenue_4q": null,
            "common_shares": 726000,
            "book_valuer_per_share": 35.05,
            "book_valuer_per_share_4q_avg": 36.52,
            "equity": 2544846,
            "current_ratio": 134.05,
            "debt_ratio": 51.99,
            "inventory_turnover_ratio": 1.28,
            "account_receivable_turnover_ratio": 1.36,
            "reinvestment_rate": -20.49,
            "research_to_sale_ratio": 0.45,
            "price_fair": 220.83,
            "eps_avg_yearly": 6.31,
            "eps_latest_yearly": 7.6,
            "eps_growth_yearly": 39.15
        },
        "20163": {
            "year_quarter": 20163,
            "year": 2016,
            "quarter": 3,
            "eps": 2.01,
            "eps_growth_year": 10.44,
            "eps_4q": 7.44,
            "eps_4q_growth_year": -3.49,
            "roe": 5.7,
            "roe_4q": 20.450000000000003,
            "gross_profit": 289555,
            "gross_margin": 19.31,
            "gross_margin_4q_avg": 19.21,
            "net_income": 146400,
            "net_income_4q": null,
            "revenue": 1499129,
            "revenue_4q": null,
            "common_shares": 726000,
            "book_valuer_per_share": 35.7,
            "book_valuer_per_share_4q_avg": 36.39,
            "equity": 2591643,
            "current_ratio": 167.39,
            "debt_ratio": 48.74,
            "inventory_turnover_ratio": 1.26,
            "account_receivable_turnover_ratio": 1.29,
            "reinvestment_rate": -35.26,
            "research_to_sale_ratio": 0.41,
            "price_fair": 224.61,
            "eps_avg_yearly": 6.42,
            "eps_latest_yearly": 8.04,
            "eps_growth_yearly": 38.15
        },
        "20164": {
            "year_quarter": 20164,
            "year": 2016,
            "quarter": 4,
            "eps": 2.5,
            "eps_growth_year": 30.38,
            "eps_4q": 8.02,
            "eps_4q_growth_year": 0.16,
            "roe": 6.83,
            "roe_4q": 22.020000000000003,
            "gross_profit": 320798,
            "gross_margin": 19.75,
            "gross_margin_4q_avg": 19.27,
            "net_income": 181411,
            "net_income_4q": null,
            "revenue": 1624500,
            "revenue_4q": null,
            "common_shares": 726000,
            "book_valuer_per_share": 37.49,
            "book_valuer_per_share_4q_avg": 36.59,
            "equity": 2721611,
            "current_ratio": 169.04,
            "debt_ratio": 49.46,
            "inventory_turnover_ratio": 1.38,
            "account_receivable_turnover_ratio": 1.3,
            "reinvestment_rate": -50.99,
            "research_to_sale_ratio": 0.67,
            "price_fair": 238.26,
            "eps_avg_yearly": 6.81,
            "eps_latest_yearly": 10,
            "eps_growth_yearly": 31.95
        },
        "20171": {
            "year_quarter": 20171,
            "year": 2017,
            "quarter": 1,
            "eps": 1.84,
            "eps_growth_year": 14.29,
            "eps_4q": 8.25,
            "eps_4q_growth_year": 9.49,
            "roe": 4.92,
            "roe_4q": 22.64,
            "gross_profit": 267094,
            "gross_margin": 17.77,
            "gross_margin_4q_avg": 18.98,
            "net_income": 133618,
            "net_income_4q": null,
            "revenue": 1502743,
            "revenue_4q": null,
            "common_shares": 726000,
            "book_valuer_per_share": 37.39,
            "book_valuer_per_share_4q_avg": 36.41,
            "equity": 2714315,
            "current_ratio": 169.44,
            "debt_ratio": 50.67,
            "inventory_turnover_ratio": 1.38,
            "account_receivable_turnover_ratio": 1.18,
            "reinvestment_rate": 26.64,
            "research_to_sale_ratio": 0.79,
            "price_fair": 240.74,
            "eps_avg_yearly": 7.02,
            "eps_latest_yearly": 7.36,
            "eps_growth_yearly": 24.28
        },
        "20172": {
            "year_quarter": 20172,
            "year": 2017,
            "quarter": 2,
            "eps": 1.56,
            "eps_growth_year": -17.89,
            "eps_4q": 7.92,
            "eps_4q_growth_year": 9.28,
            "roe": 4.32,
            "roe_4q": 21.77,
            "gross_profit": 311697,
            "gross_margin": 19.52,
            "gross_margin_4q_avg": 19.09,
            "net_income": 113275,
            "net_income_4q": null,
            "revenue": 1596983,
            "revenue_4q": null,
            "common_shares": 726000,
            "book_valuer_per_share": 34.85,
            "book_valuer_per_share_4q_avg": 36.36,
            "equity": 2530093,
            "current_ratio": 138.47,
            "debt_ratio": 58.89,
            "inventory_turnover_ratio": 1.5,
            "account_receivable_turnover_ratio": 1.24,
            "reinvestment_rate": 39.68,
            "research_to_sale_ratio": 0.37,
            "price_fair": 195.68,
            "eps_avg_yearly": 7.14,
            "eps_latest_yearly": 6.24,
            "eps_growth_yearly": 17.42
        },
        "20173": {
            "year_quarter": 20173,
            "year": 2017,
            "quarter": 3,
            "eps": 1.87,
            "eps_growth_year": -6.97,
            "eps_4q": 7.77,
            "eps_4q_growth_year": 4.44,
            "roe": 5.18,
            "roe_4q": 21.25,
            "gross_profit": 320471,
            "gross_margin": 19.33,
            "gross_margin_4q_avg": 19.09,
            "net_income": 135752,
            "net_income_4q": null,
            "revenue": 1658268,
            "revenue_4q": null,
            "common_shares": 726000,
            "book_valuer_per_share": 37.32,
            "book_valuer_per_share_4q_avg": 36.76,
            "equity": 2709392,
            "current_ratio": 149.93,
            "debt_ratio": 57.25,
            "inventory_turnover_ratio": 1.53,
            "account_receivable_turnover_ratio": 1.22,
            "reinvestment_rate": 11.05,
            "research_to_sale_ratio": 0.57,
            "price_fair": 122.89,
            "eps_avg_yearly": 7.16,
            "eps_latest_yearly": 7.48,
            "eps_growth_yearly": 7.16
        },
        "20174": {
            "year_quarter": 20174,
            "year": 2017,
            "quarter": 4,
            "eps": 2.19,
            "eps_growth_year": -12.5,
            "eps_4q": 7.46,
            "eps_4q_growth_year": -7.04,
            "roe": 5.69,
            "roe_4q": 20.11,
            "gross_profit": 331389,
            "gross_margin": 19.77,
            "gross_margin_4q_avg": 19.1,
            "net_income": 158732,
            "net_income_4q": null,
            "revenue": 1675826,
            "revenue_4q": null,
            "common_shares": 726000,
            "book_valuer_per_share": 39.58,
            "book_valuer_per_share_4q_avg": 37.29,
            "equity": 2873348,
            "current_ratio": 150.06,
            "debt_ratio": 57.46,
            "inventory_turnover_ratio": 1.45,
            "account_receivable_turnover_ratio": 1.21,
            "reinvestment_rate": 15.59,
            "research_to_sale_ratio": 0.39,
            "price_fair": 178.61,
            "eps_avg_yearly": 7.32,
            "eps_latest_yearly": 8.76,
            "eps_growth_yearly": 14.4
        },
        "20181": {
            "year_quarter": 20181,
            "year": 2018,
            "quarter": 1,
            "eps": 1.37,
            "eps_growth_year": -25.54,
            "eps_4q": 6.99,
            "eps_4q_growth_year": -15.37,
            "roe": 3.37,
            "roe_4q": 18.560000000000002,
            "gross_profit": 278238,
            "gross_margin": 16.91,
            "gross_margin_4q_avg": 18.88,
            "net_income": 99379,
            "net_income_4q": null,
            "revenue": 1645612,
            "revenue_4q": null,
            "common_shares": 726000,
            "book_valuer_per_share": 41.73,
            "book_valuer_per_share_4q_avg": 38.37,
            "equity": 3029320,
            "current_ratio": 137.93,
            "debt_ratio": 55.74,
            "inventory_turnover_ratio": 1.51,
            "account_receivable_turnover_ratio": 1.15,
            "reinvestment_rate": 19.91,
            "research_to_sale_ratio": 0.43,
            "price_fair": 136.04,
            "eps_avg_yearly": 7.33,
            "eps_latest_yearly": 5.48,
            "eps_growth_yearly": 8.57
        },
        "20182": {
            "year_quarter": 20182,
            "year": 2018,
            "quarter": 2,
            "eps": 2.39,
            "eps_growth_year": 53.21,
            "eps_4q": 7.82,
            "eps_4q_growth_year": -1.22,
            "roe": 5.92,
            "roe_4q": 20.16,
            "gross_profit": 335438,
            "gross_margin": 19.35,
            "gross_margin_4q_avg": 18.84,
            "net_income": 173822,
            "net_income_4q": null,
            "revenue": 1733452,
            "revenue_4q": null,
            "common_shares": 726000,
            "book_valuer_per_share": 39.11,
            "book_valuer_per_share_4q_avg": 39.44,
            "equity": 2839678,
            "current_ratio": 116.2,
            "debt_ratio": 61.06,
            "inventory_turnover_ratio": 1.6,
            "account_receivable_turnover_ratio": 1.18,
            "reinvestment_rate": 24.55,
            "research_to_sale_ratio": 0.44,
            "price_fair": 259.66,
            "eps_avg_yearly": 7.55,
            "eps_latest_yearly": 9.56,
            "eps_growth_yearly": 24.38
        },
        "20183": {
            "year_quarter": 20183,
            "year": 2018,
            "quarter": 3,
            "eps": 2.43,
            "eps_growth_year": 29.95,
            "eps_4q": 8.38,
            "eps_4q_growth_year": 7.92,
            "roe": 6.16,
            "roe_4q": 21.14,
            "gross_profit": 320355,
            "gross_margin": 20.02,
            "gross_margin_4q_avg": 19.01,
            "net_income": 176772,
            "net_income_4q": null,
            "revenue": 1600342,
            "revenue_4q": null,
            "common_shares": 726000,
            "book_valuer_per_share": 39.89,
            "book_valuer_per_share_4q_avg": 40.08,
            "equity": 2895975,
            "current_ratio": 153.41,
            "debt_ratio": 62.18,
            "inventory_turnover_ratio": 1.4,
            "account_receivable_turnover_ratio": 1.11,
            "reinvestment_rate": 21.55,
            "research_to_sale_ratio": 0.47,
            "price_fair": 273.88,
            "eps_avg_yearly": 7.83,
            "eps_latest_yearly": 9.72,
            "eps_growth_yearly": 27.32
        },
        "20184": {
            "year_quarter": 20184,
            "year": 2018,
            "quarter": 4,
            "eps": 1.97,
            "eps_growth_year": -10.04,
            "eps_4q": 8.16,
            "eps_4q_growth_year": 9.49,
            "roe": 4.79,
            "roe_4q": 20.24,
            "gross_profit": 341717,
            "gross_margin": 18.91,
            "gross_margin_4q_avg": 18.8,
            "net_income": 142793,
            "net_income_4q": null,
            "revenue": 1806932,
            "revenue_4q": null,
            "common_shares": 726000,
            "book_valuer_per_share": 42.23,
            "book_valuer_per_share_4q_avg": 40.74,
            "equity": 3066003,
            "current_ratio": 146.41,
            "debt_ratio": 62.24,
            "inventory_turnover_ratio": 1.51,
            "account_receivable_turnover_ratio": 1.26,
            "reinvestment_rate": 22.98,
            "research_to_sale_ratio": 0.41,
            "price_fair": 216.48,
            "eps_avg_yearly": 7.91,
            "eps_latest_yearly": 7.88,
            "eps_growth_yearly": 17.36
        },
        "20191": {
            "year_quarter": 20191,
            "year": 2019,
            "quarter": 1,
            "eps": 1.58,
            "eps_growth_year": 15.33,
            "eps_4q": 8.38,
            "eps_4q_growth_year": 19.91,
            "roe": 3.63,
            "roe_4q": 20.5,
            "gross_profit": 269756,
            "gross_margin": 16.78,
            "gross_margin_4q_avg": 18.77,
            "net_income": 114708,
            "net_income_4q": null,
            "revenue": 1607690,
            "revenue_4q": null,
            "common_shares": 726000,
            "book_valuer_per_share": 44.93,
            "book_valuer_per_share_4q_avg": 41.54,
            "equity": 3261594,
            "current_ratio": 147.64,
            "debt_ratio": 62.17,
            "inventory_turnover_ratio": 1.33,
            "account_receivable_turnover_ratio": 1.17,
            "reinvestment_rate": 26.96,
            "research_to_sale_ratio": 0.6,
            "price_fair": 119.24,
            "eps_avg_yearly": 7.79,
            "eps_latest_yearly": 6.32,
            "eps_growth_yearly": 5.31
        },
        "20192": {
            "year_quarter": 20192,
            "year": 2019,
            "quarter": 2,
            "eps": 1.27,
            "eps_growth_year": -46.86,
            "eps_4q": 7.25,
            "eps_4q_growth_year": -7.27,
            "roe": 2.96,
            "roe_4q": 17.54,
            "gross_profit": 298275,
            "gross_margin": 18.16,
            "gross_margin_4q_avg": 18.47,
            "net_income": 92126,
            "net_income_4q": null,
            "revenue": 1642889,
            "revenue_4q": null,
            "common_shares": 726000,
            "book_valuer_per_share": 40.68,
            "book_valuer_per_share_4q_avg": 41.93,
            "equity": 2953025,
            "current_ratio": 118.02,
            "debt_ratio": 66.37,
            "inventory_turnover_ratio": 1.47,
            "account_receivable_turnover_ratio": 1.25,
            "reinvestment_rate": 28.75,
            "research_to_sale_ratio": 0.57,
            "price_fair": 22.67,
            "eps_avg_yearly": 7.56,
            "eps_latest_yearly": 5.08,
            "eps_growth_yearly": -0.92
        },
        "20193": {
            "year_quarter": 20193,
            "year": 2019,
            "quarter": 3,
            "eps": 2.22,
            "eps_growth_year": -8.64,
            "eps_4q": 7.04,
            "eps_4q_growth_year": -16.04,
            "roe": 5.43,
            "roe_4q": 16.81,
            "gross_profit": 317245,
            "gross_margin": 20.03,
            "gross_margin_4q_avg": 18.47,
            "net_income": 161452,
            "net_income_4q": null,
            "revenue": 1584135,
            "revenue_4q": null,
            "common_shares": 726000,
            "book_valuer_per_share": 41.27,
            "book_valuer_per_share_4q_avg": 42.28,
            "equity": 2996481,
            "current_ratio": 117.34,
            "debt_ratio": 67.01,
            "inventory_turnover_ratio": 1.52,
            "account_receivable_turnover_ratio": 1.24,
            "reinvestment_rate": 29.2,
            "research_to_sale_ratio": 0.51,
            "price_fair": 245.11,
            "eps_avg_yearly": 7.66,
            "eps_latest_yearly": 8.88,
            "eps_growth_yearly": 22.01
        },
        "20194": {
            "year_quarter": 20194,
            "year": 2019,
            "quarter": 4,
            "eps": 2.17,
            "eps_growth_year": 10.45,
            "eps_4q": 7.25,
            "eps_4q_growth_year": -11.26,
            "roe": 5.17,
            "roe_4q": 17.189999999999998,
            "gross_profit": 352027,
            "gross_margin": 20.56,
            "gross_margin_4q_avg": 18.88,
            "net_income": 157719,
            "net_income_4q": null,
            "revenue": 1712115,
            "revenue_4q": null,
            "common_shares": 726000,
            "book_valuer_per_share": 42.78,
            "book_valuer_per_share_4q_avg": 42.42,
            "equity": 3105565,
            "current_ratio": 124.14,
            "debt_ratio": 67.44,
            "inventory_turnover_ratio": 1.54,
            "account_receivable_turnover_ratio": 1.32,
            "reinvestment_rate": 25.08,
            "research_to_sale_ratio": 0.56,
            "price_fair": 232.16,
            "eps_avg_yearly": 7.72,
            "eps_latest_yearly": 8.68,
            "eps_growth_yearly": 20.07
        },
        "20201": {
            "year_quarter": 20201,
            "year": 2020,
            "quarter": 1,
            "eps": 1.96,
            "eps_growth_year": 24.05,
            "eps_4q": 7.63,
            "eps_4q_growth_year": -8.92,
            "roe": 4.51,
            "roe_4q": 18.07,
            "gross_profit": 321949,
            "gross_margin": 20.53,
            "gross_margin_4q_avg": 19.82,
            "net_income": 142565,
            "net_income_4q": null,
            "revenue": 1568439,
            "revenue_4q": null,
            "common_shares": 726000,
            "book_valuer_per_share": 44.4,
            "book_valuer_per_share_4q_avg": 42.28,
            "equity": 3223496,
            "current_ratio": 131.04,
            "debt_ratio": 66.04,
            "inventory_turnover_ratio": 1.35,
            "account_receivable_turnover_ratio": 1.18,
            "reinvestment_rate": 107.44,
            "research_to_sale_ratio": 0.59,
            "price_fair": 247.41,
            "eps_avg_yearly": 7.81,
            "eps_latest_yearly": 7.84,
            "eps_growth_yearly": 21.69
        },
        "20202": {
            "year_quarter": 20202,
            "year": 2020,
            "quarter": 2,
            "eps": 5.62,
            "eps_growth_year": 342.52,
            "eps_4q": 11.98,
            "eps_4q_growth_year": 65.26,
            "roe": 12.61,
            "roe_4q": 27.72,
            "gross_profit": 711266,
            "gross_margin": 27.73,
            "gross_margin_4q_avg": 22.21,
            "net_income": 408190,
            "net_income_4q": null,
            "revenue": 2564843,
            "revenue_4q": null,
            "common_shares": 726000,
            "book_valuer_per_share": 44.77,
            "book_valuer_per_share_4q_avg": 43.31,
            "equity": 3250614,
            "current_ratio": 127.54,
            "debt_ratio": 68.61,
            "inventory_turnover_ratio": 1.88,
            "account_receivable_turnover_ratio": 1.72,
            "reinvestment_rate": 101.93,
            "research_to_sale_ratio": 0.56,
            "price_fair": 305.81,
            "eps_avg_yearly": 8.74,
            "eps_latest_yearly": 22.48,
            "eps_growth_yearly": 63.87
        },
        "20203": {
            "year_quarter": 20203,
            "year": 2020,
            "quarter": 3,
            "eps": 6.57,
            "eps_growth_year": 195.95,
            "eps_4q": 16.33,
            "eps_4q_growth_year": 132.02,
            "roe": 13.57,
            "roe_4q": 35.86,
            "gross_profit": 858573,
            "gross_margin": 31.04,
            "gross_margin_4q_avg": 24.97,
            "net_income": 477318,
            "net_income_4q": null,
            "revenue": 2765725,
            "revenue_4q": null,
            "common_shares": 726000,
            "book_valuer_per_share": 52.1,
            "book_valuer_per_share_4q_avg": 46.01,
            "equity": 3782789,
            "current_ratio": 140.93,
            "debt_ratio": 64.9,
            "inventory_turnover_ratio": 1.77,
            "account_receivable_turnover_ratio": 1.7,
            "reinvestment_rate": 101.9,
            "research_to_sale_ratio": 0.56,
            "price_fair": 345.71,
            "eps_avg_yearly": 9.88,
            "eps_latest_yearly": 26.28,
            "eps_growth_yearly": 66.65
        },
        "20204": {
            "year_quarter": 20204,
            "year": 2020,
            "quarter": 4,
            "eps": 5.86,
            "eps_growth_year": 169.88,
            "eps_4q": 20.02,
            "eps_4q_growth_year": 176.37,
            "roe": 10.57,
            "roe_4q": 41.26,
            "gross_profit": 853343,
            "gross_margin": 34.51,
            "gross_margin_4q_avg": 28.45,
            "net_income": 425650,
            "net_income_4q": null,
            "revenue": 2472403,
            "revenue_4q": null,
            "common_shares": 726000,
            "book_valuer_per_share": 58.79,
            "book_valuer_per_share_4q_avg": 50.02,
            "equity": 4268251,
            "current_ratio": 126.73,
            "debt_ratio": 60.77,
            "inventory_turnover_ratio": 1.37,
            "account_receivable_turnover_ratio": 1.58,
            "reinvestment_rate": 97.63,
            "research_to_sale_ratio": 1.1,
            "price_fair": 375.11,
            "eps_avg_yearly": 10.72,
            "eps_latest_yearly": 23.44,
            "eps_growth_yearly": 57.85
        },
        "20211": {
            "year_quarter": 20211,
            "year": 2021,
            "quarter": 1,
            "eps": 1.56,
            "eps_growth_year": -20.41,
            "eps_4q": 19.62,
            "eps_4q_growth_year": 157.2,
            "roe": 2.62,
            "roe_4q": 39.370000000000005,
            "gross_profit": 324453,
            "gross_margin": 17.9,
            "gross_margin_4q_avg": 27.8,
            "net_income": 113403,
            "net_income_4q": null,
            "revenue": 1812088,
            "revenue_4q": null,
            "common_shares": 726000,
            "book_valuer_per_share": 60.22,
            "book_valuer_per_share_4q_avg": 53.97,
            "equity": 4371925,
            "current_ratio": 124.9,
            "debt_ratio": 59.3,
            "inventory_turnover_ratio": 1.27,
            "account_receivable_turnover_ratio": 1.24,
            "reinvestment_rate": 103,
            "research_to_sale_ratio": 0.89,
            "price_fair": 372.66,
            "eps_avg_yearly": 10.65,
            "eps_latest_yearly": 6.24,
            "eps_growth_yearly": 46.11
        },
        "20212": {
            "year_quarter": 20212,
            "year": 2021,
            "quarter": 2,
            "eps": 0.36,
            "eps_growth_year": -93.59,
            "eps_4q": 14.36,
            "eps_4q_growth_year": 19.88,
            "roe": 0.67,
            "roe_4q": 27.43,
            "gross_profit": 245130,
            "gross_margin": 14,
            "gross_margin_4q_avg": 24.36,
            "net_income": 26489,
            "net_income_4q": null,
            "revenue": 1750329,
            "revenue_4q": null,
            "common_shares": 726000,
            "book_valuer_per_share": 48.19,
            "book_valuer_per_share_4q_avg": 54.83,
            "equity": 3498480,
            "current_ratio": 102.89,
            "debt_ratio": 67.44,
            "inventory_turnover_ratio": 1.48,
            "account_receivable_turnover_ratio": 1.25,
            "reinvestment_rate": 94.03,
            "research_to_sale_ratio": 1.13,
            "price_fair": 362.16,
            "eps_avg_yearly": 10.35,
            "eps_latest_yearly": 1.44,
            "eps_growth_yearly": 30.68
        },
        "20213": {
            "year_quarter": 20213,
            "year": 2021,
            "quarter": 3,
            "eps": 0.27,
            "eps_growth_year": -95.89,
            "eps_4q": 8.06,
            "eps_4q_growth_year": -50.68,
            "roe": 0.55,
            "roe_4q": 14.41,
            "gross_profit": 156454,
            "gross_margin": 10.88,
            "gross_margin_4q_avg": 19.32,
            "net_income": 19255,
            "net_income_4q": null,
            "revenue": 1438219,
            "revenue_4q": null,
            "common_shares": 726000,
            "book_valuer_per_share": 48.34,
            "book_valuer_per_share_4q_avg": 53.89,
            "equity": 3509600,
            "current_ratio": 102.77,
            "debt_ratio": 66.77,
            "inventory_turnover_ratio": 1.4,
            "account_receivable_turnover_ratio": 1.12,
            "reinvestment_rate": 101.13,
            "research_to_sale_ratio": 1.16,
            "price_fair": 293.08,
            "eps_avg_yearly": 9.95,
            "eps_latest_yearly": 1.08,
            "eps_growth_yearly": 19.46
        },
        "20214": {
            "year_quarter": 20214,
            "year": 2021,
            "quarter": 4,
            "eps": -0.58,
            "eps_growth_year": -109.84,
            "eps_4q": 1.62,
            "eps_4q_growth_year": -91.93,
            "roe": -1.2,
            "roe_4q": 2.64,
            "gross_profit": 190139,
            "gross_margin": 10.66,
            "gross_margin_4q_avg": 13.36,
            "net_income": -41879,
            "net_income_4q": null,
            "revenue": 1783516,
            "revenue_4q": null,
            "common_shares": 726000,
            "book_valuer_per_share": 48.06,
            "book_valuer_per_share_4q_avg": 51.2,
            "equity": 3488984,
            "current_ratio": 112.33,
            "debt_ratio": 66.93,
            "inventory_turnover_ratio": 1.84,
            "account_receivable_turnover_ratio": 1.41,
            "reinvestment_rate": 104.65,
            "research_to_sale_ratio": 0.73,
            "price_fair": 262.67,
            "eps_avg_yearly": 10.03,
            "eps_latest_yearly": 1.08,
            "eps_growth_yearly": 16.2
        },
        "20221": {
            "year_quarter": 20221,
            "year": 2022,
            "quarter": 1,
            "eps": 0.16,
            "eps_growth_year": -89.74,
            "eps_4q": 0.22,
            "eps_4q_growth_year": -98.9,
            "roe": 0.33,
            "roe_4q": 0.3500000000000002,
            "gross_profit": 125130,
            "gross_margin": 9.66,
            "gross_margin_4q_avg": 11.3,
            "net_income": 11777,
            "net_income_4q": null,
            "revenue": 1294987,
            "revenue_4q": null,
            "common_shares": 726000,
            "book_valuer_per_share": 49.65,
            "book_valuer_per_share_4q_avg": 48.56,
            "equity": 3604829,
            "current_ratio": 101.33,
            "debt_ratio": 65.23,
            "inventory_turnover_ratio": 1.42,
            "account_receivable_turnover_ratio": 1.08,
            "reinvestment_rate": 112.65,
            "research_to_sale_ratio": 0.83,
            "price_fair": 362.3,
            "eps_avg_yearly": 10.35,
            "eps_latest_yearly": 1.08,
            "eps_growth_yearly": 28.05
        },
        "20222": {
            "year_quarter": 20222,
            "year": 2022,
            "quarter": 2,
            "eps": 0.51,
            "eps_growth_year": 41.67,
            "eps_4q": 0.36,
            "eps_4q_growth_year": -97.49,
            "roe": 1.04,
            "roe_4q": 0.7200000000000002,
            "gross_profit": 144234,
            "gross_margin": 9.4,
            "gross_margin_4q_avg": 10.15,
            "net_income": 36982,
            "net_income_4q": null,
            "revenue": 1534812,
            "revenue_4q": null,
            "common_shares": 726000,
            "book_valuer_per_share": 48.41,
            "book_valuer_per_share_4q_avg": 48.62,
            "equity": 3514654,
            "current_ratio": 111.33,
            "debt_ratio": 66.64,
            "inventory_turnover_ratio": 1.69,
            "account_receivable_turnover_ratio": 1.31,
            "reinvestment_rate": 109.03,
            "research_to_sale_ratio": 0.63,
            "price_fair": 343.5,
            "eps_avg_yearly": 9.81,
            "eps_latest_yearly": 2.04,
            "eps_growth_yearly": 69.28
        },
        "20223": {
            "year_quarter": 20223,
            "year": 2022,
            "quarter": 3,
            "eps": 0.49,
            "eps_growth_year": 81.48,
            "eps_4q": 0.59,
            "eps_4q_growth_year": -92.7,
            "roe": 1.01,
            "roe_4q": 1.18,
            "gross_profit": 156421,
            "gross_margin": 10.3,
            "gross_margin_4q_avg": 10.01,
            "net_income": 35784,
            "net_income_4q": null,
            "revenue": 1518912,
            "revenue_4q": null,
            "common_shares": 726000,
            "book_valuer_per_share": 49.4,
            "book_valuer_per_share_4q_avg": 48.88,
            "equity": 3586601,
            "current_ratio": 95.85,
            "debt_ratio": 66.23,
            "inventory_turnover_ratio": 1.62,
            "account_receivable_turnover_ratio": 1.12,
            "reinvestment_rate": 113.03,
            "research_to_sale_ratio": 0.58,
            "price_fair": 324.1,
            "eps_avg_yearly": 9.26,
            "eps_latest_yearly": 1.96,
            "eps_growth_yearly": 67.68
        },
        "20224": {
            "year_quarter": 20224,
            "year": 2022,
            "quarter": 4,
            "eps": -0.37,
            "eps_growth_year": null,
            "eps_4q": 0.8,
            "eps_4q_growth_year": -50.77,
            "roe": -0.76,
            "roe_4q": 1.62,
            "gross_profit": 201779,
            "gross_margin": 12.32,
            "gross_margin_4q_avg": 10.42,
            "net_income": -26808,
            "net_income_4q": null,
            "revenue": 1637635,
            "revenue_4q": null,
            "common_shares": 726000,
            "book_valuer_per_share": 48.23,
            "book_valuer_per_share_4q_avg": 48.92,
            "equity": 3501771,
            "current_ratio": 98.94,
            "debt_ratio": 66.39,
            "inventory_turnover_ratio": 1.7,
            "account_receivable_turnover_ratio": 1.27,
            "reinvestment_rate": 115.45,
            "research_to_sale_ratio": 0.63,
            "price_fair": 327.82,
            "eps_avg_yearly": 9.37,
            "eps_latest_yearly": 1.96,
            "eps_growth_yearly": 78.71
        },
        "20231": {
            "year_quarter": 20231,
            "year": 2023,
            "quarter": 1,
            "eps": 0.14,
            "eps_growth_year": -12.5,
            "eps_4q": 0.78,
            "eps_4q_growth_year": 260.16,
            "roe": 0.3,
            "roe_4q": 1.59,
            "gross_profit": 157542,
            "gross_margin": 10.99,
            "gross_margin_4q_avg": 10.75,
            "net_income": 10378,
            "net_income_4q": null,
            "revenue": 1432932,
            "revenue_4q": null,
            "common_shares": 726000,
            "book_valuer_per_share": 48.57,
            "book_valuer_per_share_4q_avg": 48.65,
            "equity": 3525869,
            "current_ratio": 103.99,
            "debt_ratio": 65.71,
            "inventory_turnover_ratio": 1.49,
            "account_receivable_turnover_ratio": 1.14,
            "reinvestment_rate": 115.08,
            "research_to_sale_ratio": 0.57,
            "price_fair": 336.7,
            "eps_avg_yearly": 9.62,
            "eps_latest_yearly": 1.96,
            "eps_growth_yearly": 91.87
        },
        "20232": {
            "year_quarter": 20232,
            "year": 2023,
            "quarter": 2,
            "eps": 1.13,
            "eps_growth_year": 121.57,
            "eps_4q": 1.39,
            "eps_4q_growth_year": 286.97,
            "roe": 2.33,
            "roe_4q": 2.88,
            "gross_profit": 197024,
            "gross_margin": 12.04,
            "gross_margin_4q_avg": 11.41,
            "net_income": 81780,
            "net_income_4q": null,
            "revenue": 1636407,
            "revenue_4q": null,
            "common_shares": 726000,
            "book_valuer_per_share": 47.99,
            "book_valuer_per_share_4q_avg": 48.55,
            "equity": 3484431,
            "current_ratio": 105.65,
            "debt_ratio": 66.56,
            "inventory_turnover_ratio": 1.74,
            "account_receivable_turnover_ratio": 1.24,
            "reinvestment_rate": 111.86,
            "research_to_sale_ratio": 0.63,
            "price_fair": 335.07,
            "eps_avg_yearly": 9.57,
            "eps_latest_yearly": 4.52,
            "eps_growth_yearly": 334.12
        },
        "20233": {
            "year_quarter": 20233,
            "year": 2023,
            "quarter": 3,
            "eps": 0.43,
            "eps_growth_year": -12.24,
            "eps_4q": 1.33,
            "eps_4q_growth_year": 125.92,
            "roe": 0.88,
            "roe_4q": 2.75,
            "gross_profit": 147110,
            "gross_margin": 10,
            "gross_margin_4q_avg": 11.34,
            "net_income": 31035,
            "net_income_4q": null,
            "revenue": 1470988,
            "revenue_4q": null,
            "common_shares": 726000,
            "book_valuer_per_share": 49.61,
            "book_valuer_per_share_4q_avg": 48.6,
            "equity": 3601848,
            "current_ratio": 106.36,
            "debt_ratio": 66.19,
            "inventory_turnover_ratio": 1.68,
            "account_receivable_turnover_ratio": 1.08,
            "reinvestment_rate": 126.53,
            "research_to_sale_ratio": 1.58,
            "price_fair": 314.18,
            "eps_avg_yearly": 8.98,
            "eps_latest_yearly": 1.72,
            "eps_growth_yearly": 288.54
        }
    },
    "months": {
        "2003-09": {
            "month": "2003-09",
            "price": "23.00",
            "revenue": 84956
        },
        "2003-10": {
            "month": "2003-10",
            "price": "23.00",
            "revenue": 99941
        },
        "2003-11": {
            "month": "2003-11",
            "price": "24.79",
            "revenue": 90963
        },
        "2004-01": {
            "month": "2004-01",
            "price": "24.90",
            "revenue": 90966
        },
        "2004-02": {
            "month": "2004-02",
            "price": "22.00",
            "revenue": 102412
        },
        "2004-03": {
            "month": "2004-03",
            "price": "23.00",
            "revenue": 132645
        },
        "2004-04": {
            "month": "2004-04",
            "price": "26.61",
            "revenue": 132300
        },
        "2004-05": {
            "month": "2004-05",
            "price": "25.90",
            "revenue": 136194
        },
        "2004-07": {
            "month": "2004-07",
            "price": "25.08",
            "revenue": 112369
        },
        "2004-09": {
            "month": "2004-09",
            "price": "24.60",
            "revenue": 99351
        },
        "2004-10": {
            "month": "2004-10",
            "price": "26.00",
            "revenue": 117972
        },
        "2004-11": {
            "month": "2004-11",
            "price": "25.73",
            "revenue": 103951
        },
        "2004-12": {
            "month": "2004-12",
            "price": "28.66",
            "revenue": 111135
        },
        "2005-01": {
            "month": "2005-01",
            "price": "27.35",
            "revenue": 122367
        },
        "2005-02": {
            "month": "2005-02",
            "price": "28.12",
            "revenue": 91973
        },
        "2005-05": {
            "month": "2005-05",
            "price": "30.66",
            "revenue": 177849
        },
        "2005-06": {
            "month": "2005-06",
            "price": "31.79",
            "revenue": 126573
        },
        "2005-07": {
            "month": "2005-07",
            "price": "34.94",
            "revenue": 107251
        },
        "2005-08": {
            "month": "2005-08",
            "price": "37.96",
            "revenue": 101671
        },
        "2005-09": {
            "month": "2005-09",
            "price": "35.11",
            "revenue": 131854
        },
        "2005-10": {
            "month": "2005-10",
            "price": "33.79",
            "revenue": 92917
        },
        "2005-11": {
            "month": "2005-11",
            "price": "34.08",
            "revenue": 117313
        },
        "2005-12": {
            "month": "2005-12",
            "price": "36.41",
            "revenue": 105188
        },
        "2006-01": {
            "month": "2006-01",
            "price": "29.72",
            "revenue": 124710
        },
        "2006-02": {
            "month": "2006-02",
            "price": "27.15",
            "revenue": 123196
        },
        "2006-03": {
            "month": "2006-03",
            "price": "29.41",
            "revenue": 122297
        },
        "2006-04": {
            "month": "2006-04",
            "price": "31.03",
            "revenue": 113771
        },
        "2006-05": {
            "month": "2006-05",
            "price": "33.00",
            "revenue": 173062
        },
        "2006-06": {
            "month": "2006-06",
            "price": "30.06",
            "revenue": 114522
        },
        "2006-07": {
            "month": "2006-07",
            "price": "29.75",
            "revenue": 117045
        },
        "2006-08": {
            "month": "2006-08",
            "price": "29.38",
            "revenue": 130167
        },
        "2006-09": {
            "month": "2006-09",
            "price": "27.01",
            "revenue": 163075
        },
        "2006-10": {
            "month": "2006-10",
            "price": "25.43",
            "revenue": 113201
        },
        "2006-11": {
            "month": "2006-11",
            "price": "24.97",
            "revenue": 117763
        },
        "2006-12": {
            "month": "2006-12",
            "price": "25.53",
            "revenue": 123660
        },
        "2007-01": {
            "month": "2007-01",
            "price": "27.80",
            "revenue": 144855
        },
        "2007-02": {
            "month": "2007-02",
            "price": "28.31",
            "revenue": 105841
        },
        "2007-03": {
            "month": "2007-03",
            "price": "29.10",
            "revenue": 136434
        },
        "2007-04": {
            "month": "2007-04",
            "price": "30.79",
            "revenue": 130644
        },
        "2007-05": {
            "month": "2007-05",
            "price": "29.93",
            "revenue": 175140
        },
        "2007-06": {
            "month": "2007-06",
            "price": "29.82",
            "revenue": 129247
        },
        "2007-07": {
            "month": "2007-07",
            "price": "30.51",
            "revenue": 137527
        },
        "2007-08": {
            "month": "2007-08",
            "price": "29.86",
            "revenue": 147064
        },
        "2007-09": {
            "month": "2007-09",
            "price": "29.73",
            "revenue": 147592
        },
        "2007-10": {
            "month": "2007-10",
            "price": "30.80",
            "revenue": 148042
        },
        "2007-11": {
            "month": "2007-11",
            "price": "30.72",
            "revenue": 158354
        },
        "2007-12": {
            "month": "2007-12",
            "price": "30.38",
            "revenue": 145141
        },
        "2008-01": {
            "month": "2008-01",
            "price": "28.28",
            "revenue": 172238
        },
        "2008-02": {
            "month": "2008-02",
            "price": "29.58",
            "revenue": 133944
        },
        "2008-03": {
            "month": "2008-03",
            "price": "29.51",
            "revenue": 164278
        },
        "2008-04": {
            "month": "2008-04",
            "price": "29.65",
            "revenue": 140405
        },
        "2008-05": {
            "month": "2008-05",
            "price": "31.77",
            "revenue": 175320
        },
        "2008-06": {
            "month": "2008-06",
            "price": "31.82",
            "revenue": 143464
        },
        "2008-07": {
            "month": "2008-07",
            "price": "30.38",
            "revenue": 153841
        },
        "2008-08": {
            "month": "2008-08",
            "price": "29.94",
            "revenue": 148844
        },
        "2008-09": {
            "month": "2008-09",
            "price": "28.20",
            "revenue": 182064
        },
        "2008-10": {
            "month": "2008-10",
            "price": "21.97",
            "revenue": 164768
        },
        "2008-11": {
            "month": "2008-11",
            "price": "21.06",
            "revenue": 133449
        },
        "2008-12": {
            "month": "2008-12",
            "price": "22.60",
            "revenue": 167487
        },
        "2009-01": {
            "month": "2009-01",
            "price": "24.24",
            "revenue": 98596
        },
        "2009-02": {
            "month": "2009-02",
            "price": "23.95",
            "revenue": 128207
        },
        "2009-03": {
            "month": "2009-03",
            "price": "24.36",
            "revenue": 190369
        },
        "2009-04": {
            "month": "2009-04",
            "price": "26.93",
            "revenue": 189453
        },
        "2009-05": {
            "month": "2009-05",
            "price": "34.01",
            "revenue": 184777
        },
        "2009-06": {
            "month": "2009-06",
            "price": "37.19",
            "revenue": 196994
        },
        "2009-07": {
            "month": "2009-07",
            "price": "36.31",
            "revenue": 208133
        },
        "2009-08": {
            "month": "2009-08",
            "price": "38.29",
            "revenue": 179811
        },
        "2009-09": {
            "month": "2009-09",
            "price": "39.17",
            "revenue": 204257
        },
        "2009-10": {
            "month": "2009-10",
            "price": "34.07",
            "revenue": 222355
        },
        "2009-11": {
            "month": "2009-11",
            "price": "34.02",
            "revenue": 214962
        },
        "2009-12": {
            "month": "2009-12",
            "price": "34.42",
            "revenue": 239193
        },
        "2010-01": {
            "month": "2010-01",
            "price": "33.57",
            "revenue": 214165
        },
        "2010-02": {
            "month": "2010-02",
            "price": "32.00",
            "revenue": 180091
        },
        "2010-03": {
            "month": "2010-03",
            "price": "36.08",
            "revenue": 262346
        },
        "2010-04": {
            "month": "2010-04",
            "price": "40.15",
            "revenue": 277264
        },
        "2010-05": {
            "month": "2010-05",
            "price": "40.13",
            "revenue": 250667
        },
        "2010-06": {
            "month": "2010-06",
            "price": "41.86",
            "revenue": 256824
        },
        "2010-07": {
            "month": "2010-07",
            "price": "42.88",
            "revenue": 221810
        },
        "2010-08": {
            "month": "2010-08",
            "price": "41.32",
            "revenue": 206107
        },
        "2010-09": {
            "month": "2010-09",
            "price": "42.00",
            "revenue": 204667
        },
        "2010-10": {
            "month": "2010-10",
            "price": "40.07",
            "revenue": 203901
        },
        "2010-11": {
            "month": "2010-11",
            "price": "40.00",
            "revenue": 271718
        },
        "2010-12": {
            "month": "2010-12",
            "price": "39.81",
            "revenue": 317961
        },
        "2011-01": {
            "month": "2011-01",
            "price": "40.20",
            "revenue": 265566
        },
        "2011-02": {
            "month": "2011-02",
            "price": "39.50",
            "revenue": 223121
        },
        "2011-03": {
            "month": "2011-03",
            "price": "38.80",
            "revenue": 305350
        },
        "2011-04": {
            "month": "2011-04",
            "price": "36.90",
            "revenue": 299712
        },
        "2011-05": {
            "month": "2011-05",
            "price": "36.54",
            "revenue": 322991
        },
        "2011-06": {
            "month": "2011-06",
            "price": "37.10",
            "revenue": 322315
        },
        "2011-07": {
            "month": "2011-07",
            "price": "37.20",
            "revenue": 280398
        },
        "2011-08": {
            "month": "2011-08",
            "price": "34.98",
            "revenue": 302368
        },
        "2011-09": {
            "month": "2011-09",
            "price": "35.06",
            "revenue": 286916
        },
        "2011-10": {
            "month": "2011-10",
            "price": "29.45",
            "revenue": 275400
        },
        "2011-11": {
            "month": "2011-11",
            "price": "30.00",
            "revenue": 355019
        },
        "2011-12": {
            "month": "2011-12",
            "price": "30.00",
            "revenue": 294692
        },
        "2012-01": {
            "month": "2012-01",
            "price": "30.00",
            "revenue": 216705
        },
        "2012-02": {
            "month": "2012-02",
            "price": "31.28",
            "revenue": 315719
        },
        "2012-03": {
            "month": "2012-03",
            "price": "35.87",
            "revenue": 301195
        },
        "2012-04": {
            "month": "2012-04",
            "price": "36.72",
            "revenue": 316775
        },
        "2012-05": {
            "month": "2012-05",
            "price": "36.92",
            "revenue": 306117
        },
        "2012-06": {
            "month": "2012-06",
            "price": "37.36",
            "revenue": 342361
        },
        "2012-07": {
            "month": "2012-07",
            "price": "36.17",
            "revenue": 278399
        },
        "2012-08": {
            "month": "2012-08",
            "price": "36.51",
            "revenue": 300105
        },
        "2012-09": {
            "month": "2012-09",
            "price": "36.54",
            "revenue": 302957
        },
        "2012-10": {
            "month": "2012-10",
            "price": "38.00",
            "revenue": 315479
        },
        "2012-11": {
            "month": "2012-11",
            "price": "43.05",
            "revenue": 317522
        },
        "2012-12": {
            "month": "2012-12",
            "price": "49.10",
            "revenue": 382345
        },
        "2013-01": {
            "month": "2013-01",
            "price": "48.09",
            "revenue": 354524
        },
        "2013-02": {
            "month": "2013-02",
            "price": "63.20",
            "revenue": 262636
        },
        "2013-03": {
            "month": "2013-03",
            "price": "67.95",
            "revenue": 354730
        },
        "2013-04": {
            "month": "2013-04",
            "price": "71.99",
            "revenue": 380559
        },
        "2013-05": {
            "month": "2013-05",
            "price": "72.61",
            "revenue": 399556
        },
        "2013-06": {
            "month": "2013-06",
            "price": "114.45",
            "revenue": 408361
        },
        "2013-07": {
            "month": "2013-07",
            "price": "159.54",
            "revenue": 356996
        },
        "2013-08": {
            "month": "2013-08",
            "price": "148.38",
            "revenue": 380345
        },
        "2013-09": {
            "month": "2013-09",
            "price": "142.28",
            "revenue": 368378
        },
        "2013-10": {
            "month": "2013-10",
            "price": "121.52",
            "revenue": 400362
        },
        "2013-11": {
            "month": "2013-11",
            "price": "144.74",
            "revenue": 430739
        },
        "2013-12": {
            "month": "2013-12",
            "price": "164.39",
            "revenue": 471028
        },
        "2014-01": {
            "month": "2014-01",
            "price": "153.89",
            "revenue": 396214
        },
        "2014-02": {
            "month": "2014-02",
            "price": "162.94",
            "revenue": 380314
        },
        "2014-03": {
            "month": "2014-03",
            "price": "170.98",
            "revenue": 483506
        },
        "2014-04": {
            "month": "2014-04",
            "price": "174.86",
            "revenue": 407509
        },
        "2014-05": {
            "month": "2014-05",
            "price": "168.60",
            "revenue": 450441
        },
        "2014-06": {
            "month": "2014-06",
            "price": "162.35",
            "revenue": 474920
        },
        "2014-07": {
            "month": "2014-07",
            "price": "150.70",
            "revenue": 388819
        },
        "2014-08": {
            "month": "2014-08",
            "price": "140.74",
            "revenue": 392818
        },
        "2014-09": {
            "month": "2014-09",
            "price": "134.31",
            "revenue": 483871
        },
        "2014-10": {
            "month": "2014-10",
            "price": "139.98",
            "revenue": 451785
        },
        "2014-11": {
            "month": "2014-11",
            "price": "125.18",
            "revenue": 500904
        },
        "2014-12": {
            "month": "2014-12",
            "price": "140.25",
            "revenue": 532890
        },
        "2015-01": {
            "month": "2015-01",
            "price": "139.25",
            "revenue": 528456
        },
        "2015-02": {
            "month": "2015-02",
            "price": "140.38",
            "revenue": 397121
        },
        "2015-03": {
            "month": "2015-03",
            "price": "156.70",
            "revenue": 564364
        },
        "2015-04": {
            "month": "2015-04",
            "price": "168.58",
            "revenue": 495390
        },
        "2015-05": {
            "month": "2015-05",
            "price": "178.48",
            "revenue": 500095
        },
        "2015-06": {
            "month": "2015-06",
            "price": "181.69",
            "revenue": 517616
        },
        "2015-07": {
            "month": "2015-07",
            "price": "171.09",
            "revenue": 443788
        },
        "2015-08": {
            "month": "2015-08",
            "price": "170.83",
            "revenue": 448150
        },
        "2015-09": {
            "month": "2015-09",
            "price": "172.90",
            "revenue": 543035
        },
        "2015-10": {
            "month": "2015-10",
            "price": "175.76",
            "revenue": 453949
        },
        "2015-11": {
            "month": "2015-11",
            "price": "187.31",
            "revenue": 521823
        },
        "2015-12": {
            "month": "2015-12",
            "price": "178.22",
            "revenue": 508414
        },
        "2016-01": {
            "month": "2016-01",
            "price": "151.76",
            "revenue": 479275
        },
        "2016-02": {
            "month": "2016-02",
            "price": "146.15",
            "revenue": 381967
        },
        "2016-03": {
            "month": "2016-03",
            "price": "143.57",
            "revenue": 575542
        },
        "2016-04": {
            "month": "2016-04",
            "price": "151.05",
            "revenue": 473478
        },
        "2016-05": {
            "month": "2016-05",
            "price": "146.88",
            "revenue": 534396
        },
        "2016-06": {
            "month": "2016-06",
            "price": "147.69",
            "revenue": 522103
        },
        "2016-07": {
            "month": "2016-07",
            "price": "157.78",
            "revenue": 472972
        },
        "2016-08": {
            "month": "2016-08",
            "price": "151.24",
            "revenue": 481581
        },
        "2016-09": {
            "month": "2016-09",
            "price": "149.79",
            "revenue": 544576
        },
        "2016-10": {
            "month": "2016-10",
            "price": "143.88",
            "revenue": 534581
        },
        "2016-11": {
            "month": "2016-11",
            "price": "139.70",
            "revenue": 588231
        },
        "2016-12": {
            "month": "2016-12",
            "price": "150.00",
            "revenue": 501688
        },
        "2017-01": {
            "month": "2017-01",
            "price": "149.53",
            "revenue": 501770
        },
        "2017-02": {
            "month": "2017-02",
            "price": "157.08",
            "revenue": 425011
        },
        "2017-03": {
            "month": "2017-03",
            "price": "156.17",
            "revenue": 575962
        },
        "2017-04": {
            "month": "2017-04",
            "price": "151.14",
            "revenue": 501185
        },
        "2017-05": {
            "month": "2017-05",
            "price": "145.65",
            "revenue": 535339
        },
        "2017-06": {
            "month": "2017-06",
            "price": "151.33",
            "revenue": 560459
        },
        "2017-07": {
            "month": "2017-07",
            "price": "148.55",
            "revenue": 519565
        },
        "2017-08": {
            "month": "2017-08",
            "price": "146.26",
            "revenue": 593982
        },
        "2017-09": {
            "month": "2017-09",
            "price": "154.89",
            "revenue": 544721
        },
        "2017-10": {
            "month": "2017-10",
            "price": "155.87",
            "revenue": 565837
        },
        "2017-11": {
            "month": "2017-11",
            "price": "163.02",
            "revenue": 580687
        },
        "2017-12": {
            "month": "2017-12",
            "price": "162.50",
            "revenue": 529302
        },
        "2018-01": {
            "month": "2018-01",
            "price": "159.82",
            "revenue": 587442
        },
        "2018-02": {
            "month": "2018-02",
            "price": "161.31",
            "revenue": 468520
        },
        "2018-03": {
            "month": "2018-03",
            "price": "159.37",
            "revenue": 589650
        },
        "2018-04": {
            "month": "2018-04",
            "price": "158.81",
            "revenue": 536240
        },
        "2018-05": {
            "month": "2018-05",
            "price": "160.02",
            "revenue": 608366
        },
        "2018-06": {
            "month": "2018-06",
            "price": "170.68",
            "revenue": 588846
        },
        "2018-07": {
            "month": "2018-07",
            "price": "168.95",
            "revenue": 506528
        },
        "2018-08": {
            "month": "2018-08",
            "price": "167.61",
            "revenue": 554484
        },
        "2018-09": {
            "month": "2018-09",
            "price": "163.24",
            "revenue": 539330
        },
        "2018-10": {
            "month": "2018-10",
            "price": "154.68",
            "revenue": 617870
        },
        "2018-11": {
            "month": "2018-11",
            "price": "162.91",
            "revenue": 619764
        },
        "2018-12": {
            "month": "2018-12",
            "price": "167.21",
            "revenue": 569298
        },
        "2019-01": {
            "month": "2019-01",
            "price": "159.12",
            "revenue": 615619
        },
        "2019-02": {
            "month": "2019-02",
            "price": "159.50",
            "revenue": 430395
        },
        "2019-03": {
            "month": "2019-03",
            "price": "166.60",
            "revenue": 561676
        },
        "2019-04": {
            "month": "2019-04",
            "price": "163.72",
            "revenue": 542493
        },
        "2019-05": {
            "month": "2019-05",
            "price": "163.32",
            "revenue": 568921
        },
        "2019-06": {
            "month": "2019-06",
            "price": "163.63",
            "revenue": 531475
        },
        "2019-07": {
            "month": "2019-07",
            "price": "157.39",
            "revenue": 550596
        },
        "2019-08": {
            "month": "2019-08",
            "price": "145.26",
            "revenue": 459895
        },
        "2019-09": {
            "month": "2019-09",
            "price": "144.63",
            "revenue": 573644
        },
        "2019-10": {
            "month": "2019-10",
            "price": "137.05",
            "revenue": 586286
        },
        "2019-11": {
            "month": "2019-11",
            "price": "132.31",
            "revenue": 614620
        },
        "2019-12": {
            "month": "2019-12",
            "price": "134.07",
            "revenue": 536986
        },
        "2020-01": {
            "month": "2020-01",
            "price": "140.43",
            "revenue": 465552
        },
        "2020-02": {
            "month": "2020-02",
            "price": "165.63",
            "revenue": 404064
        },
        "2020-03": {
            "month": "2020-03",
            "price": "144.43",
            "revenue": 698823
        },
        "2020-04": {
            "month": "2020-04",
            "price": "180.45",
            "revenue": 790813
        },
        "2020-05": {
            "month": "2020-05",
            "price": "235.25",
            "revenue": 893933
        },
        "2020-06": {
            "month": "2020-06",
            "price": "270.02",
            "revenue": 880097
        },
        "2020-07": {
            "month": "2020-07",
            "price": "255.43",
            "revenue": 900437
        },
        "2020-08": {
            "month": "2020-08",
            "price": "279.71",
            "revenue": 877839
        },
        "2020-09": {
            "month": "2020-09",
            "price": "249.82",
            "revenue": 987449
        },
        "2020-10": {
            "month": "2020-10",
            "price": "237.97",
            "revenue": 947060
        },
        "2020-11": {
            "month": "2020-11",
            "price": "207.50",
            "revenue": 846040
        },
        "2020-12": {
            "month": "2020-12",
            "price": "185.74",
            "revenue": 679303
        },
        "2021-01": {
            "month": "2021-01",
            "price": "178.85",
            "revenue": 688997
        },
        "2021-02": {
            "month": "2021-02",
            "price": "171.04",
            "revenue": 515385
        },
        "2021-03": {
            "month": "2021-03",
            "price": "177.39",
            "revenue": 607706
        },
        "2021-04": {
            "month": "2021-04",
            "price": "173.89",
            "revenue": 592022
        },
        "2021-05": {
            "month": "2021-05",
            "price": "172.57",
            "revenue": 605182
        },
        "2021-06": {
            "month": "2021-06",
            "price": "154.57",
            "revenue": 553125
        },
        "2021-07": {
            "month": "2021-07",
            "price": "139.84",
            "revenue": 445059
        },
        "2021-08": {
            "month": "2021-08",
            "price": "126.50",
            "revenue": 454434
        },
        "2021-09": {
            "month": "2021-09",
            "price": "123.68",
            "revenue": 538726
        },
        "2021-10": {
            "month": "2021-10",
            "price": "113.49",
            "revenue": 593715
        },
        "2021-11": {
            "month": "2021-11",
            "price": "119.32",
            "revenue": 637747
        },
        "2021-12": {
            "month": "2021-12",
            "price": "114.27",
            "revenue": 552054
        },
        "2022-01": {
            "month": "2022-01",
            "price": "115.78",
            "revenue": 482648
        },
        "2022-02": {
            "month": "2022-02",
            "price": "114.90",
            "revenue": 327311
        },
        "2022-03": {
            "month": "2022-03",
            "price": "103.89",
            "revenue": 485028
        },
        "2022-04": {
            "month": "2022-04",
            "price": "95.41",
            "revenue": 469235
        },
        "2022-05": {
            "month": "2022-05",
            "price": "85.76",
            "revenue": 562616
        },
        "2022-06": {
            "month": "2022-06",
            "price": "85.89",
            "revenue": 502961
        },
        "2022-07": {
            "month": "2022-07",
            "price": "81.57",
            "revenue": 450852
        },
        "2022-08": {
            "month": "2022-08",
            "price": "82.84",
            "revenue": 513953
        },
        "2022-09": {
            "month": "2022-09",
            "price": "79.65",
            "revenue": 554107
        },
        "2022-10": {
            "month": "2022-10",
            "price": "70.80",
            "revenue": 633322
        },
        "2022-11": {
            "month": "2022-11",
            "price": "71.19",
            "revenue": 527009
        },
        "2022-12": {
            "month": "2022-12",
            "price": "73.40",
            "revenue": 477304
        },
        "2023-01": {
            "month": "2023-01",
            "price": "72.51",
            "revenue": 434234
        },
        "2023-02": {
            "month": "2023-02",
            "price": "72.08",
            "revenue": 445801
        },
        "2023-03": {
            "month": "2023-03",
            "price": "77.77",
            "revenue": 552897
        },
        "2023-04": {
            "month": "2023-04",
            "price": "80.98",
            "revenue": 563694
        },
        "2023-05": {
            "month": "2023-05",
            "price": "83.35",
            "revenue": 599440
        },
        "2023-06": {
            "month": "2023-06",
            "price": "82.16",
            "revenue": 473273
        },
        "2023-07": {
            "month": "2023-07",
            "price": "77.11",
            "revenue": 407446
        },
        "2023-08": {
            "month": "2023-08",
            "price": "76.44",
            "revenue": 520068
        },
        "2023-09": {
            "month": "2023-09",
            "price": "75.75",
            "revenue": 543474
        },
        "2023-10": {
            "month": "2023-10",
            "price": "72.16",
            "revenue": 601126
        },
        "2023-11": {
            "month": "2023-11",
            "price": "72.85",
            "revenue": 525296
        }
    }
}
