{
    "summary": {
        "stock_name": "台塑化",
        "stock_id": "6505",
        "category": "油電燃氣",
        "main_business": "石油化工原料製造業(C801020)<br>基本化學工業製造業(C801010)",
        "website_url": "http://www.fpcc.com.tw",
        "ceo": "曹明",
        "pe_ratio": 31,
        "report_year_from": 2001,
        "report_year_to": 2023,
        "age": 23,
        "eps_negative_percentage": 0,
        "eps_growth_avg": {
            "last_all": 8.36,
            "last_2y": 27.14,
            "last_4y": -7.42,
            "last_8y": 11.56,
            "last_12y": 0.34,
            "last_16y": 5.06,
            "last_20y": null,
            "at_2006_last_3y": null,
            "at_2007_last_3y": 34.19,
            "at_2008_last_3y": -10.36,
            "at_2009_last_3y": 12.84,
            "at_2010_last_3y": 20.4,
            "at_2011_last_3y": -4.8,
            "at_2012_last_3y": -7.28,
            "at_2013_last_3y": -7.28,
            "at_2014_last_3y": -24.89,
            "at_2015_last_3y": 11.39,
            "at_2016_last_3y": 48.49,
            "at_2017_last_3y": 24.97,
            "at_2018_last_3y": 35.28,
            "at_2019_last_3y": 0.62,
            "at_2020_last_3y": -34.42,
            "at_2021_last_3y": -10.89,
            "at_2022_last_3y": -22.35,
            "at_2023_last_3y": 0.39,
            "at_2024_last_3y": 0.39,
            "at_2006_last_all": 27.02,
            "at_2007_last_all": 34.19,
            "at_2008_last_all": 11.71,
            "at_2009_last_all": 26.43,
            "at_2010_last_all": 23.24,
            "at_2011_last_all": 14.7,
            "at_2012_last_all": 3.27,
            "at_2013_last_all": 12.94,
            "at_2014_last_all": 5.74,
            "at_2015_last_all": 13.59,
            "at_2016_last_all": 17.18,
            "at_2017_last_all": 16.38,
            "at_2018_last_all": 13.62,
            "at_2019_last_all": 10.35,
            "at_2020_last_all": 5.04,
            "at_2021_last_all": 10.32,
            "at_2022_last_all": 6.04,
            "at_2023_last_all": 8.36,
            "at_2024_last_all": 8.36
        },
        "latest_eps": 2.3,
        "latest_price": 71.2,
        "latest_roe": 6.64,
        "latest_gross_margin": 1.35,
        "latest_equity": 341218198,
        "latest_revenue": 175878253,
        "latest_gross_profit": 2381256,
        "latest_net_income": 1456088,
        "latest_debt_ratio": 18.01,
        "latest_current_ratio": 579.44,
        "latest_account_receivable_turnover_ratio": 3.1,
        "latest_inventory_turnover_ratio": 2.06,
        "latest_reinvestment_rate": -9.57,
        "latest_research_to_sale_ratio": 0.05
    },
    "eps_dividends": {
        "2001": {
            "cash": 0,
            "stock": 0,
            "eps": 0
        },
        "2002": {
            "cash": 0,
            "stock": 0,
            "eps": 0
        },
        "2003": {
            "cash": 1.2,
            "stock": 1.2,
            "eps": 2.55
        },
        "2004": {
            "cash": 1.8,
            "stock": 0.6,
            "eps": 6.1
        },
        "2005": {
            "cash": 3.61,
            "stock": 0.6,
            "eps": 6.54
        },
        "2006": {
            "cash": 4.7,
            "stock": 0.3,
            "eps": 4.83
        },
        "2007": {
            "cash": 4.4,
            "stock": 0,
            "eps": 7.52
        },
        "2008": {
            "cash": 6.7,
            "stock": 0,
            "eps": 1.64
        },
        "2009": {
            "cash": 1.2,
            "stock": 0.3,
            "eps": 4.13
        },
        "2010": {
            "cash": 3.8,
            "stock": 0,
            "eps": 4.3
        },
        "2011": {
            "cash": 5.9,
            "stock": 0,
            "eps": 2.36
        },
        "2012": {
            "cash": 0,
            "stock": 0,
            "eps": 0.28
        },
        "2013": {
            "cash": 0.26,
            "stock": 0,
            "eps": 2.82
        },
        "2014": {
            "cash": 2.5,
            "stock": 0,
            "eps": 0.95
        },
        "2015": {
            "cash": 0.85,
            "stock": 0,
            "eps": 4.96
        },
        "2016": {
            "cash": 4,
            "stock": 0,
            "eps": 7.95
        },
        "2017": {
            "cash": 6,
            "stock": 0,
            "eps": 8.42
        },
        "2018": {
            "cash": 6.3,
            "stock": 0,
            "eps": 6.31
        },
        "2019": {
            "cash": 4.8,
            "stock": 0,
            "eps": 3.87
        },
        "2020": {
            "cash": 2.9,
            "stock": 0,
            "eps": 0.78
        },
        "2021": {
            "cash": 0.59,
            "stock": 0,
            "eps": 5.19
        },
        "2022": {
            "cash": 3.8,
            "stock": 0,
            "eps": 1.51
        },
        "2023": {
            "cash": 1.1,
            "stock": 0,
            "eps": 2.3
        },
        "2024": {
            "cash": 2,
            "stock": 0,
            "eps": 0
        }
    },
    "dividends": {
        "2003-02-20": {
            "cash": 1.2,
            "stock": 1.2
        },
        "2004-03-17": {
            "cash": 1.8,
            "stock": 0.6
        },
        "2005-05-27": {
            "cash": 3.61,
            "stock": 0.6
        },
        "2006-03-21": {
            "cash": 4.7,
            "stock": 0.3
        },
        "2007-03-13": {
            "cash": 4.4,
            "stock": 0
        },
        "2008-03-13": {
            "cash": 6.7,
            "stock": 0
        },
        "2009-03-13": {
            "cash": 1.2,
            "stock": 0.3
        },
        "2010-03-18": {
            "cash": 3.8,
            "stock": 0
        },
        "2011-01-01": {
            "cash": 2,
            "stock": 0
        },
        "2011-03-17": {
            "cash": 3.9,
            "stock": 0
        },
        "2013-03-21": {
            "cash": 0.26,
            "stock": 0
        },
        "2014-06-10": {
            "cash": 2.5,
            "stock": 0
        },
        "2015-07-24": {
            "cash": 0.85,
            "stock": 0
        },
        "2016-07-22": {
            "cash": 4,
            "stock": 0
        },
        "2017-07-18": {
            "cash": 6,
            "stock": 0
        },
        "2018-07-25": {
            "cash": 6.3,
            "stock": 0
        },
        "2019-07-25": {
            "cash": 4.8,
            "stock": 0
        },
        "2020-07-22": {
            "cash": 2.9,
            "stock": 0
        },
        "2021-08-20": {
            "cash": 0.59,
            "stock": 0
        },
        "2022-07-22": {
            "cash": 3.8,
            "stock": 0
        },
        "2023-07-12": {
            "cash": 1.1,
            "stock": 0
        },
        "2024-02-29": {
            "cash": 2,
            "stock": 0
        }
    },
    "prices": {
        "200101": "無",
        "200102": "無",
        "200103": "無",
        "200104": "無",
        "200105": "無",
        "200106": "無",
        "200107": "無",
        "200108": "無",
        "200109": "無",
        "200110": "無",
        "200111": "無",
        "200112": "無",
        "200201": "無",
        "200202": "無",
        "200203": "無",
        "200204": "無",
        "200205": "無",
        "200206": "無",
        "200207": "無",
        "200208": "無",
        "200209": "無",
        "200210": "無",
        "200211": "無",
        "200212": "無",
        "200301": "無",
        "200302": "無",
        "200303": "無",
        "200304": "無",
        "200305": "無",
        "200306": "無",
        "200307": "無",
        "200308": "無",
        "200309": "42.38",
        "200310": "42.66",
        "200311": "44.37",
        "200312": "49.30",
        "200401": "53.00",
        "200402": "52.75",
        "200403": "55.52",
        "200404": "55.70",
        "200405": "51.88",
        "200406": "52.55",
        "200407": "53.07",
        "200408": "53.75",
        "200409": "55.17",
        "200410": "57.48",
        "200411": "56.86",
        "200412": "57.89",
        "200501": "58.74",
        "200502": "59.50",
        "200503": "64.61",
        "200504": "63.89",
        "200505": "63.47",
        "200506": "65.15",
        "200507": "61.30",
        "200508": "59.22",
        "200509": "62.28",
        "200510": "61.68",
        "200511": "62.38",
        "200512": "59.55",
        "200601": "58.43",
        "200602": "58.58",
        "200603": "57.31",
        "200604": "59.43",
        "200605": "59.10",
        "200606": "59.48",
        "200607": "59.54",
        "200608": "58.86",
        "200609": "63.15",
        "200610": "64.28",
        "200611": "66.00",
        "200612": "67.80",
        "200701": "68.34",
        "200702": "68.54",
        "200703": "68.55",
        "200704": "72.62",
        "200705": "75.69",
        "200706": "82.12",
        "200707": "90.81",
        "200708": "88.94",
        "200709": "95.61",
        "200710": "101.29",
        "200711": "94.28",
        "200712": "93.92",
        "200801": "89.99",
        "200802": "81.99",
        "200803": "91.69",
        "200804": "91.73",
        "200805": "92.83",
        "200806": "85.66",
        "200807": "76.38",
        "200808": "78.24",
        "200809": "72.22",
        "200810": "73.49",
        "200811": "71.82",
        "200812": "68.13",
        "200901": "63.61",
        "200902": "58.20",
        "200903": "62.95",
        "200904": "72.31",
        "200905": "81.90",
        "200906": "79.20",
        "200907": "78.30",
        "200908": "77.42",
        "200909": "83.34",
        "200910": "83.13",
        "200911": "82.06",
        "200912": "81.79",
        "201001": "83.42",
        "201002": "79.98",
        "201003": "82.50",
        "201004": "83.87",
        "201005": "79.51",
        "201006": "78.39",
        "201007": "76.93",
        "201008": "74.29",
        "201009": "77.30",
        "201010": "81.61",
        "201011": "84.88",
        "201012": "91.83",
        "201101": "94.07",
        "201102": "91.38",
        "201103": "91.26",
        "201104": "98.16",
        "201105": "99.43",
        "201106": "99.44",
        "201107": "103.14",
        "201108": "84.42",
        "201109": "82.80",
        "201110": "89.70",
        "201111": "95.24",
        "201112": "94.14",
        "201201": "91.23",
        "201202": "91.53",
        "201203": "93.37",
        "201204": "88.30",
        "201205": "85.95",
        "201206": "80.60",
        "201207": "82.73",
        "201208": "88.76",
        "201209": "87.04",
        "201210": "85.41",
        "201211": "83.04",
        "201212": "86.57",
        "201301": "84.97",
        "201302": "84.05",
        "201303": "81.02",
        "201304": "77.21",
        "201305": "81.95",
        "201306": "75.51",
        "201307": "77.75",
        "201308": "75.58",
        "201309": "78.90",
        "201310": "79.92",
        "201311": "78.48",
        "201312": "80.35",
        "201401": "79.77",
        "201402": "76.31",
        "201403": "76.47",
        "201404": "76.68",
        "201405": "74.77",
        "201406": "75.50",
        "201407": "75.59",
        "201408": "74.11",
        "201409": "74.11",
        "201410": "70.26",
        "201411": "69.30",
        "201412": "67.15",
        "201501": "66.28",
        "201502": "69.16",
        "201503": "67.92",
        "201504": "74.82",
        "201505": "78.69",
        "201506": "76.46",
        "201507": "76.51",
        "201508": "71.15",
        "201509": "74.56",
        "201510": "80.34",
        "201511": "77.73",
        "201512": "76.64",
        "201601": "78.71",
        "201602": "82.34",
        "201603": "89.66",
        "201604": "91.69",
        "201605": "88.71",
        "201606": "87.70",
        "201607": "88.61",
        "201608": "94.51",
        "201609": "93.88",
        "201610": "101.47",
        "201611": "102.95",
        "201612": "108.98",
        "201701": "107.16",
        "201702": "106.75",
        "201703": "106.09",
        "201704": "108.03",
        "201705": "105.35",
        "201706": "107.59",
        "201707": "104.52",
        "201708": "104.52",
        "201709": "105.93",
        "201710": "105.84",
        "201711": "106.32",
        "201712": "112.21",
        "201801": "120.95",
        "201802": "116.58",
        "201803": "115.74",
        "201804": "118.86",
        "201805": "122.05",
        "201806": "121.60",
        "201807": "119.43",
        "201808": "122.80",
        "201809": "133.37",
        "201810": "127.48",
        "201811": "115.34",
        "201812": "110.26",
        "201901": "108.95",
        "201902": "113.50",
        "201903": "115.02",
        "201904": "114.28",
        "201905": "112.70",
        "201906": "114.16",
        "201907": "107.22",
        "201908": "98.85",
        "201909": "98.87",
        "201910": "97.45",
        "201911": "97.10",
        "201912": "96.77",
        "202001": "97.07",
        "202002": "88.73",
        "202003": "78.45",
        "202004": "81.82",
        "202005": "88.19",
        "202006": "91.13",
        "202007": "85.96",
        "202008": "82.86",
        "202009": "81.71",
        "202010": "81.00",
        "202011": "89.43",
        "202012": "94.37",
        "202101": "97.80",
        "202102": "96.14",
        "202103": "98.60",
        "202104": "100.51",
        "202105": "100.14",
        "202106": "107.43",
        "202107": "104.47",
        "202108": "95.95",
        "202109": "96.87",
        "202110": "101.93",
        "202111": "100.25",
        "202112": "96.31",
        "202201": "97.52",
        "202202": "98.09",
        "202203": "96.96",
        "202204": "92.36",
        "202205": "92.54",
        "202206": "95.40",
        "202207": "86.14",
        "202208": "84.14",
        "202209": "81.33",
        "202210": "79.92",
        "202211": "83.66",
        "202212": "81.44",
        "202301": "81.99",
        "202302": "83.48",
        "202303": "83.47",
        "202304": "86.69",
        "202305": "86.82",
        "202306": "87.02",
        "202307": "80.45",
        "202308": "80.28",
        "202309": "80.87",
        "202310": "80.04",
        "202311": "82.54",
        "202312": "82.25"
    },
    "quarters": {
        "20011": {
            "year_quarter": 20011,
            "year": 2001,
            "quarter": 1,
            "eps": null,
            "eps_growth_year": null,
            "eps_4q": null,
            "eps_4q_growth_year": null,
            "roe": null,
            "roe_4q": 0,
            "gross_profit": null,
            "gross_margin": null,
            "gross_margin_4q_avg": 0,
            "net_income": null,
            "net_income_4q": null,
            "revenue": null,
            "revenue_4q": null,
            "common_shares": null,
            "book_valuer_per_share": null,
            "book_valuer_per_share_4q_avg": 0,
            "equity": null,
            "current_ratio": null,
            "debt_ratio": null,
            "inventory_turnover_ratio": null,
            "account_receivable_turnover_ratio": null,
            "reinvestment_rate": null,
            "research_to_sale_ratio": null,
            "price_fair": 0,
            "eps_avg_yearly": 0,
            "eps_latest_yearly": 0,
            "eps_growth_yearly": 0
        },
        "20012": {
            "year_quarter": 20012,
            "year": 2001,
            "quarter": 2,
            "eps": null,
            "eps_growth_year": null,
            "eps_4q": null,
            "eps_4q_growth_year": null,
            "roe": null,
            "roe_4q": 0,
            "gross_profit": null,
            "gross_margin": null,
            "gross_margin_4q_avg": 0,
            "net_income": null,
            "net_income_4q": null,
            "revenue": null,
            "revenue_4q": null,
            "common_shares": null,
            "book_valuer_per_share": null,
            "book_valuer_per_share_4q_avg": 0,
            "equity": null,
            "current_ratio": null,
            "debt_ratio": null,
            "inventory_turnover_ratio": null,
            "account_receivable_turnover_ratio": null,
            "reinvestment_rate": null,
            "research_to_sale_ratio": null,
            "price_fair": 0,
            "eps_avg_yearly": 0,
            "eps_latest_yearly": 0,
            "eps_growth_yearly": 0
        },
        "20013": {
            "year_quarter": 20013,
            "year": 2001,
            "quarter": 3,
            "eps": null,
            "eps_growth_year": null,
            "eps_4q": null,
            "eps_4q_growth_year": null,
            "roe": null,
            "roe_4q": 0,
            "gross_profit": null,
            "gross_margin": null,
            "gross_margin_4q_avg": 0,
            "net_income": null,
            "net_income_4q": null,
            "revenue": null,
            "revenue_4q": null,
            "common_shares": null,
            "book_valuer_per_share": null,
            "book_valuer_per_share_4q_avg": 0,
            "equity": null,
            "current_ratio": null,
            "debt_ratio": null,
            "inventory_turnover_ratio": null,
            "account_receivable_turnover_ratio": null,
            "reinvestment_rate": null,
            "research_to_sale_ratio": null,
            "price_fair": 0,
            "eps_avg_yearly": 0,
            "eps_latest_yearly": 0,
            "eps_growth_yearly": 0
        },
        "20014": {
            "year_quarter": 20014,
            "year": 2001,
            "quarter": 4,
            "eps": null,
            "eps_growth_year": null,
            "eps_4q": null,
            "eps_4q_growth_year": null,
            "roe": null,
            "roe_4q": 0,
            "gross_profit": null,
            "gross_margin": null,
            "gross_margin_4q_avg": 0,
            "net_income": null,
            "net_income_4q": null,
            "revenue": null,
            "revenue_4q": null,
            "common_shares": 70000000,
            "book_valuer_per_share": 16.84,
            "book_valuer_per_share_4q_avg": 4.21,
            "equity": 117847298,
            "current_ratio": 103.56,
            "debt_ratio": 59.19,
            "inventory_turnover_ratio": null,
            "account_receivable_turnover_ratio": null,
            "reinvestment_rate": null,
            "research_to_sale_ratio": null,
            "price_fair": 0,
            "eps_avg_yearly": 0,
            "eps_latest_yearly": 0,
            "eps_growth_yearly": 0
        },
        "20021": {
            "year_quarter": 20021,
            "year": 2002,
            "quarter": 1,
            "eps": null,
            "eps_growth_year": null,
            "eps_4q": null,
            "eps_4q_growth_year": null,
            "roe": null,
            "roe_4q": 0,
            "gross_profit": null,
            "gross_margin": null,
            "gross_margin_4q_avg": 0,
            "net_income": null,
            "net_income_4q": null,
            "revenue": null,
            "revenue_4q": null,
            "common_shares": null,
            "book_valuer_per_share": null,
            "book_valuer_per_share_4q_avg": 4.21,
            "equity": null,
            "current_ratio": null,
            "debt_ratio": null,
            "inventory_turnover_ratio": null,
            "account_receivable_turnover_ratio": null,
            "reinvestment_rate": null,
            "research_to_sale_ratio": null,
            "price_fair": 0,
            "eps_avg_yearly": 0,
            "eps_latest_yearly": 0,
            "eps_growth_yearly": 0
        },
        "20022": {
            "year_quarter": 20022,
            "year": 2002,
            "quarter": 2,
            "eps": null,
            "eps_growth_year": null,
            "eps_4q": null,
            "eps_4q_growth_year": null,
            "roe": null,
            "roe_4q": 0,
            "gross_profit": null,
            "gross_margin": null,
            "gross_margin_4q_avg": 0,
            "net_income": null,
            "net_income_4q": null,
            "revenue": null,
            "revenue_4q": null,
            "common_shares": null,
            "book_valuer_per_share": null,
            "book_valuer_per_share_4q_avg": 4.21,
            "equity": null,
            "current_ratio": null,
            "debt_ratio": null,
            "inventory_turnover_ratio": null,
            "account_receivable_turnover_ratio": null,
            "reinvestment_rate": null,
            "research_to_sale_ratio": null,
            "price_fair": 0,
            "eps_avg_yearly": 0,
            "eps_latest_yearly": 0,
            "eps_growth_yearly": 0
        },
        "20023": {
            "year_quarter": 20023,
            "year": 2002,
            "quarter": 3,
            "eps": null,
            "eps_growth_year": null,
            "eps_4q": null,
            "eps_4q_growth_year": null,
            "roe": null,
            "roe_4q": 0,
            "gross_profit": null,
            "gross_margin": null,
            "gross_margin_4q_avg": 0,
            "net_income": null,
            "net_income_4q": null,
            "revenue": null,
            "revenue_4q": null,
            "common_shares": null,
            "book_valuer_per_share": null,
            "book_valuer_per_share_4q_avg": 4.21,
            "equity": null,
            "current_ratio": null,
            "debt_ratio": null,
            "inventory_turnover_ratio": null,
            "account_receivable_turnover_ratio": null,
            "reinvestment_rate": null,
            "research_to_sale_ratio": null,
            "price_fair": 0,
            "eps_avg_yearly": 0,
            "eps_latest_yearly": 0,
            "eps_growth_yearly": 0
        },
        "20024": {
            "year_quarter": 20024,
            "year": 2002,
            "quarter": 4,
            "eps": null,
            "eps_growth_year": null,
            "eps_4q": null,
            "eps_4q_growth_year": null,
            "roe": null,
            "roe_4q": 0,
            "gross_profit": null,
            "gross_margin": null,
            "gross_margin_4q_avg": 0,
            "net_income": null,
            "net_income_4q": null,
            "revenue": null,
            "revenue_4q": null,
            "common_shares": 70000000,
            "book_valuer_per_share": 18.47,
            "book_valuer_per_share_4q_avg": 4.62,
            "equity": 129276739,
            "current_ratio": 114.51,
            "debt_ratio": 58.57,
            "inventory_turnover_ratio": null,
            "account_receivable_turnover_ratio": null,
            "reinvestment_rate": null,
            "research_to_sale_ratio": null,
            "price_fair": 0,
            "eps_avg_yearly": 0,
            "eps_latest_yearly": 0,
            "eps_growth_yearly": 0
        },
        "20031": {
            "year_quarter": 20031,
            "year": 2003,
            "quarter": 1,
            "eps": 1.28,
            "eps_growth_year": null,
            "eps_4q": null,
            "eps_4q_growth_year": null,
            "roe": 6.71,
            "roe_4q": 6.71,
            "gross_profit": 6449814,
            "gross_margin": 11.8,
            "gross_margin_4q_avg": 2.95,
            "net_income": 8973132,
            "net_income_4q": null,
            "revenue": 54643290,
            "revenue_4q": null,
            "common_shares": 70000000,
            "book_valuer_per_share": 19.75,
            "book_valuer_per_share_4q_avg": 9.56,
            "equity": 138249871,
            "current_ratio": 128.92,
            "debt_ratio": 55.52,
            "inventory_turnover_ratio": 1.92,
            "account_receivable_turnover_ratio": null,
            "reinvestment_rate": null,
            "research_to_sale_ratio": null,
            "price_fair": 0,
            "eps_avg_yearly": 0,
            "eps_latest_yearly": 0,
            "eps_growth_yearly": 0
        },
        "20032": {
            "year_quarter": 20032,
            "year": 2003,
            "quarter": 2,
            "eps": 0.36,
            "eps_growth_year": null,
            "eps_4q": null,
            "eps_4q_growth_year": null,
            "roe": 2.11,
            "roe_4q": 8.82,
            "gross_profit": 6089120,
            "gross_margin": 11.73,
            "gross_margin_4q_avg": 5.88,
            "net_income": 2860493,
            "net_income_4q": null,
            "revenue": 51924542,
            "revenue_4q": null,
            "common_shares": 70000000,
            "book_valuer_per_share": 18.96,
            "book_valuer_per_share_4q_avg": 14.3,
            "equity": 132710364,
            "current_ratio": 92.57,
            "debt_ratio": 57.92,
            "inventory_turnover_ratio": 1.83,
            "account_receivable_turnover_ratio": null,
            "reinvestment_rate": null,
            "research_to_sale_ratio": null,
            "price_fair": 4.32,
            "eps_avg_yearly": 1.44,
            "eps_latest_yearly": 1.44,
            "eps_growth_yearly": -287.5
        },
        "20033": {
            "year_quarter": 20033,
            "year": 2003,
            "quarter": 3,
            "eps": 0.48,
            "eps_growth_year": null,
            "eps_4q": null,
            "eps_4q_growth_year": null,
            "roe": 2.79,
            "roe_4q": 11.61,
            "gross_profit": 7689894,
            "gross_margin": 12.26,
            "gross_margin_4q_avg": 8.95,
            "net_income": 3749547,
            "net_income_4q": null,
            "revenue": 62719150,
            "revenue_4q": null,
            "common_shares": 78400000,
            "book_valuer_per_share": 17.4,
            "book_valuer_per_share_4q_avg": 18.65,
            "equity": 136428769,
            "current_ratio": 123.16,
            "debt_ratio": 57.66,
            "inventory_turnover_ratio": 2.13,
            "account_receivable_turnover_ratio": null,
            "reinvestment_rate": null,
            "research_to_sale_ratio": null,
            "price_fair": 5.04,
            "eps_avg_yearly": 1.68,
            "eps_latest_yearly": 1.92,
            "eps_growth_yearly": -77.08
        },
        "20034": {
            "year_quarter": 20034,
            "year": 2003,
            "quarter": 4,
            "eps": 0.43,
            "eps_growth_year": null,
            "eps_4q": 2.43,
            "eps_4q_growth_year": null,
            "roe": 2.43,
            "roe_4q": 14.04,
            "gross_profit": 8037957,
            "gross_margin": 11.96,
            "gross_margin_4q_avg": 11.94,
            "net_income": 3351724,
            "net_income_4q": null,
            "revenue": 67233181,
            "revenue_4q": null,
            "common_shares": 78400000,
            "book_valuer_per_share": 17.83,
            "book_valuer_per_share_4q_avg": 18.49,
            "equity": 139780438,
            "current_ratio": 104.11,
            "debt_ratio": 57.41,
            "inventory_turnover_ratio": 2.18,
            "account_receivable_turnover_ratio": null,
            "reinvestment_rate": null,
            "research_to_sale_ratio": null,
            "price_fair": 5.08,
            "eps_avg_yearly": 1.69,
            "eps_latest_yearly": 1.72,
            "eps_growth_yearly": -65.28
        },
        "20041": {
            "year_quarter": 20041,
            "year": 2004,
            "quarter": 1,
            "eps": 1.14,
            "eps_growth_year": -10.94,
            "eps_4q": 2.41,
            "eps_4q_growth_year": null,
            "roe": 6.21,
            "roe_4q": 13.54,
            "gross_profit": 11653497,
            "gross_margin": 15.76,
            "gross_margin_4q_avg": 12.93,
            "net_income": 8956699,
            "net_income_4q": null,
            "revenue": 73946237,
            "revenue_4q": null,
            "common_shares": 78400000,
            "book_valuer_per_share": 18.97,
            "book_valuer_per_share_4q_avg": 18.29,
            "equity": 148737137,
            "current_ratio": 117.21,
            "debt_ratio": 55.16,
            "inventory_turnover_ratio": 2.15,
            "account_receivable_turnover_ratio": null,
            "reinvestment_rate": null,
            "research_to_sale_ratio": null,
            "price_fair": 84.35,
            "eps_avg_yearly": 2.41,
            "eps_latest_yearly": 4.56,
            "eps_growth_yearly": 116.16
        },
        "20042": {
            "year_quarter": 20042,
            "year": 2004,
            "quarter": 2,
            "eps": 0.97,
            "eps_growth_year": 169.44,
            "eps_4q": 2.89,
            "eps_4q_growth_year": null,
            "roe": 5.56,
            "roe_4q": 16.99,
            "gross_profit": 12481953,
            "gross_margin": 16.09,
            "gross_margin_4q_avg": 14.02,
            "net_income": 8097130,
            "net_income_4q": null,
            "revenue": 77556530,
            "revenue_4q": null,
            "common_shares": 78400000,
            "book_valuer_per_share": 18.2,
            "book_valuer_per_share_4q_avg": 18.1,
            "equity": 142721454,
            "current_ratio": 124.78,
            "debt_ratio": 58.59,
            "inventory_turnover_ratio": 2.3,
            "account_receivable_turnover_ratio": null,
            "reinvestment_rate": null,
            "research_to_sale_ratio": null,
            "price_fair": 94.64,
            "eps_avg_yearly": 2.7,
            "eps_latest_yearly": 3.88,
            "eps_growth_yearly": 81
        },
        "20043": {
            "year_quarter": 20043,
            "year": 2004,
            "quarter": 3,
            "eps": 1.45,
            "eps_growth_year": 202.08,
            "eps_4q": 3.9,
            "eps_4q_growth_year": null,
            "roe": 8.11,
            "roe_4q": 22.31,
            "gross_profit": 16252359,
            "gross_margin": 18.02,
            "gross_margin_4q_avg": 15.46,
            "net_income": 12057646,
            "net_income_4q": null,
            "revenue": 90207322,
            "revenue_4q": null,
            "common_shares": 83104000,
            "book_valuer_per_share": 18.62,
            "book_valuer_per_share_4q_avg": 18.41,
            "equity": 154779101,
            "current_ratio": 162.42,
            "debt_ratio": 56.23,
            "inventory_turnover_ratio": 2.33,
            "account_receivable_turnover_ratio": null,
            "reinvestment_rate": null,
            "research_to_sale_ratio": null,
            "price_fair": 112.7,
            "eps_avg_yearly": 3.22,
            "eps_latest_yearly": 5.8,
            "eps_growth_yearly": 100.49
        },
        "20044": {
            "year_quarter": 20044,
            "year": 2004,
            "quarter": 4,
            "eps": 2.54,
            "eps_growth_year": 490.7,
            "eps_4q": 6.04,
            "eps_4q_growth_year": 148.51,
            "roe": 12.67,
            "roe_4q": 32.55,
            "gross_profit": 23601656,
            "gross_margin": 22.33,
            "gross_margin_4q_avg": 18.05,
            "net_income": 21146243,
            "net_income_4q": null,
            "revenue": 105710074,
            "revenue_4q": null,
            "common_shares": 83724820,
            "book_valuer_per_share": 21.39,
            "book_valuer_per_share_4q_avg": 19.3,
            "equity": 179085149,
            "current_ratio": 211.6,
            "debt_ratio": 49.38,
            "inventory_turnover_ratio": 2.34,
            "account_receivable_turnover_ratio": null,
            "reinvestment_rate": null,
            "research_to_sale_ratio": null,
            "price_fair": 147.4,
            "eps_avg_yearly": 4.21,
            "eps_latest_yearly": 10.16,
            "eps_growth_yearly": 129.09
        },
        "20051": {
            "year_quarter": 20051,
            "year": 2005,
            "quarter": 1,
            "eps": 2.06,
            "eps_growth_year": 80.7,
            "eps_4q": 6.98,
            "eps_4q_growth_year": 189.9,
            "roe": 9.14,
            "roe_4q": 35.480000000000004,
            "gross_profit": 20200405,
            "gross_margin": 20.77,
            "gross_margin_4q_avg": 19.3,
            "net_income": 17290505,
            "net_income_4q": null,
            "revenue": 97278062,
            "revenue_4q": null,
            "common_shares": 84344637,
            "book_valuer_per_share": 23.65,
            "book_valuer_per_share_4q_avg": 20.47,
            "equity": 199437918,
            "current_ratio": 189.26,
            "debt_ratio": 47.11,
            "inventory_turnover_ratio": 2.29,
            "account_receivable_turnover_ratio": null,
            "reinvestment_rate": null,
            "research_to_sale_ratio": null,
            "price_fair": 165.03,
            "eps_avg_yearly": 4.72,
            "eps_latest_yearly": 8.24,
            "eps_growth_yearly": 103.5
        },
        "20052": {
            "year_quarter": 20052,
            "year": 2005,
            "quarter": 2,
            "eps": 1.52,
            "eps_growth_year": 56.7,
            "eps_4q": 7.19,
            "eps_4q_growth_year": 148.47,
            "roe": 7.07,
            "roe_4q": 36.99,
            "gross_profit": 16698301,
            "gross_margin": 16.1,
            "gross_margin_4q_avg": 19.31,
            "net_income": 13536874,
            "net_income_4q": null,
            "revenue": 103731943,
            "revenue_4q": null,
            "common_shares": 84344637,
            "book_valuer_per_share": 21.74,
            "book_valuer_per_share_4q_avg": 21.35,
            "equity": 183333626,
            "current_ratio": 117.82,
            "debt_ratio": 51.22,
            "inventory_turnover_ratio": 2.76,
            "account_receivable_turnover_ratio": null,
            "reinvestment_rate": null,
            "research_to_sale_ratio": null,
            "price_fair": 170.33,
            "eps_avg_yearly": 4.87,
            "eps_latest_yearly": 6.08,
            "eps_growth_yearly": 80.35
        },
        "20053": {
            "year_quarter": 20053,
            "year": 2005,
            "quarter": 3,
            "eps": 1.56,
            "eps_growth_year": 7.59,
            "eps_4q": 7.38,
            "eps_4q_growth_year": 88.97,
            "roe": 7.32,
            "roe_4q": 36.2,
            "gross_profit": 15292019,
            "gross_margin": 13.8,
            "gross_margin_4q_avg": 18.25,
            "net_income": 13937826,
            "net_income_4q": null,
            "revenue": 110787370,
            "revenue_4q": null,
            "common_shares": 89685399,
            "book_valuer_per_share": 22.04,
            "book_valuer_per_share_4q_avg": 22.21,
            "equity": 197631708,
            "current_ratio": 134.98,
            "debt_ratio": 50.17,
            "inventory_turnover_ratio": 2.93,
            "account_receivable_turnover_ratio": null,
            "reinvestment_rate": null,
            "research_to_sale_ratio": null,
            "price_fair": 175.14,
            "eps_avg_yearly": 5,
            "eps_latest_yearly": 6.24,
            "eps_growth_yearly": 73.37
        },
        "20054": {
            "year_quarter": 20054,
            "year": 2005,
            "quarter": 4,
            "eps": 1.4,
            "eps_growth_year": -44.88,
            "eps_4q": 6.42,
            "eps_4q_growth_year": 6.34,
            "roe": 6.12,
            "roe_4q": 29.650000000000002,
            "gross_profit": 18101469,
            "gross_margin": 13.76,
            "gross_margin_4q_avg": 16.11,
            "net_income": 12484942,
            "net_income_4q": null,
            "revenue": 131523075,
            "revenue_4q": null,
            "common_shares": 89695828,
            "book_valuer_per_share": 23.43,
            "book_valuer_per_share_4q_avg": 22.72,
            "equity": 210218149,
            "current_ratio": 147.94,
            "debt_ratio": 48.16,
            "inventory_turnover_ratio": 2.83,
            "account_receivable_turnover_ratio": null,
            "reinvestment_rate": null,
            "research_to_sale_ratio": null,
            "price_fair": 177.04,
            "eps_avg_yearly": 5.06,
            "eps_latest_yearly": 5.6,
            "eps_growth_yearly": 62.97
        },
        "20061": {
            "year_quarter": 20061,
            "year": 2006,
            "quarter": 1,
            "eps": 0.5,
            "eps_growth_year": -75.73,
            "eps_4q": 4.98,
            "eps_4q_growth_year": -28.62,
            "roe": 2.08,
            "roe_4q": 22.59,
            "gross_profit": 9241091,
            "gross_margin": 8.44,
            "gross_margin_4q_avg": 13.03,
            "net_income": 4457340,
            "net_income_4q": null,
            "revenue": 109486778,
            "revenue_4q": null,
            "common_shares": 89791306,
            "book_valuer_per_share": 24.21,
            "book_valuer_per_share_4q_avg": 22.86,
            "equity": 217388951,
            "current_ratio": 154.01,
            "debt_ratio": 46.43,
            "inventory_turnover_ratio": 2.34,
            "account_receivable_turnover_ratio": null,
            "reinvestment_rate": null,
            "research_to_sale_ratio": null,
            "price_fair": 168.12,
            "eps_avg_yearly": 4.8,
            "eps_latest_yearly": 2,
            "eps_growth_yearly": 36.29
        },
        "20062": {
            "year_quarter": 20062,
            "year": 2006,
            "quarter": 2,
            "eps": 1.4,
            "eps_growth_year": -7.89,
            "eps_4q": 4.75,
            "eps_4q_growth_year": -33.96,
            "roe": 6.37,
            "roe_4q": 21.89,
            "gross_profit": 20189863,
            "gross_margin": 13.73,
            "gross_margin_4q_avg": 12.43,
            "net_income": 12912952,
            "net_income_4q": null,
            "revenue": 147063952,
            "revenue_4q": null,
            "common_shares": 89791306,
            "book_valuer_per_share": 20.91,
            "book_valuer_per_share_4q_avg": 22.65,
            "equity": 187762227,
            "current_ratio": 110.08,
            "debt_ratio": 55.53,
            "inventory_turnover_ratio": 3.24,
            "account_receivable_turnover_ratio": null,
            "reinvestment_rate": null,
            "research_to_sale_ratio": null,
            "price_fair": 170.26,
            "eps_avg_yearly": 4.86,
            "eps_latest_yearly": 5.6,
            "eps_growth_yearly": 88.89
        },
        "20063": {
            "year_quarter": 20063,
            "year": 2006,
            "quarter": 3,
            "eps": 1.47,
            "eps_growth_year": -5.77,
            "eps_4q": 4.7,
            "eps_4q_growth_year": -36.29,
            "roe": 6.98,
            "roe_4q": 21.55,
            "gross_profit": 18684093,
            "gross_margin": 13.27,
            "gross_margin_4q_avg": 12.3,
            "net_income": 13587294,
            "net_income_4q": null,
            "revenue": 140824188,
            "revenue_4q": null,
            "common_shares": 92485045,
            "book_valuer_per_share": 21.8,
            "book_valuer_per_share_4q_avg": 22.59,
            "equity": 201577971,
            "current_ratio": 145.89,
            "debt_ratio": 53.04,
            "inventory_turnover_ratio": 2.81,
            "account_receivable_turnover_ratio": null,
            "reinvestment_rate": null,
            "research_to_sale_ratio": null,
            "price_fair": 172.8,
            "eps_avg_yearly": 4.94,
            "eps_latest_yearly": 5.88,
            "eps_growth_yearly": 83.97
        },
        "20064": {
            "year_quarter": 20064,
            "year": 2006,
            "quarter": 4,
            "eps": 1.46,
            "eps_growth_year": 4.29,
            "eps_4q": 4.8,
            "eps_4q_growth_year": -25.18,
            "roe": 6.45,
            "roe_4q": 21.880000000000003,
            "gross_profit": 15232409,
            "gross_margin": 11.52,
            "gross_margin_4q_avg": 11.74,
            "net_income": 13518763,
            "net_income_4q": null,
            "revenue": 132191433,
            "revenue_4q": null,
            "common_shares": 92485045,
            "book_valuer_per_share": 23.54,
            "book_valuer_per_share_4q_avg": 22.62,
            "equity": 217752181,
            "current_ratio": 175.58,
            "debt_ratio": 50.47,
            "inventory_turnover_ratio": 2.42,
            "account_receivable_turnover_ratio": null,
            "reinvestment_rate": 29.25,
            "research_to_sale_ratio": null,
            "price_fair": 174.91,
            "eps_avg_yearly": 5,
            "eps_latest_yearly": 5.84,
            "eps_growth_yearly": 78.19
        },
        "20071": {
            "year_quarter": 20071,
            "year": 2007,
            "quarter": 1,
            "eps": 1.34,
            "eps_growth_year": 168,
            "eps_4q": 5.67,
            "eps_4q_growth_year": 13.78,
            "roe": 5.5,
            "roe_4q": 25.3,
            "gross_profit": 18557028,
            "gross_margin": 13.92,
            "gross_margin_4q_avg": 13.11,
            "net_income": 12387594,
            "net_income_4q": null,
            "revenue": 133288439,
            "revenue_4q": null,
            "common_shares": 92485045,
            "book_valuer_per_share": 25.2,
            "book_valuer_per_share_4q_avg": 22.86,
            "equity": 233068679,
            "current_ratio": 217.38,
            "debt_ratio": 47.25,
            "inventory_turnover_ratio": 2.35,
            "account_receivable_turnover_ratio": null,
            "reinvestment_rate": 28.38,
            "research_to_sale_ratio": null,
            "price_fair": 175.7,
            "eps_avg_yearly": 5.02,
            "eps_latest_yearly": 5.36,
            "eps_growth_yearly": 71.25
        },
        "20072": {
            "year_quarter": 20072,
            "year": 2007,
            "quarter": 2,
            "eps": 1.74,
            "eps_growth_year": 24.29,
            "eps_4q": 6,
            "eps_4q_growth_year": 26.38,
            "roe": 7.22,
            "roe_4q": 26.15,
            "gross_profit": 24029388,
            "gross_margin": 14.97,
            "gross_margin_4q_avg": 13.42,
            "net_income": 16129666,
            "net_income_4q": null,
            "revenue": 160558402,
            "revenue_4q": null,
            "common_shares": 92485045,
            "book_valuer_per_share": 23.08,
            "book_valuer_per_share_4q_avg": 23.41,
            "equity": 213439763,
            "current_ratio": 141.54,
            "debt_ratio": 53.57,
            "inventory_turnover_ratio": 2.78,
            "account_receivable_turnover_ratio": null,
            "reinvestment_rate": 27.76,
            "research_to_sale_ratio": null,
            "price_fair": 187.78,
            "eps_avg_yearly": 5.37,
            "eps_latest_yearly": 6.96,
            "eps_growth_yearly": 96.68
        },
        "20073": {
            "year_quarter": 20073,
            "year": 2007,
            "quarter": 3,
            "eps": 2.47,
            "eps_growth_year": 68.03,
            "eps_4q": 7.01,
            "eps_4q_growth_year": 49.23,
            "roe": 10.09,
            "roe_4q": 29.259999999999998,
            "gross_profit": 22643600,
            "gross_margin": 12.07,
            "gross_margin_4q_avg": 13.12,
            "net_income": 22849828,
            "net_income_4q": null,
            "revenue": 187663589,
            "revenue_4q": null,
            "common_shares": 92485045,
            "book_valuer_per_share": 25.91,
            "book_valuer_per_share_4q_avg": 24.43,
            "equity": 239606251,
            "current_ratio": 179.86,
            "debt_ratio": 49.77,
            "inventory_turnover_ratio": 3.32,
            "account_receivable_turnover_ratio": null,
            "reinvestment_rate": 26.29,
            "research_to_sale_ratio": null,
            "price_fair": 205.19,
            "eps_avg_yearly": 5.86,
            "eps_latest_yearly": 9.88,
            "eps_growth_yearly": 98.83
        },
        "20074": {
            "year_quarter": 20074,
            "year": 2007,
            "quarter": 4,
            "eps": 1.97,
            "eps_growth_year": 34.93,
            "eps_4q": 7.52,
            "eps_4q_growth_year": 56.49,
            "roe": 7.33,
            "roe_4q": 30.14,
            "gross_profit": 20696226,
            "gross_margin": 9.5,
            "gross_margin_4q_avg": 12.62,
            "net_income": 18243706,
            "net_income_4q": null,
            "revenue": 217804442,
            "revenue_4q": null,
            "common_shares": 92485045,
            "book_valuer_per_share": 27.92,
            "book_valuer_per_share_4q_avg": 25.53,
            "equity": 258232294,
            "current_ratio": 190.26,
            "debt_ratio": 47.47,
            "inventory_turnover_ratio": 3.82,
            "account_receivable_turnover_ratio": null,
            "reinvestment_rate": 25.29,
            "research_to_sale_ratio": null,
            "price_fair": 218.66,
            "eps_avg_yearly": 6.25,
            "eps_latest_yearly": 7.88,
            "eps_growth_yearly": 96.38
        },
        "20081": {
            "year_quarter": 20081,
            "year": 2008,
            "quarter": 1,
            "eps": 1.06,
            "eps_growth_year": -20.9,
            "eps_4q": 7.24,
            "eps_4q_growth_year": 27.63,
            "roe": 3.75,
            "roe_4q": 28.39,
            "gross_profit": 17776076,
            "gross_margin": 7.7,
            "gross_margin_4q_avg": 11.06,
            "net_income": 9822149,
            "net_income_4q": null,
            "revenue": 230869562,
            "revenue_4q": null,
            "common_shares": 92485045,
            "book_valuer_per_share": 28.78,
            "book_valuer_per_share_4q_avg": 26.42,
            "equity": 266169055,
            "current_ratio": 220.15,
            "debt_ratio": 45.28,
            "inventory_turnover_ratio": 4.19,
            "account_receivable_turnover_ratio": null,
            "reinvestment_rate": 22.9,
            "research_to_sale_ratio": null,
            "price_fair": 217.96,
            "eps_avg_yearly": 6.23,
            "eps_latest_yearly": 4.24,
            "eps_growth_yearly": 43.55
        },
        "20082": {
            "year_quarter": 20082,
            "year": 2008,
            "quarter": 2,
            "eps": 2.13,
            "eps_growth_year": 22.41,
            "eps_4q": 7.62,
            "eps_4q_growth_year": 27.04,
            "roe": 8.15,
            "roe_4q": 29.32,
            "gross_profit": 28867307,
            "gross_margin": 10.87,
            "gross_margin_4q_avg": 10.04,
            "net_income": 19742715,
            "net_income_4q": null,
            "revenue": 265589329,
            "revenue_4q": null,
            "common_shares": 92485045,
            "book_valuer_per_share": 23.63,
            "book_valuer_per_share_4q_avg": 26.56,
            "equity": 218588023,
            "current_ratio": 124.81,
            "debt_ratio": 57.97,
            "inventory_turnover_ratio": 4.53,
            "account_receivable_turnover_ratio": null,
            "reinvestment_rate": 19.22,
            "research_to_sale_ratio": null,
            "price_fair": 228.11,
            "eps_avg_yearly": 6.52,
            "eps_latest_yearly": 8.52,
            "eps_growth_yearly": 72.51
        },
        "20083": {
            "year_quarter": 20083,
            "year": 2008,
            "quarter": 3,
            "eps": 1.73,
            "eps_growth_year": -29.96,
            "eps_4q": 6.9,
            "eps_4q_growth_year": -1.64,
            "roe": 7.15,
            "roe_4q": 26.380000000000003,
            "gross_profit": 14767252,
            "gross_margin": 5.78,
            "gross_margin_4q_avg": 8.46,
            "net_income": 15999884,
            "net_income_4q": null,
            "revenue": 255652496,
            "revenue_4q": null,
            "common_shares": 92485045,
            "book_valuer_per_share": 24.72,
            "book_valuer_per_share_4q_avg": 26.26,
            "equity": 228658595,
            "current_ratio": 158.83,
            "debt_ratio": 54.51,
            "inventory_turnover_ratio": 3.8,
            "account_receivable_turnover_ratio": null,
            "reinvestment_rate": 12.11,
            "research_to_sale_ratio": null,
            "price_fair": 230.56,
            "eps_avg_yearly": 6.59,
            "eps_latest_yearly": 6.92,
            "eps_growth_yearly": 55.45
        },
        "20084": {
            "year_quarter": 20084,
            "year": 2008,
            "quarter": 4,
            "eps": -3.28,
            "eps_growth_year": -266.5,
            "eps_4q": 1.64,
            "eps_4q_growth_year": -78.19,
            "roe": -14.37,
            "roe_4q": 4.6800000000000015,
            "gross_profit": -34768172,
            "gross_margin": -27.81,
            "gross_margin_4q_avg": -0.87,
            "net_income": -30368746,
            "net_income_4q": null,
            "revenue": 125039243,
            "revenue_4q": null,
            "common_shares": 92485045,
            "book_valuer_per_share": 20.98,
            "book_valuer_per_share_4q_avg": 24.53,
            "equity": 194035621,
            "current_ratio": 152.62,
            "debt_ratio": 55.05,
            "inventory_turnover_ratio": 2.59,
            "account_receivable_turnover_ratio": 7.88,
            "reinvestment_rate": 11.7,
            "research_to_sale_ratio": null,
            "price_fair": 222.23,
            "eps_avg_yearly": 6.35,
            "eps_latest_yearly": 6.92,
            "eps_growth_yearly": 39.1
        },
        "20091": {
            "year_quarter": 20091,
            "year": 2009,
            "quarter": 1,
            "eps": 0.29,
            "eps_growth_year": -72.64,
            "eps_4q": 0.88,
            "eps_4q_growth_year": -87.89,
            "roe": 1.35,
            "roe_4q": 2.280000000000001,
            "gross_profit": 12126166,
            "gross_margin": 10.2,
            "gross_margin_4q_avg": -0.24,
            "net_income": 2656782,
            "net_income_4q": null,
            "revenue": 118879995,
            "revenue_4q": null,
            "common_shares": 92485045,
            "book_valuer_per_share": 21.45,
            "book_valuer_per_share_4q_avg": 22.7,
            "equity": 198420152,
            "current_ratio": 168.75,
            "debt_ratio": 52.65,
            "inventory_turnover_ratio": 2.3,
            "account_receivable_turnover_ratio": 3.3,
            "reinvestment_rate": 5.94,
            "research_to_sale_ratio": null,
            "price_fair": 217.5,
            "eps_avg_yearly": 6.21,
            "eps_latest_yearly": 6.92,
            "eps_growth_yearly": 47.29
        },
        "20092": {
            "year_quarter": 20092,
            "year": 2009,
            "quarter": 2,
            "eps": 1.35,
            "eps_growth_year": -36.62,
            "eps_4q": 0.12,
            "eps_4q_growth_year": -98.37,
            "roe": 6.44,
            "roe_4q": 0.5700000000000021,
            "gross_profit": 15970384,
            "gross_margin": 10.15,
            "gross_margin_4q_avg": -0.42,
            "net_income": 12905364,
            "net_income_4q": null,
            "revenue": 157393466,
            "revenue_4q": null,
            "common_shares": 92485045,
            "book_valuer_per_share": 21.87,
            "book_valuer_per_share_4q_avg": 22.26,
            "equity": 202316563,
            "current_ratio": 146.15,
            "debt_ratio": 53.42,
            "inventory_turnover_ratio": 2.93,
            "account_receivable_turnover_ratio": 3.14,
            "reinvestment_rate": -3.21,
            "research_to_sale_ratio": null,
            "price_fair": 215.8,
            "eps_avg_yearly": 6.17,
            "eps_latest_yearly": 5.4,
            "eps_growth_yearly": 159.21
        },
        "20093": {
            "year_quarter": 20093,
            "year": 2009,
            "quarter": 3,
            "eps": 1.41,
            "eps_growth_year": -18.5,
            "eps_4q": -0.15,
            "eps_4q_growth_year": -102.17,
            "roe": 6.34,
            "roe_4q": -0.23999999999999844,
            "gross_profit": 14383171,
            "gross_margin": 7.95,
            "gross_margin_4q_avg": 0.12,
            "net_income": 13392016,
            "net_income_4q": null,
            "revenue": 180961848,
            "revenue_4q": null,
            "common_shares": 95259597,
            "book_valuer_per_share": 23.09,
            "book_valuer_per_share_4q_avg": 21.85,
            "equity": 219975947,
            "current_ratio": 155.69,
            "debt_ratio": 49.61,
            "inventory_turnover_ratio": 2.7,
            "account_receivable_turnover_ratio": 3.18,
            "reinvestment_rate": -12.3,
            "research_to_sale_ratio": null,
            "price_fair": 214.3,
            "eps_avg_yearly": 6.12,
            "eps_latest_yearly": 5.64,
            "eps_growth_yearly": 159.73
        },
        "20094": {
            "year_quarter": 20094,
            "year": 2009,
            "quarter": 4,
            "eps": 1.08,
            "eps_growth_year": null,
            "eps_4q": 4.11,
            "eps_4q_growth_year": 150.91,
            "roe": 4.52,
            "roe_4q": 18.650000000000002,
            "gross_profit": 12902566,
            "gross_margin": 7.23,
            "gross_margin_4q_avg": 8.88,
            "net_income": 10242336,
            "net_income_4q": null,
            "revenue": 178362969,
            "revenue_4q": null,
            "common_shares": 95259597,
            "book_valuer_per_share": 24.44,
            "book_valuer_per_share_4q_avg": 22.71,
            "equity": 232852024,
            "current_ratio": 159.22,
            "debt_ratio": 48.19,
            "inventory_turnover_ratio": 2.42,
            "account_receivable_turnover_ratio": 5.37,
            "reinvestment_rate": -9.17,
            "research_to_sale_ratio": null,
            "price_fair": 211.1,
            "eps_avg_yearly": 6.03,
            "eps_latest_yearly": 4.32,
            "eps_growth_yearly": 155.97
        },
        "20101": {
            "year_quarter": 20101,
            "year": 2010,
            "quarter": 1,
            "eps": 1.15,
            "eps_growth_year": 296.55,
            "eps_4q": 4.99,
            "eps_4q_growth_year": 469.06,
            "roe": 4.59,
            "roe_4q": 21.89,
            "gross_profit": 14059310,
            "gross_margin": 7.07,
            "gross_margin_4q_avg": 8.1,
            "net_income": 10966787,
            "net_income_4q": null,
            "revenue": 198723456,
            "revenue_4q": null,
            "common_shares": 95259597,
            "book_valuer_per_share": 25.74,
            "book_valuer_per_share_4q_avg": 23.79,
            "equity": 245250805,
            "current_ratio": 178,
            "debt_ratio": 45.39,
            "inventory_turnover_ratio": 2.71,
            "account_receivable_turnover_ratio": 3.15,
            "reinvestment_rate": -15.16,
            "research_to_sale_ratio": 0,
            "price_fair": 217.6,
            "eps_avg_yearly": 6.22,
            "eps_latest_yearly": 4.6,
            "eps_growth_yearly": 176.19
        },
        "20102": {
            "year_quarter": 20102,
            "year": 2010,
            "quarter": 2,
            "eps": 1.08,
            "eps_growth_year": -20.31,
            "eps_4q": 4.71,
            "eps_4q_growth_year": 3685.71,
            "roe": 4.44,
            "roe_4q": 19.89,
            "gross_profit": 13324007,
            "gross_margin": 6.27,
            "gross_margin_4q_avg": 7.13,
            "net_income": 10250928,
            "net_income_4q": null,
            "revenue": 212594087,
            "revenue_4q": null,
            "common_shares": 95259597,
            "book_valuer_per_share": 22.71,
            "book_valuer_per_share_4q_avg": 24,
            "equity": 216343448,
            "current_ratio": 143.32,
            "debt_ratio": 53.07,
            "inventory_turnover_ratio": 2.85,
            "account_receivable_turnover_ratio": 3.3,
            "reinvestment_rate": -20.45,
            "research_to_sale_ratio": 0,
            "price_fair": 214.4,
            "eps_avg_yearly": 6.13,
            "eps_latest_yearly": 4.32,
            "eps_growth_yearly": 123.02
        },
        "20103": {
            "year_quarter": 20103,
            "year": 2010,
            "quarter": 3,
            "eps": 0.71,
            "eps_growth_year": -49.5,
            "eps_4q": 4.01,
            "eps_4q_growth_year": null,
            "roe": 3.06,
            "roe_4q": 16.61,
            "gross_profit": 7792664,
            "gross_margin": 4.92,
            "gross_margin_4q_avg": 6.37,
            "net_income": 6783834,
            "net_income_4q": null,
            "revenue": 158539844,
            "revenue_4q": null,
            "common_shares": 95259597,
            "book_valuer_per_share": 23.84,
            "book_valuer_per_share_4q_avg": 24.18,
            "equity": 227127153,
            "current_ratio": 188.7,
            "debt_ratio": 46.53,
            "inventory_turnover_ratio": 1.98,
            "account_receivable_turnover_ratio": 2.7,
            "reinvestment_rate": -26.19,
            "research_to_sale_ratio": 0,
            "price_fair": 206.8,
            "eps_avg_yearly": 5.91,
            "eps_latest_yearly": 2.84,
            "eps_growth_yearly": 111.81
        },
        "20104": {
            "year_quarter": 20104,
            "year": 2010,
            "quarter": 4,
            "eps": 1.36,
            "eps_growth_year": 25.65,
            "eps_4q": 4.3,
            "eps_4q_growth_year": 4.42,
            "roe": 5.48,
            "roe_4q": 17.57,
            "gross_profit": 13321047,
            "gross_margin": 7.44,
            "gross_margin_4q_avg": 6.43,
            "net_income": 12927631,
            "net_income_4q": null,
            "revenue": 179040899,
            "revenue_4q": null,
            "common_shares": 95259597,
            "book_valuer_per_share": 25.64,
            "book_valuer_per_share_4q_avg": 24.48,
            "equity": 244259989,
            "current_ratio": 191.65,
            "debt_ratio": 45.95,
            "inventory_turnover_ratio": 2.06,
            "account_receivable_turnover_ratio": 3.1,
            "reinvestment_rate": -32.27,
            "research_to_sale_ratio": 0,
            "price_fair": 205.8,
            "eps_avg_yearly": 5.88,
            "eps_latest_yearly": 5.44,
            "eps_growth_yearly": 138.16
        },
        "20111": {
            "year_quarter": 20111,
            "year": 2011,
            "quarter": 1,
            "eps": 1.88,
            "eps_growth_year": 63.48,
            "eps_4q": 5.02,
            "eps_4q_growth_year": 0.67,
            "roe": 7,
            "roe_4q": 19.98,
            "gross_profit": 20360982,
            "gross_margin": 8.96,
            "gross_margin_4q_avg": 6.9,
            "net_income": 17866377,
            "net_income_4q": null,
            "revenue": 227324573,
            "revenue_4q": null,
            "common_shares": 95259597,
            "book_valuer_per_share": 27.91,
            "book_valuer_per_share_4q_avg": 25.03,
            "equity": 265894895,
            "current_ratio": 237.53,
            "debt_ratio": 42.13,
            "inventory_turnover_ratio": 2.43,
            "account_receivable_turnover_ratio": 3.21,
            "reinvestment_rate": -33.96,
            "research_to_sale_ratio": 0,
            "price_fair": 211.2,
            "eps_avg_yearly": 6.03,
            "eps_latest_yearly": 7.52,
            "eps_growth_yearly": 151.43
        },
        "20112": {
            "year_quarter": 20112,
            "year": 2011,
            "quarter": 2,
            "eps": 0.98,
            "eps_growth_year": -9.01,
            "eps_4q": 4.92,
            "eps_4q_growth_year": 4.58,
            "roe": 3.72,
            "roe_4q": 19.26,
            "gross_profit": 12064806,
            "gross_margin": 5.69,
            "gross_margin_4q_avg": 6.75,
            "net_income": 9326446,
            "net_income_4q": null,
            "revenue": 212062435,
            "revenue_4q": null,
            "common_shares": 95259597,
            "book_valuer_per_share": 24.7,
            "book_valuer_per_share_4q_avg": 25.52,
            "equity": 235305308,
            "current_ratio": 211.25,
            "debt_ratio": 48.18,
            "inventory_turnover_ratio": 2.19,
            "account_receivable_turnover_ratio": 3.12,
            "reinvestment_rate": -40.54,
            "research_to_sale_ratio": 0.03,
            "price_fair": 203.6,
            "eps_avg_yearly": 5.82,
            "eps_latest_yearly": 3.92,
            "eps_growth_yearly": 129.22
        },
        "20113": {
            "year_quarter": 20113,
            "year": 2011,
            "quarter": 3,
            "eps": -0.15,
            "eps_growth_year": -120.67,
            "eps_4q": 4.06,
            "eps_4q_growth_year": 1.25,
            "roe": -0.6,
            "roe_4q": 15.600000000000001,
            "gross_profit": 725597,
            "gross_margin": 0.46,
            "gross_margin_4q_avg": 5.64,
            "net_income": -1397746,
            "net_income_4q": null,
            "revenue": 158955122,
            "revenue_4q": null,
            "common_shares": 95259597,
            "book_valuer_per_share": 24.03,
            "book_valuer_per_share_4q_avg": 25.57,
            "equity": 228991801,
            "current_ratio": 236.9,
            "debt_ratio": 48.11,
            "inventory_turnover_ratio": 1.62,
            "account_receivable_turnover_ratio": 2.93,
            "reinvestment_rate": -52.75,
            "research_to_sale_ratio": 0.02,
            "price_fair": 192.66,
            "eps_avg_yearly": 5.5,
            "eps_latest_yearly": 3.92,
            "eps_growth_yearly": 126.26
        },
        "20114": {
            "year_quarter": 20114,
            "year": 2011,
            "quarter": 4,
            "eps": -0.35,
            "eps_growth_year": -125.43,
            "eps_4q": 2.36,
            "eps_4q_growth_year": -45.02,
            "roe": -1.45,
            "roe_4q": 8.67,
            "gross_profit": -1875542,
            "gross_margin": -0.93,
            "gross_margin_4q_avg": 3.55,
            "net_income": -3286255,
            "net_income_4q": null,
            "revenue": 202020194,
            "revenue_4q": null,
            "common_shares": 95259597,
            "book_valuer_per_share": 23.43,
            "book_valuer_per_share_4q_avg": 25.02,
            "equity": 223229873,
            "current_ratio": 251.48,
            "debt_ratio": 51.73,
            "inventory_turnover_ratio": 2.06,
            "account_receivable_turnover_ratio": 3.61,
            "reinvestment_rate": -61.11,
            "research_to_sale_ratio": 0.03,
            "price_fair": 185.73,
            "eps_avg_yearly": 5.31,
            "eps_latest_yearly": 3.92,
            "eps_growth_yearly": 143.53
        },
        "20121": {
            "year_quarter": 20121,
            "year": 2012,
            "quarter": 1,
            "eps": 0.45,
            "eps_growth_year": -76.06,
            "eps_4q": 0.94,
            "eps_4q_growth_year": -81.34,
            "roe": 1.89,
            "roe_4q": 3.56,
            "gross_profit": 7685319,
            "gross_margin": 3.34,
            "gross_margin_4q_avg": 2.14,
            "net_income": 4291102,
            "net_income_4q": null,
            "revenue": 230263965,
            "revenue_4q": null,
            "common_shares": 95259597,
            "book_valuer_per_share": 24.33,
            "book_valuer_per_share_4q_avg": 24.12,
            "equity": 231792796,
            "current_ratio": 272.84,
            "debt_ratio": 49.84,
            "inventory_turnover_ratio": 2.47,
            "account_receivable_turnover_ratio": 3.04,
            "reinvestment_rate": -60.01,
            "research_to_sale_ratio": 0.02,
            "price_fair": 189.13,
            "eps_avg_yearly": 5.4,
            "eps_latest_yearly": 3.92,
            "eps_growth_yearly": 173.37
        },
        "20122": {
            "year_quarter": 20122,
            "year": 2012,
            "quarter": 2,
            "eps": -1.38,
            "eps_growth_year": -240.53,
            "eps_4q": -1.42,
            "eps_4q_growth_year": -128.79,
            "roe": -6.15,
            "roe_4q": -6.3100000000000005,
            "gross_profit": -14280906,
            "gross_margin": -6.92,
            "gross_margin_4q_avg": -1.01,
            "net_income": -13104534,
            "net_income_4q": null,
            "revenue": 206461479,
            "revenue_4q": null,
            "common_shares": 95259597,
            "book_valuer_per_share": 20.42,
            "book_valuer_per_share_4q_avg": 23.05,
            "equity": 194597293,
            "current_ratio": 249.88,
            "debt_ratio": 55.59,
            "inventory_turnover_ratio": 2.55,
            "account_receivable_turnover_ratio": 2.94,
            "reinvestment_rate": -75.02,
            "research_to_sale_ratio": 0.02,
            "price_fair": 178.22,
            "eps_avg_yearly": 5.09,
            "eps_latest_yearly": 3.92,
            "eps_growth_yearly": 150.33
        },
        "20123": {
            "year_quarter": 20123,
            "year": 2012,
            "quarter": 3,
            "eps": 1.01,
            "eps_growth_year": null,
            "eps_4q": -0.26,
            "eps_4q_growth_year": -106.45,
            "roe": 4.83,
            "roe_4q": -0.8800000000000003,
            "gross_profit": 12172513,
            "gross_margin": 5.71,
            "gross_margin_4q_avg": 0.3,
            "net_income": 9604603,
            "net_income_4q": null,
            "revenue": 213144881,
            "revenue_4q": null,
            "common_shares": 95259597,
            "book_valuer_per_share": 21.34,
            "book_valuer_per_share_4q_avg": 22.38,
            "equity": 203326814,
            "current_ratio": 242.21,
            "debt_ratio": 55.45,
            "inventory_turnover_ratio": 2.4,
            "account_receivable_turnover_ratio": 3.21,
            "reinvestment_rate": -78.01,
            "research_to_sale_ratio": 0.02,
            "price_fair": 171.11,
            "eps_avg_yearly": 4.89,
            "eps_latest_yearly": 3.92,
            "eps_growth_yearly": 175.38
        },
        "20124": {
            "year_quarter": 20124,
            "year": 2012,
            "quarter": 4,
            "eps": 0.2,
            "eps_growth_year": null,
            "eps_4q": 0.29,
            "eps_4q_growth_year": -87.92,
            "roe": 0.94,
            "roe_4q": 1.5099999999999991,
            "gross_profit": 3624550,
            "gross_margin": 1.48,
            "gross_margin_4q_avg": 0.9,
            "net_income": 1929952,
            "net_income_4q": null,
            "revenue": 244543081,
            "revenue_4q": null,
            "common_shares": 95259597,
            "book_valuer_per_share": 21.71,
            "book_valuer_per_share_4q_avg": 21.95,
            "equity": 206867655,
            "current_ratio": 249.44,
            "debt_ratio": 55.71,
            "inventory_turnover_ratio": 3.13,
            "account_receivable_turnover_ratio": 3.09,
            "reinvestment_rate": -46.69,
            "research_to_sale_ratio": 0.02,
            "price_fair": 156.8,
            "eps_avg_yearly": 4.48,
            "eps_latest_yearly": 0.8,
            "eps_growth_yearly": 125.76
        },
        "20131": {
            "year_quarter": 20131,
            "year": 2013,
            "quarter": 1,
            "eps": 1.01,
            "eps_growth_year": 124.44,
            "eps_4q": 0.84,
            "eps_4q_growth_year": -10.19,
            "roe": 4.49,
            "roe_4q": 4.109999999999999,
            "gross_profit": 11376329,
            "gross_margin": 4.59,
            "gross_margin_4q_avg": 1.22,
            "net_income": 9587289,
            "net_income_4q": null,
            "revenue": 247817407,
            "revenue_4q": null,
            "common_shares": 95259597,
            "book_valuer_per_share": 23.1,
            "book_valuer_per_share_4q_avg": 21.64,
            "equity": 220086016,
            "current_ratio": 213.01,
            "debt_ratio": 56.24,
            "inventory_turnover_ratio": 2.82,
            "account_receivable_turnover_ratio": 3.1,
            "reinvestment_rate": -37.55,
            "research_to_sale_ratio": 0.02,
            "price_fair": 155.4,
            "eps_avg_yearly": 4.44,
            "eps_latest_yearly": 4.04,
            "eps_growth_yearly": 261.6
        },
        "20132": {
            "year_quarter": 20132,
            "year": 2013,
            "quarter": 2,
            "eps": 0.06,
            "eps_growth_year": null,
            "eps_4q": 2.28,
            "eps_4q_growth_year": null,
            "roe": 0.26,
            "roe_4q": 10.52,
            "gross_profit": -118829,
            "gross_margin": -0.06,
            "gross_margin_4q_avg": 2.93,
            "net_income": 585390,
            "net_income_4q": null,
            "revenue": 200481652,
            "revenue_4q": null,
            "common_shares": 95259597,
            "book_valuer_per_share": 23.87,
            "book_valuer_per_share_4q_avg": 22.51,
            "equity": 227453864,
            "current_ratio": 210.92,
            "debt_ratio": 55.42,
            "inventory_turnover_ratio": 2.32,
            "account_receivable_turnover_ratio": 2.72,
            "reinvestment_rate": -24.49,
            "research_to_sale_ratio": 0.02,
            "price_fair": 138.98,
            "eps_avg_yearly": 3.97,
            "eps_latest_yearly": 0.24,
            "eps_growth_yearly": 94.48
        },
        "20133": {
            "year_quarter": 20133,
            "year": 2013,
            "quarter": 3,
            "eps": 1.04,
            "eps_growth_year": 3.16,
            "eps_4q": 2.32,
            "eps_4q_growth_year": null,
            "roe": 4.32,
            "roe_4q": 10.01,
            "gross_profit": 13870401,
            "gross_margin": 5.88,
            "gross_margin_4q_avg": 2.97,
            "net_income": 9955121,
            "net_income_4q": null,
            "revenue": 235787805,
            "revenue_4q": null,
            "common_shares": 95259597,
            "book_valuer_per_share": 24.48,
            "book_valuer_per_share_4q_avg": 23.29,
            "equity": 233191028,
            "current_ratio": 192.6,
            "debt_ratio": 54.47,
            "inventory_turnover_ratio": 2.67,
            "account_receivable_turnover_ratio": 3.39,
            "reinvestment_rate": -24.06,
            "research_to_sale_ratio": 0.01,
            "price_fair": 134.27,
            "eps_avg_yearly": 3.84,
            "eps_latest_yearly": 4.16,
            "eps_growth_yearly": 686.81
        },
        "20134": {
            "year_quarter": 20134,
            "year": 2013,
            "quarter": 4,
            "eps": 0.71,
            "eps_growth_year": 248.83,
            "eps_4q": 2.82,
            "eps_4q_growth_year": 887.82,
            "roe": 2.84,
            "roe_4q": 11.91,
            "gross_profit": 8127547,
            "gross_margin": 3.29,
            "gross_margin_4q_avg": 3.43,
            "net_income": 6731501,
            "net_income_4q": null,
            "revenue": 247247026,
            "revenue_4q": null,
            "common_shares": 95259597,
            "book_valuer_per_share": 25.23,
            "book_valuer_per_share_4q_avg": 24.17,
            "equity": 240371787,
            "current_ratio": 216.49,
            "debt_ratio": 50.15,
            "inventory_turnover_ratio": 2.9,
            "account_receivable_turnover_ratio": 3.14,
            "reinvestment_rate": -43.08,
            "research_to_sale_ratio": 0.02,
            "price_fair": 129.56,
            "eps_avg_yearly": 3.7,
            "eps_latest_yearly": 2.84,
            "eps_growth_yearly": 683.78
        },
        "20141": {
            "year_quarter": 20141,
            "year": 2014,
            "quarter": 1,
            "eps": 0.92,
            "eps_growth_year": -8.91,
            "eps_4q": 2.73,
            "eps_4q_growth_year": 225.01,
            "roe": 3.6,
            "roe_4q": 11.02,
            "gross_profit": 10423613,
            "gross_margin": 3.96,
            "gross_margin_4q_avg": 3.27,
            "net_income": 8782508,
            "net_income_4q": null,
            "revenue": 263363117,
            "revenue_4q": null,
            "common_shares": 95259597,
            "book_valuer_per_share": 26,
            "book_valuer_per_share_4q_avg": 24.9,
            "equity": 247748467,
            "current_ratio": 210.84,
            "debt_ratio": 53.32,
            "inventory_turnover_ratio": 2.81,
            "account_receivable_turnover_ratio": 3.13,
            "reinvestment_rate": -39.97,
            "research_to_sale_ratio": 0.02,
            "price_fair": 126.64,
            "eps_avg_yearly": 3.62,
            "eps_latest_yearly": 3.68,
            "eps_growth_yearly": 692.18
        },
        "20142": {
            "year_quarter": 20142,
            "year": 2014,
            "quarter": 2,
            "eps": 0.68,
            "eps_growth_year": 1033.33,
            "eps_4q": 3.35,
            "eps_4q_growth_year": 47.17,
            "roe": 2.62,
            "roe_4q": 13.38,
            "gross_profit": 8412890,
            "gross_margin": 3.83,
            "gross_margin_4q_avg": 4.24,
            "net_income": 6476833,
            "net_income_4q": null,
            "revenue": 219563722,
            "revenue_4q": null,
            "common_shares": 95259597,
            "book_valuer_per_share": 25.8,
            "book_valuer_per_share_4q_avg": 25.38,
            "equity": 245783636,
            "current_ratio": 183.1,
            "debt_ratio": 50.89,
            "inventory_turnover_ratio": 2.26,
            "account_receivable_turnover_ratio": 2.87,
            "reinvestment_rate": -25.63,
            "research_to_sale_ratio": 0.02,
            "price_fair": 121.55,
            "eps_avg_yearly": 3.47,
            "eps_latest_yearly": 2.72,
            "eps_growth_yearly": 684.9
        },
        "20143": {
            "year_quarter": 20143,
            "year": 2014,
            "quarter": 3,
            "eps": 0.72,
            "eps_growth_year": -30.77,
            "eps_4q": 3.02,
            "eps_4q_growth_year": 30.57,
            "roe": 2.78,
            "roe_4q": 11.84,
            "gross_profit": 6979585,
            "gross_margin": 2.96,
            "gross_margin_4q_avg": 3.51,
            "net_income": 6810902,
            "net_income_4q": null,
            "revenue": 236129988,
            "revenue_4q": null,
            "common_shares": 95259597,
            "book_valuer_per_share": 25.66,
            "book_valuer_per_share_4q_avg": 25.67,
            "equity": 244495755,
            "current_ratio": 222.17,
            "debt_ratio": 51.28,
            "inventory_turnover_ratio": 2.4,
            "account_receivable_turnover_ratio": 3.5,
            "reinvestment_rate": -28.56,
            "research_to_sale_ratio": 0.02,
            "price_fair": 121.67,
            "eps_avg_yearly": 3.48,
            "eps_latest_yearly": 2.88,
            "eps_growth_yearly": 699.5
        },
        "20144": {
            "year_quarter": 20144,
            "year": 2014,
            "quarter": 4,
            "eps": -1.37,
            "eps_growth_year": -293.19,
            "eps_4q": 0.95,
            "eps_4q_growth_year": -66.25,
            "roe": -5.37,
            "roe_4q": 3.63,
            "gross_profit": -16237836,
            "gross_margin": -8.37,
            "gross_margin_4q_avg": 0.6,
            "net_income": -13000666,
            "net_income_4q": null,
            "revenue": 194028450,
            "revenue_4q": null,
            "common_shares": 95259597,
            "book_valuer_per_share": 25.14,
            "book_valuer_per_share_4q_avg": 25.65,
            "equity": 239555978,
            "current_ratio": 249.02,
            "debt_ratio": 49.36,
            "inventory_turnover_ratio": 2.27,
            "account_receivable_turnover_ratio": 3.49,
            "reinvestment_rate": -50.61,
            "research_to_sale_ratio": 0.03,
            "price_fair": 114.8,
            "eps_avg_yearly": 3.28,
            "eps_latest_yearly": 2.88,
            "eps_growth_yearly": 732.83
        },
        "20151": {
            "year_quarter": 20151,
            "year": 2015,
            "quarter": 1,
            "eps": 0.12,
            "eps_growth_year": -86.96,
            "eps_4q": 0.15,
            "eps_4q_growth_year": -94.6,
            "roe": 0.47,
            "roe_4q": 0.49999999999999956,
            "gross_profit": 3594313,
            "gross_margin": 2.32,
            "gross_margin_4q_avg": 0.19,
            "net_income": 1122927,
            "net_income_4q": null,
            "revenue": 155034556,
            "revenue_4q": null,
            "common_shares": 95259597,
            "book_valuer_per_share": 25.35,
            "book_valuer_per_share_4q_avg": 25.49,
            "equity": 241533868,
            "current_ratio": 308,
            "debt_ratio": 45.35,
            "inventory_turnover_ratio": 2.24,
            "account_receivable_turnover_ratio": 3.35,
            "reinvestment_rate": -65.79,
            "research_to_sale_ratio": 0.02,
            "price_fair": 98.31,
            "eps_avg_yearly": 2.81,
            "eps_latest_yearly": 2.88,
            "eps_growth_yearly": 797.26
        },
        "20152": {
            "year_quarter": 20152,
            "year": 2015,
            "quarter": 2,
            "eps": 2.59,
            "eps_growth_year": 280.88,
            "eps_4q": 2.06,
            "eps_4q_growth_year": -38.58,
            "roe": 10.09,
            "roe_4q": 7.970000000000001,
            "gross_profit": 30703727,
            "gross_margin": 16.69,
            "gross_margin_4q_avg": 3.4,
            "net_income": 24691850,
            "net_income_4q": null,
            "revenue": 183975641,
            "revenue_4q": null,
            "common_shares": 95259597,
            "book_valuer_per_share": 26.02,
            "book_valuer_per_share_4q_avg": 25.54,
            "equity": 247868453,
            "current_ratio": 334.25,
            "debt_ratio": 43.33,
            "inventory_turnover_ratio": 2.55,
            "account_receivable_turnover_ratio": 3.58,
            "reinvestment_rate": -52.59,
            "research_to_sale_ratio": 0.02,
            "price_fair": 123.36,
            "eps_avg_yearly": 3.52,
            "eps_latest_yearly": 10.36,
            "eps_growth_yearly": 1733.36
        },
        "20153": {
            "year_quarter": 20153,
            "year": 2015,
            "quarter": 3,
            "eps": 0.94,
            "eps_growth_year": 30.56,
            "eps_4q": 2.29,
            "eps_4q_growth_year": -24.39,
            "roe": 3.61,
            "roe_4q": 8.8,
            "gross_profit": 7183212,
            "gross_margin": 5.12,
            "gross_margin_4q_avg": 3.94,
            "net_income": 8966726,
            "net_income_4q": null,
            "revenue": 140207369,
            "revenue_4q": null,
            "common_shares": 95259597,
            "book_valuer_per_share": 26.11,
            "book_valuer_per_share_4q_avg": 25.66,
            "equity": 248725674,
            "current_ratio": 358.85,
            "debt_ratio": 40.03,
            "inventory_turnover_ratio": 2.01,
            "account_receivable_turnover_ratio": 2.76,
            "reinvestment_rate": -41.01,
            "research_to_sale_ratio": 0.03,
            "price_fair": 124.18,
            "eps_avg_yearly": 3.55,
            "eps_latest_yearly": 3.76,
            "eps_growth_yearly": 1534.54
        },
        "20154": {
            "year_quarter": 20154,
            "year": 2015,
            "quarter": 4,
            "eps": 1.31,
            "eps_growth_year": null,
            "eps_4q": 4.97,
            "eps_4q_growth_year": 421.78,
            "roe": 4.86,
            "roe_4q": 19.03,
            "gross_profit": 13679175,
            "gross_margin": 9.1,
            "gross_margin_4q_avg": 8.31,
            "net_income": 12525354,
            "net_income_4q": null,
            "revenue": 150296287,
            "revenue_4q": null,
            "common_shares": 95259597,
            "book_valuer_per_share": 28,
            "book_valuer_per_share_4q_avg": 26.37,
            "equity": 266723714,
            "current_ratio": 392.49,
            "debt_ratio": 37.31,
            "inventory_turnover_ratio": 2.3,
            "account_receivable_turnover_ratio": 3.34,
            "reinvestment_rate": -44.61,
            "research_to_sale_ratio": 0.03,
            "price_fair": 129.56,
            "eps_avg_yearly": 3.7,
            "eps_latest_yearly": 5.24,
            "eps_growth_yearly": 1409.35
        },
        "20161": {
            "year_quarter": 20161,
            "year": 2016,
            "quarter": 1,
            "eps": 1.1,
            "eps_growth_year": 816.67,
            "eps_4q": 5.94,
            "eps_4q_growth_year": 3928.7,
            "roe": 3.85,
            "roe_4q": 22.41,
            "gross_profit": 14748747,
            "gross_margin": 11.85,
            "gross_margin_4q_avg": 10.69,
            "net_income": 10447660,
            "net_income_4q": null,
            "revenue": 124471678,
            "revenue_4q": null,
            "common_shares": 95259597,
            "book_valuer_per_share": 29.01,
            "book_valuer_per_share_4q_avg": 27.29,
            "equity": 276431311,
            "current_ratio": 417.24,
            "debt_ratio": 35.69,
            "inventory_turnover_ratio": 2.33,
            "account_receivable_turnover_ratio": 3.02,
            "reinvestment_rate": -45.21,
            "research_to_sale_ratio": 0.04,
            "price_fair": 131.6,
            "eps_avg_yearly": 3.76,
            "eps_latest_yearly": 4.4,
            "eps_growth_yearly": 1286.56
        },
        "20162": {
            "year_quarter": 20162,
            "year": 2016,
            "quarter": 2,
            "eps": 2.71,
            "eps_growth_year": 4.63,
            "eps_4q": 6.06,
            "eps_4q_growth_year": 194.44,
            "roe": 9.59,
            "roe_4q": 21.91,
            "gross_profit": 33221362,
            "gross_margin": 23.57,
            "gross_margin_4q_avg": 12.41,
            "net_income": 25833989,
            "net_income_4q": null,
            "revenue": 140951994,
            "revenue_4q": null,
            "common_shares": 95259597,
            "book_valuer_per_share": 27.55,
            "book_valuer_per_share_4q_avg": 27.67,
            "equity": 262442740,
            "current_ratio": 263.85,
            "debt_ratio": 41.3,
            "inventory_turnover_ratio": 2.42,
            "account_receivable_turnover_ratio": 3.4,
            "reinvestment_rate": -37.41,
            "research_to_sale_ratio": 0.03,
            "price_fair": 150.66,
            "eps_avg_yearly": 4.3,
            "eps_latest_yearly": 10.84,
            "eps_growth_yearly": 1232.63
        },
        "20163": {
            "year_quarter": 20163,
            "year": 2016,
            "quarter": 3,
            "eps": 1.75,
            "eps_growth_year": 86.17,
            "eps_4q": 6.87,
            "eps_4q_growth_year": 200.76,
            "roe": 6.17,
            "roe_4q": 24.47,
            "gross_profit": 19926267,
            "gross_margin": 15.51,
            "gross_margin_4q_avg": 15.01,
            "net_income": 16686479,
            "net_income_4q": null,
            "revenue": 128451229,
            "revenue_4q": null,
            "common_shares": 95259597,
            "book_valuer_per_share": 29.25,
            "book_valuer_per_share_4q_avg": 28.45,
            "equity": 278644429,
            "current_ratio": 426.63,
            "debt_ratio": 33.01,
            "inventory_turnover_ratio": 2.27,
            "account_receivable_turnover_ratio": 3.13,
            "reinvestment_rate": -36.19,
            "research_to_sale_ratio": 0.04,
            "price_fair": 157.4,
            "eps_avg_yearly": 4.5,
            "eps_latest_yearly": 7,
            "eps_growth_yearly": 1134.46
        },
        "20164": {
            "year_quarter": 20164,
            "year": 2016,
            "quarter": 4,
            "eps": 2.39,
            "eps_growth_year": 82.04,
            "eps_4q": 7.95,
            "eps_4q_growth_year": 60.17,
            "roe": 7.76,
            "roe_4q": 27.37,
            "gross_profit": 28562538,
            "gross_margin": 18.76,
            "gross_margin_4q_avg": 17.42,
            "net_income": 22800341,
            "net_income_4q": null,
            "revenue": 152286512,
            "revenue_4q": null,
            "common_shares": 95259597,
            "book_valuer_per_share": 32.44,
            "book_valuer_per_share_4q_avg": 29.56,
            "equity": 309099240,
            "current_ratio": 410.81,
            "debt_ratio": 31.67,
            "inventory_turnover_ratio": 2.43,
            "account_receivable_turnover_ratio": 3.51,
            "reinvestment_rate": -34.2,
            "research_to_sale_ratio": 0.03,
            "price_fair": 179.3,
            "eps_avg_yearly": 5.12,
            "eps_latest_yearly": 9.56,
            "eps_growth_yearly": 1167.82
        },
        "20171": {
            "year_quarter": 20171,
            "year": 2017,
            "quarter": 1,
            "eps": 2.37,
            "eps_growth_year": 115.45,
            "eps_4q": 9.23,
            "eps_4q_growth_year": 55.29,
            "roe": 7.07,
            "roe_4q": 30.59,
            "gross_profit": 32080037,
            "gross_margin": 19.5,
            "gross_margin_4q_avg": 19.34,
            "net_income": 22617270,
            "net_income_4q": null,
            "revenue": 164485990,
            "revenue_4q": null,
            "common_shares": 95259597,
            "book_valuer_per_share": 34.68,
            "book_valuer_per_share_4q_avg": 30.98,
            "equity": 330428966,
            "current_ratio": 411.14,
            "debt_ratio": 29.86,
            "inventory_turnover_ratio": 2.48,
            "account_receivable_turnover_ratio": 3.6,
            "reinvestment_rate": -34.36,
            "research_to_sale_ratio": 0.03,
            "price_fair": 192.9,
            "eps_avg_yearly": 5.51,
            "eps_latest_yearly": 9.48,
            "eps_growth_yearly": 1051.87
        },
        "20172": {
            "year_quarter": 20172,
            "year": 2017,
            "quarter": 2,
            "eps": 1.27,
            "eps_growth_year": -53.14,
            "eps_4q": 7.78,
            "eps_4q_growth_year": 28.36,
            "roe": 3.89,
            "roe_4q": 24.89,
            "gross_profit": 15930869,
            "gross_margin": 11.47,
            "gross_margin_4q_avg": 16.31,
            "net_income": 12055753,
            "net_income_4q": null,
            "revenue": 138917332,
            "revenue_4q": null,
            "common_shares": 95259597,
            "book_valuer_per_share": 30.31,
            "book_valuer_per_share_4q_avg": 31.67,
            "equity": 288773292,
            "current_ratio": 224.52,
            "debt_ratio": 34.36,
            "inventory_turnover_ratio": 2.23,
            "account_receivable_turnover_ratio": 3.29,
            "reinvestment_rate": -38.36,
            "research_to_sale_ratio": 0.04,
            "price_fair": 205,
            "eps_avg_yearly": 5.86,
            "eps_latest_yearly": 5.08,
            "eps_growth_yearly": 1065.48
        },
        "20173": {
            "year_quarter": 20173,
            "year": 2017,
            "quarter": 3,
            "eps": 2.34,
            "eps_growth_year": 33.71,
            "eps_4q": 8.37,
            "eps_4q_growth_year": 21.75,
            "roe": 7.29,
            "roe_4q": 26.009999999999998,
            "gross_profit": 26787079,
            "gross_margin": 17.46,
            "gross_margin_4q_avg": 16.8,
            "net_income": 22262542,
            "net_income_4q": null,
            "revenue": 153458327,
            "revenue_4q": null,
            "common_shares": 95259597,
            "book_valuer_per_share": 33.82,
            "book_valuer_per_share_4q_avg": 32.81,
            "equity": 322182176,
            "current_ratio": 371.2,
            "debt_ratio": 22.4,
            "inventory_turnover_ratio": 2.34,
            "account_receivable_turnover_ratio": 3.44,
            "reinvestment_rate": -32.85,
            "research_to_sale_ratio": 0.04,
            "price_fair": 218,
            "eps_avg_yearly": 6.23,
            "eps_latest_yearly": 9.36,
            "eps_growth_yearly": 622.89
        },
        "20174": {
            "year_quarter": 20174,
            "year": 2017,
            "quarter": 4,
            "eps": 2.44,
            "eps_growth_year": 1.93,
            "eps_4q": 8.42,
            "eps_4q_growth_year": 5.82,
            "roe": 6.98,
            "roe_4q": 25.23,
            "gross_profit": 27824274,
            "gross_margin": 16.64,
            "gross_margin_4q_avg": 16.27,
            "net_income": 23239856,
            "net_income_4q": null,
            "revenue": 167246243,
            "revenue_4q": null,
            "common_shares": 95259597,
            "book_valuer_per_share": 35.83,
            "book_valuer_per_share_4q_avg": 33.66,
            "equity": 344146484,
            "current_ratio": 408.8,
            "debt_ratio": 20.25,
            "inventory_turnover_ratio": 2.54,
            "account_receivable_turnover_ratio": 3.24,
            "reinvestment_rate": -29.18,
            "research_to_sale_ratio": 0.03,
            "price_fair": 235.3,
            "eps_avg_yearly": 6.72,
            "eps_latest_yearly": 9.76,
            "eps_growth_yearly": 633.18
        },
        "20181": {
            "year_quarter": 20181,
            "year": 2018,
            "quarter": 1,
            "eps": 1.92,
            "eps_growth_year": -18.99,
            "eps_4q": 7.96,
            "eps_4q_growth_year": -13.74,
            "roe": 5.09,
            "roe_4q": 23.25,
            "gross_profit": 24781961,
            "gross_margin": 13.61,
            "gross_margin_4q_avg": 14.8,
            "net_income": 18302716,
            "net_income_4q": null,
            "revenue": 182076950,
            "revenue_4q": null,
            "common_shares": 95259597,
            "book_valuer_per_share": 39.09,
            "book_valuer_per_share_4q_avg": 34.76,
            "equity": 375183121,
            "current_ratio": 418.44,
            "debt_ratio": 19.72,
            "inventory_turnover_ratio": 2.51,
            "account_receivable_turnover_ratio": 3.4,
            "reinvestment_rate": -35.19,
            "research_to_sale_ratio": 0.03,
            "price_fair": 245.3,
            "eps_avg_yearly": 7.01,
            "eps_latest_yearly": 7.68,
            "eps_growth_yearly": 618.64
        },
        "20182": {
            "year_quarter": 20182,
            "year": 2018,
            "quarter": 2,
            "eps": 2.65,
            "eps_growth_year": 108.66,
            "eps_4q": 9.35,
            "eps_4q_growth_year": 20.06,
            "roe": 7.02,
            "roe_4q": 26.38,
            "gross_profit": 31519000,
            "gross_margin": 16.39,
            "gross_margin_4q_avg": 16.03,
            "net_income": 25216070,
            "net_income_4q": null,
            "revenue": 192327540,
            "revenue_4q": null,
            "common_shares": 95259597,
            "book_valuer_per_share": 35.68,
            "book_valuer_per_share_4q_avg": 36.11,
            "equity": 342821638,
            "current_ratio": 249.84,
            "debt_ratio": 29.24,
            "inventory_turnover_ratio": 2.29,
            "account_receivable_turnover_ratio": 3.4,
            "reinvestment_rate": -36.3,
            "research_to_sale_ratio": 0.04,
            "price_fair": 265,
            "eps_avg_yearly": 7.57,
            "eps_latest_yearly": 10.6,
            "eps_growth_yearly": 636.95
        },
        "20183": {
            "year_quarter": 20183,
            "year": 2018,
            "quarter": 3,
            "eps": 2.17,
            "eps_growth_year": -7.26,
            "eps_4q": 9.18,
            "eps_4q_growth_year": 9.71,
            "roe": 5.97,
            "roe_4q": 25.06,
            "gross_profit": 24696234,
            "gross_margin": 12.28,
            "gross_margin_4q_avg": 14.73,
            "net_income": 20699838,
            "net_income_4q": null,
            "revenue": 201119066,
            "revenue_4q": null,
            "common_shares": 95259597,
            "book_valuer_per_share": 36.49,
            "book_valuer_per_share_4q_avg": 36.77,
            "equity": 350481811,
            "current_ratio": 361.14,
            "debt_ratio": 20.23,
            "inventory_turnover_ratio": 2.27,
            "account_receivable_turnover_ratio": 3.12,
            "reinvestment_rate": -29.97,
            "research_to_sale_ratio": 0.04,
            "price_fair": 279.5,
            "eps_avg_yearly": 7.99,
            "eps_latest_yearly": 8.68,
            "eps_growth_yearly": 630.1
        },
        "20184": {
            "year_quarter": 20184,
            "year": 2018,
            "quarter": 4,
            "eps": -0.43,
            "eps_growth_year": -117.83,
            "eps_4q": 6.31,
            "eps_4q_growth_year": -25.05,
            "roe": -1.2,
            "roe_4q": 16.88,
            "gross_profit": -3381640,
            "gross_margin": -1.76,
            "gross_margin_4q_avg": 10.13,
            "net_income": -4147793,
            "net_income_4q": null,
            "revenue": 192026662,
            "revenue_4q": null,
            "common_shares": 95259597,
            "book_valuer_per_share": 35.45,
            "book_valuer_per_share_4q_avg": 36.68,
            "equity": 340656180,
            "current_ratio": 460.42,
            "debt_ratio": 16.05,
            "inventory_turnover_ratio": 2.74,
            "account_receivable_turnover_ratio": 3.19,
            "reinvestment_rate": -23.73,
            "research_to_sale_ratio": 0.05,
            "price_fair": 279.5,
            "eps_avg_yearly": 7.99,
            "eps_latest_yearly": 8.68,
            "eps_growth_yearly": 630.1
        },
        "20191": {
            "year_quarter": 20191,
            "year": 2019,
            "quarter": 1,
            "eps": 0.97,
            "eps_growth_year": -49.48,
            "eps_4q": 5.36,
            "eps_4q_growth_year": -32.75,
            "roe": 2.64,
            "roe_4q": 14.43,
            "gross_profit": 13101397,
            "gross_margin": 7.75,
            "gross_margin_4q_avg": 8.67,
            "net_income": 9217988,
            "net_income_4q": null,
            "revenue": 169116633,
            "revenue_4q": null,
            "common_shares": 95259597,
            "book_valuer_per_share": 37.03,
            "book_valuer_per_share_4q_avg": 36.16,
            "equity": 356621302,
            "current_ratio": 462.47,
            "debt_ratio": 16.99,
            "inventory_turnover_ratio": 2.47,
            "account_receivable_turnover_ratio": 3.3,
            "reinvestment_rate": -22.36,
            "research_to_sale_ratio": 0.03,
            "price_fair": 279.5,
            "eps_avg_yearly": 7.99,
            "eps_latest_yearly": 8.68,
            "eps_growth_yearly": 630.1
        },
        "20192": {
            "year_quarter": 20192,
            "year": 2019,
            "quarter": 2,
            "eps": 0.84,
            "eps_growth_year": -68.3,
            "eps_4q": 3.55,
            "eps_4q_growth_year": -62.02,
            "roe": 2.37,
            "roe_4q": 9.78,
            "gross_profit": 11192708,
            "gross_margin": 6.74,
            "gross_margin_4q_avg": 6.25,
            "net_income": 8006485,
            "net_income_4q": null,
            "revenue": 166123211,
            "revenue_4q": null,
            "common_shares": 95259597,
            "book_valuer_per_share": 33.06,
            "book_valuer_per_share_4q_avg": 35.51,
            "equity": 318874018,
            "current_ratio": 251.57,
            "debt_ratio": 27.4,
            "inventory_turnover_ratio": 2.21,
            "account_receivable_turnover_ratio": 3.36,
            "reinvestment_rate": -20.56,
            "research_to_sale_ratio": 0.03,
            "price_fair": 262,
            "eps_avg_yearly": 7.49,
            "eps_latest_yearly": 3.36,
            "eps_growth_yearly": 38.17
        },
        "20193": {
            "year_quarter": 20193,
            "year": 2019,
            "quarter": 3,
            "eps": 1.31,
            "eps_growth_year": -39.63,
            "eps_4q": 2.68,
            "eps_4q_growth_year": -70.79,
            "roe": 3.84,
            "roe_4q": 7.6499999999999995,
            "gross_profit": 11612745,
            "gross_margin": 7.26,
            "gross_margin_4q_avg": 5,
            "net_income": 12427166,
            "net_income_4q": null,
            "revenue": 160011988,
            "revenue_4q": null,
            "common_shares": 95259597,
            "book_valuer_per_share": 34.11,
            "book_valuer_per_share_4q_avg": 34.91,
            "equity": 328818902,
            "current_ratio": 520.8,
            "debt_ratio": 17.63,
            "inventory_turnover_ratio": 2.18,
            "account_receivable_turnover_ratio": 3.22,
            "reinvestment_rate": -18.27,
            "research_to_sale_ratio": 0.04,
            "price_fair": 265.7,
            "eps_avg_yearly": 7.59,
            "eps_latest_yearly": 5.24,
            "eps_growth_yearly": 72.36
        },
        "20194": {
            "year_quarter": 20194,
            "year": 2019,
            "quarter": 4,
            "eps": 0.75,
            "eps_growth_year": null,
            "eps_4q": 3.86,
            "eps_4q_growth_year": -38.76,
            "roe": 2.14,
            "roe_4q": 10.990000000000002,
            "gross_profit": 11812161,
            "gross_margin": 7.83,
            "gross_margin_4q_avg": 7.4,
            "net_income": 7096534,
            "net_income_4q": null,
            "revenue": 150770977,
            "revenue_4q": null,
            "common_shares": 95259597,
            "book_valuer_per_share": 34.67,
            "book_valuer_per_share_4q_avg": 34.72,
            "equity": 334002005,
            "current_ratio": 616.1,
            "debt_ratio": 16.09,
            "inventory_turnover_ratio": 2.28,
            "account_receivable_turnover_ratio": 3.14,
            "reinvestment_rate": -16.64,
            "research_to_sale_ratio": 0.04,
            "price_fair": 260.1,
            "eps_avg_yearly": 7.43,
            "eps_latest_yearly": 3,
            "eps_growth_yearly": 48.9
        },
        "20201": {
            "year_quarter": 20201,
            "year": 2020,
            "quarter": 1,
            "eps": -1.05,
            "eps_growth_year": -208.25,
            "eps_4q": 1.85,
            "eps_4q_growth_year": -65.54,
            "roe": -3.14,
            "roe_4q": 5.21,
            "gross_profit": -11152546,
            "gross_margin": -8.11,
            "gross_margin_4q_avg": 3.43,
            "net_income": -10003224,
            "net_income_4q": null,
            "revenue": 137531357,
            "revenue_4q": null,
            "common_shares": 95259597,
            "book_valuer_per_share": 31.43,
            "book_valuer_per_share_4q_avg": 33.32,
            "equity": 303558018,
            "current_ratio": 554.98,
            "debt_ratio": 17.05,
            "inventory_turnover_ratio": 2.54,
            "account_receivable_turnover_ratio": 3.5,
            "reinvestment_rate": -16.55,
            "research_to_sale_ratio": 0.04,
            "price_fair": 268.26,
            "eps_avg_yearly": 7.66,
            "eps_latest_yearly": 3,
            "eps_growth_yearly": 57.6
        },
        "20202": {
            "year_quarter": 20202,
            "year": 2020,
            "quarter": 2,
            "eps": -0.91,
            "eps_growth_year": -208.33,
            "eps_4q": 0.09,
            "eps_4q_growth_year": -97.35,
            "roe": -3.02,
            "roe_4q": -0.17999999999999972,
            "gross_profit": -9525417,
            "gross_margin": -11.92,
            "gross_margin_4q_avg": -1.24,
            "net_income": -8673765,
            "net_income_4q": null,
            "revenue": 79929530,
            "revenue_4q": null,
            "common_shares": 95259597,
            "book_valuer_per_share": 28,
            "book_valuer_per_share_4q_avg": 32.05,
            "equity": 271472209,
            "current_ratio": 301.36,
            "debt_ratio": 24.6,
            "inventory_turnover_ratio": 1.91,
            "account_receivable_turnover_ratio": 2.61,
            "reinvestment_rate": -17.4,
            "research_to_sale_ratio": 0.09,
            "price_fair": 174.69,
            "eps_avg_yearly": 7.4,
            "eps_latest_yearly": 3,
            "eps_growth_yearly": 13.61
        },
        "20203": {
            "year_quarter": 20203,
            "year": 2020,
            "quarter": 3,
            "eps": 1.67,
            "eps_growth_year": 27.48,
            "eps_4q": 0.45,
            "eps_4q_growth_year": -83.16,
            "roe": 5.69,
            "roe_4q": 1.6700000000000004,
            "gross_profit": 19381321,
            "gross_margin": 20.63,
            "gross_margin_4q_avg": 2.11,
            "net_income": 15812459,
            "net_income_4q": null,
            "revenue": 93951631,
            "revenue_4q": null,
            "common_shares": 95259597,
            "book_valuer_per_share": 29.33,
            "book_valuer_per_share_4q_avg": 30.86,
            "equity": 284020475,
            "current_ratio": 735.18,
            "debt_ratio": 18.54,
            "inventory_turnover_ratio": 1.85,
            "account_receivable_turnover_ratio": 3.38,
            "reinvestment_rate": -15.12,
            "research_to_sale_ratio": 0.06,
            "price_fair": 260.27,
            "eps_avg_yearly": 7.44,
            "eps_latest_yearly": 3,
            "eps_growth_yearly": 27.73
        },
        "20204": {
            "year_quarter": 20204,
            "year": 2020,
            "quarter": 4,
            "eps": 1.07,
            "eps_growth_year": 44,
            "eps_4q": 0.78,
            "eps_4q_growth_year": -79.81,
            "roe": 3.43,
            "roe_4q": 2.9600000000000013,
            "gross_profit": 14264588,
            "gross_margin": 13.73,
            "gross_margin_4q_avg": 3.58,
            "net_income": 10236985,
            "net_income_4q": null,
            "revenue": 103869246,
            "revenue_4q": null,
            "common_shares": 95259597,
            "book_valuer_per_share": 32.34,
            "book_valuer_per_share_4q_avg": 30.28,
            "equity": 312627068,
            "current_ratio": 745.34,
            "debt_ratio": 17.93,
            "inventory_turnover_ratio": 1.97,
            "account_receivable_turnover_ratio": 3.39,
            "reinvestment_rate": -15.46,
            "research_to_sale_ratio": 0.05,
            "price_fair": 79.04,
            "eps_avg_yearly": 6.96,
            "eps_latest_yearly": 4.28,
            "eps_growth_yearly": 1.36
        },
        "20211": {
            "year_quarter": 20211,
            "year": 2021,
            "quarter": 1,
            "eps": 1.88,
            "eps_growth_year": null,
            "eps_4q": 3.71,
            "eps_4q_growth_year": 100.94,
            "roe": 5.51,
            "roe_4q": 11.61,
            "gross_profit": 23627527,
            "gross_margin": 18.13,
            "gross_margin_4q_avg": 10.14,
            "net_income": 17892235,
            "net_income_4q": null,
            "revenue": 130299666,
            "revenue_4q": null,
            "common_shares": 95259597,
            "book_valuer_per_share": 34.84,
            "book_valuer_per_share_4q_avg": 31.13,
            "equity": 336398331,
            "current_ratio": 636.38,
            "debt_ratio": 18.81,
            "inventory_turnover_ratio": 1.99,
            "account_receivable_turnover_ratio": 3.44,
            "reinvestment_rate": -12.29,
            "research_to_sale_ratio": 0.04,
            "price_fair": 237.24,
            "eps_avg_yearly": 6.78,
            "eps_latest_yearly": 7.52,
            "eps_growth_yearly": 29.19
        },
        "20212": {
            "year_quarter": 20212,
            "year": 2021,
            "quarter": 2,
            "eps": 1.43,
            "eps_growth_year": null,
            "eps_4q": 6.05,
            "eps_4q_growth_year": 6323.47,
            "roe": 4.02,
            "roe_4q": 18.65,
            "gross_profit": 17995656,
            "gross_margin": 12.41,
            "gross_margin_4q_avg": 16.23,
            "net_income": 13585137,
            "net_income_4q": null,
            "revenue": 144972645,
            "revenue_4q": null,
            "common_shares": 95259597,
            "book_valuer_per_share": 35.11,
            "book_valuer_per_share_4q_avg": 32.91,
            "equity": 338895321,
            "current_ratio": 659.65,
            "debt_ratio": 18.46,
            "inventory_turnover_ratio": 2.16,
            "account_receivable_turnover_ratio": 3.54,
            "reinvestment_rate": -11.72,
            "research_to_sale_ratio": 0.06,
            "price_fair": 239.27,
            "eps_avg_yearly": 6.84,
            "eps_latest_yearly": 5.72,
            "eps_growth_yearly": 37.37
        },
        "20213": {
            "year_quarter": 20213,
            "year": 2021,
            "quarter": 3,
            "eps": 1.08,
            "eps_growth_year": -35.33,
            "eps_4q": 5.46,
            "eps_4q_growth_year": 1108.74,
            "roe": 2.98,
            "roe_4q": 15.94,
            "gross_profit": 12734102,
            "gross_margin": 7.76,
            "gross_margin_4q_avg": 13.01,
            "net_income": 10281145,
            "net_income_4q": null,
            "revenue": 164005347,
            "revenue_4q": null,
            "common_shares": 95259597,
            "book_valuer_per_share": 36.49,
            "book_valuer_per_share_4q_avg": 34.7,
            "equity": 351998585,
            "current_ratio": 529.46,
            "debt_ratio": 20.42,
            "inventory_turnover_ratio": 2.35,
            "account_receivable_turnover_ratio": 3.55,
            "reinvestment_rate": -12.98,
            "research_to_sale_ratio": 0.04,
            "price_fair": 19.13,
            "eps_avg_yearly": 6.38,
            "eps_latest_yearly": 4.32,
            "eps_growth_yearly": -2.17
        },
        "20214": {
            "year_quarter": 20214,
            "year": 2021,
            "quarter": 4,
            "eps": 0.8,
            "eps_growth_year": -25.65,
            "eps_4q": 5.19,
            "eps_4q_growth_year": 564.93,
            "roe": 2.13,
            "roe_4q": 14.639999999999999,
            "gross_profit": 11422564,
            "gross_margin": 6.32,
            "gross_margin_4q_avg": 11.16,
            "net_income": 7605365,
            "net_income_4q": null,
            "revenue": 180784668,
            "revenue_4q": null,
            "common_shares": 95259597,
            "book_valuer_per_share": 37.52,
            "book_valuer_per_share_4q_avg": 35.99,
            "equity": 361767088,
            "current_ratio": 499.95,
            "debt_ratio": 21.14,
            "inventory_turnover_ratio": 2.35,
            "account_receivable_turnover_ratio": 3.56,
            "reinvestment_rate": -13.77,
            "research_to_sale_ratio": 0.05,
            "price_fair": 17.35,
            "eps_avg_yearly": 5.78,
            "eps_latest_yearly": 3.2,
            "eps_growth_yearly": -13.15
        },
        "20221": {
            "year_quarter": 20221,
            "year": 2022,
            "quarter": 1,
            "eps": 1.43,
            "eps_growth_year": -23.94,
            "eps_4q": 4.74,
            "eps_4q_growth_year": 27.84,
            "roe": 3.7,
            "roe_4q": 12.83,
            "gross_profit": 18585676,
            "gross_margin": 10.02,
            "gross_margin_4q_avg": 9.13,
            "net_income": 13650822,
            "net_income_4q": null,
            "revenue": 185551424,
            "revenue_4q": null,
            "common_shares": 95259597,
            "book_valuer_per_share": 38.93,
            "book_valuer_per_share_4q_avg": 37.01,
            "equity": 375379063,
            "current_ratio": 529.52,
            "debt_ratio": 20.41,
            "inventory_turnover_ratio": 2.14,
            "account_receivable_turnover_ratio": 3.3,
            "reinvestment_rate": -2.4,
            "research_to_sale_ratio": 0.06,
            "price_fair": 186.23,
            "eps_avg_yearly": 5.6,
            "eps_latest_yearly": 5.72,
            "eps_growth_yearly": 23.23
        },
        "20222": {
            "year_quarter": 20222,
            "year": 2022,
            "quarter": 2,
            "eps": 1.78,
            "eps_growth_year": 24.48,
            "eps_4q": 5.09,
            "eps_4q_growth_year": -15.81,
            "roe": 4.7,
            "roe_4q": 13.510000000000002,
            "gross_profit": 20902791,
            "gross_margin": 8.74,
            "gross_margin_4q_avg": 8.21,
            "net_income": 16914940,
            "net_income_4q": null,
            "revenue": 239285774,
            "revenue_4q": null,
            "common_shares": 95259597,
            "book_valuer_per_share": 35.7,
            "book_valuer_per_share_4q_avg": 37.16,
            "equity": 344701988,
            "current_ratio": 327.24,
            "debt_ratio": 28.12,
            "inventory_turnover_ratio": 2.36,
            "account_receivable_turnover_ratio": 3.41,
            "reinvestment_rate": -2.01,
            "research_to_sale_ratio": 0.04,
            "price_fair": 149.68,
            "eps_avg_yearly": 5.29,
            "eps_latest_yearly": 7.12,
            "eps_growth_yearly": 18.31
        },
        "20223": {
            "year_quarter": 20223,
            "year": 2022,
            "quarter": 3,
            "eps": -0.66,
            "eps_growth_year": -161.11,
            "eps_4q": 3.35,
            "eps_4q_growth_year": -38.66,
            "roe": -1.86,
            "roe_4q": 8.67,
            "gross_profit": -13117718,
            "gross_margin": -5.73,
            "gross_margin_4q_avg": 4.84,
            "net_income": -6283969,
            "net_income_4q": null,
            "revenue": 229064626,
            "revenue_4q": null,
            "common_shares": 95259597,
            "book_valuer_per_share": 34.27,
            "book_valuer_per_share_4q_avg": 36.61,
            "equity": 331386170,
            "current_ratio": 397.25,
            "debt_ratio": 23.97,
            "inventory_turnover_ratio": 2.44,
            "account_receivable_turnover_ratio": 3.25,
            "reinvestment_rate": -5.77,
            "research_to_sale_ratio": 0.05,
            "price_fair": 173.18,
            "eps_avg_yearly": 4.95,
            "eps_latest_yearly": 7.12,
            "eps_growth_yearly": 27.39
        },
        "20224": {
            "year_quarter": 20224,
            "year": 2022,
            "quarter": 4,
            "eps": -1.04,
            "eps_growth_year": -229.96,
            "eps_4q": 1.51,
            "eps_4q_growth_year": -70.81,
            "roe": -3.05,
            "roe_4q": 3.49,
            "gross_profit": -10155198,
            "gross_margin": -5.23,
            "gross_margin_4q_avg": 1.95,
            "net_income": -9882131,
            "net_income_4q": null,
            "revenue": 194146672,
            "revenue_4q": null,
            "common_shares": 95259597,
            "book_valuer_per_share": 32.8,
            "book_valuer_per_share_4q_avg": 35.43,
            "equity": 317285365,
            "current_ratio": 382.9,
            "debt_ratio": 24.77,
            "inventory_turnover_ratio": 2.23,
            "account_receivable_turnover_ratio": 3.32,
            "reinvestment_rate": -11.07,
            "research_to_sale_ratio": 0.05,
            "price_fair": 173.18,
            "eps_avg_yearly": 4.95,
            "eps_latest_yearly": 7.12,
            "eps_growth_yearly": 27.39
        },
        "20231": {
            "year_quarter": 20231,
            "year": 2023,
            "quarter": 1,
            "eps": 0.47,
            "eps_growth_year": -67.13,
            "eps_4q": 0.55,
            "eps_4q_growth_year": -88.48,
            "roe": 1.39,
            "roe_4q": 1.1800000000000002,
            "gross_profit": 7082074,
            "gross_margin": 3.84,
            "gross_margin_4q_avg": 0.41,
            "net_income": 4434200,
            "net_income_4q": null,
            "revenue": 184642284,
            "revenue_4q": null,
            "common_shares": 95259597,
            "book_valuer_per_share": 33.05,
            "book_valuer_per_share_4q_avg": 33.96,
            "equity": 319591963,
            "current_ratio": 425.28,
            "debt_ratio": 23.13,
            "inventory_turnover_ratio": 2.22,
            "account_receivable_turnover_ratio": 3.43,
            "reinvestment_rate": -10.2,
            "research_to_sale_ratio": 0.06,
            "price_fair": 173.18,
            "eps_avg_yearly": 4.95,
            "eps_latest_yearly": 7.12,
            "eps_growth_yearly": 27.39
        },
        "20232": {
            "year_quarter": 20232,
            "year": 2023,
            "quarter": 2,
            "eps": -0.13,
            "eps_growth_year": -107.3,
            "eps_4q": -1.35,
            "eps_4q_growth_year": -126.58,
            "roe": -0.37,
            "roe_4q": -3.8899999999999997,
            "gross_profit": -3620936,
            "gross_margin": -2.27,
            "gross_margin_4q_avg": -2.35,
            "net_income": -1167990,
            "net_income_4q": null,
            "revenue": 159397250,
            "revenue_4q": null,
            "common_shares": 95259597,
            "book_valuer_per_share": 32.92,
            "book_valuer_per_share_4q_avg": 33.26,
            "equity": 318521807,
            "current_ratio": 491.5,
            "debt_ratio": 21.08,
            "inventory_turnover_ratio": 2.13,
            "account_receivable_turnover_ratio": 3.11,
            "reinvestment_rate": -11.07,
            "research_to_sale_ratio": 0.06,
            "price_fair": 179.36,
            "eps_avg_yearly": 5.12,
            "eps_latest_yearly": 7.12,
            "eps_growth_yearly": 36.38
        },
        "20233": {
            "year_quarter": 20233,
            "year": 2023,
            "quarter": 3,
            "eps": 1.81,
            "eps_growth_year": null,
            "eps_4q": 1.11,
            "eps_4q_growth_year": -66.94,
            "roe": 5.24,
            "roe_4q": 3.21,
            "gross_profit": 21180268,
            "gross_margin": 10.99,
            "gross_margin_4q_avg": 1.83,
            "net_income": 17153556,
            "net_income_4q": null,
            "revenue": 192658407,
            "revenue_4q": null,
            "common_shares": 95259597,
            "book_valuer_per_share": 34.7,
            "book_valuer_per_share_4q_avg": 33.37,
            "equity": 335676700,
            "current_ratio": 441.67,
            "debt_ratio": 21.91,
            "inventory_turnover_ratio": 2,
            "account_receivable_turnover_ratio": 3.36,
            "reinvestment_rate": -10.37,
            "research_to_sale_ratio": 0.05,
            "price_fair": 117.31,
            "eps_avg_yearly": 5.11,
            "eps_latest_yearly": 7.12,
            "eps_growth_yearly": 12.96
        },
        "20234": {
            "year_quarter": 20234,
            "year": 2023,
            "quarter": 4,
            "eps": 0.15,
            "eps_growth_year": null,
            "eps_4q": 2.3,
            "eps_4q_growth_year": 51.78,
            "roe": 0.43,
            "roe_4q": 6.6899999999999995,
            "gross_profit": 2381256,
            "gross_margin": 1.35,
            "gross_margin_4q_avg": 3.48,
            "net_income": 1456088,
            "net_income_4q": null,
            "revenue": 175878253,
            "revenue_4q": null,
            "common_shares": 95259597,
            "book_valuer_per_share": 35.31,
            "book_valuer_per_share_4q_avg": 34,
            "equity": 341218198,
            "current_ratio": 579.44,
            "debt_ratio": 18.01,
            "inventory_turnover_ratio": 2.06,
            "account_receivable_turnover_ratio": 3.1,
            "reinvestment_rate": -9.57,
            "research_to_sale_ratio": 0.05,
            "price_fair": 14.43,
            "eps_avg_yearly": 4.81,
            "eps_latest_yearly": 0.6,
            "eps_growth_yearly": -11.53
        }
    },
    "months": {
        "2003-09": {
            "month": "2003-09",
            "price": "42.38",
            "revenue": 19887956
        },
        "2003-10": {
            "month": "2003-10",
            "price": "42.66",
            "revenue": 18817661
        },
        "2003-11": {
            "month": "2003-11",
            "price": "44.37",
            "revenue": 21599666
        },
        "2003-12": {
            "month": "2003-12",
            "price": "49.30",
            "revenue": 26815854
        },
        "2004-01": {
            "month": "2004-01",
            "price": "53.00",
            "revenue": 23525913
        },
        "2004-02": {
            "month": "2004-02",
            "price": "52.75",
            "revenue": 24291050
        },
        "2004-03": {
            "month": "2004-03",
            "price": "55.52",
            "revenue": 26129275
        },
        "2004-04": {
            "month": "2004-04",
            "price": "55.70",
            "revenue": 23325180
        },
        "2004-05": {
            "month": "2004-05",
            "price": "51.88",
            "revenue": 27998965
        },
        "2004-06": {
            "month": "2004-06",
            "price": "52.55",
            "revenue": 26232386
        },
        "2004-07": {
            "month": "2004-07",
            "price": "53.07",
            "revenue": 29539538
        },
        "2004-08": {
            "month": "2004-08",
            "price": "53.75",
            "revenue": 30517367
        },
        "2004-09": {
            "month": "2004-09",
            "price": "55.17",
            "revenue": 30150418
        },
        "2004-10": {
            "month": "2004-10",
            "price": "57.48",
            "revenue": 34425149
        },
        "2004-11": {
            "month": "2004-11",
            "price": "56.86",
            "revenue": 36884330
        },
        "2004-12": {
            "month": "2004-12",
            "price": "57.89",
            "revenue": 34400594
        },
        "2005-01": {
            "month": "2005-01",
            "price": "58.74",
            "revenue": 35413496
        },
        "2005-02": {
            "month": "2005-02",
            "price": "59.50",
            "revenue": 30100825
        },
        "2005-03": {
            "month": "2005-03",
            "price": "64.61",
            "revenue": 31763741
        },
        "2005-04": {
            "month": "2005-04",
            "price": "63.89",
            "revenue": 36488853
        },
        "2005-05": {
            "month": "2005-05",
            "price": "63.47",
            "revenue": 35875644
        },
        "2005-06": {
            "month": "2005-06",
            "price": "65.15",
            "revenue": 31367446
        },
        "2005-07": {
            "month": "2005-07",
            "price": "61.30",
            "revenue": 32431752
        },
        "2005-08": {
            "month": "2005-08",
            "price": "59.22",
            "revenue": 36152139
        },
        "2005-09": {
            "month": "2005-09",
            "price": "62.28",
            "revenue": 42203478
        },
        "2005-10": {
            "month": "2005-10",
            "price": "61.68",
            "revenue": 47423853
        },
        "2005-11": {
            "month": "2005-11",
            "price": "62.38",
            "revenue": 42547774
        },
        "2005-12": {
            "month": "2005-12",
            "price": "59.55",
            "revenue": 41545340
        },
        "2006-01": {
            "month": "2006-01",
            "price": "58.43",
            "revenue": 39599324
        },
        "2006-02": {
            "month": "2006-02",
            "price": "58.58",
            "revenue": 33960114
        },
        "2006-03": {
            "month": "2006-03",
            "price": "57.31",
            "revenue": 35927340
        },
        "2006-04": {
            "month": "2006-04",
            "price": "59.43",
            "revenue": 43790118
        },
        "2006-05": {
            "month": "2006-05",
            "price": "59.10",
            "revenue": 50688682
        },
        "2006-06": {
            "month": "2006-06",
            "price": "59.48",
            "revenue": 52585152
        },
        "2006-07": {
            "month": "2006-07",
            "price": "59.54",
            "revenue": 49548855
        },
        "2006-08": {
            "month": "2006-08",
            "price": "58.86",
            "revenue": 49678592
        },
        "2006-09": {
            "month": "2006-09",
            "price": "63.15",
            "revenue": 41596741
        },
        "2006-10": {
            "month": "2006-10",
            "price": "64.28",
            "revenue": 40033189
        },
        "2006-11": {
            "month": "2006-11",
            "price": "66.00",
            "revenue": 45456792
        },
        "2006-12": {
            "month": "2006-12",
            "price": "67.80",
            "revenue": 46699869
        },
        "2007-01": {
            "month": "2007-01",
            "price": "68.34",
            "revenue": 47447515
        },
        "2007-02": {
            "month": "2007-02",
            "price": "68.54",
            "revenue": 42628440
        },
        "2007-03": {
            "month": "2007-03",
            "price": "68.55",
            "revenue": 43212485
        },
        "2007-04": {
            "month": "2007-04",
            "price": "72.62",
            "revenue": 47378085
        },
        "2007-05": {
            "month": "2007-05",
            "price": "75.69",
            "revenue": 51568512
        },
        "2007-06": {
            "month": "2007-06",
            "price": "82.12",
            "revenue": 61611805
        },
        "2007-07": {
            "month": "2007-07",
            "price": "90.81",
            "revenue": 64433434
        },
        "2007-08": {
            "month": "2007-08",
            "price": "88.94",
            "revenue": 63481709
        },
        "2007-09": {
            "month": "2007-09",
            "price": "95.61",
            "revenue": 59748445
        },
        "2007-10": {
            "month": "2007-10",
            "price": "101.29",
            "revenue": 70435976
        },
        "2007-11": {
            "month": "2007-11",
            "price": "94.28",
            "revenue": 67533408
        },
        "2007-12": {
            "month": "2007-12",
            "price": "93.92",
            "revenue": 79834048
        },
        "2008-01": {
            "month": "2008-01",
            "price": "89.99",
            "revenue": 79502725
        },
        "2008-02": {
            "month": "2008-02",
            "price": "81.99",
            "revenue": 76165479
        },
        "2008-03": {
            "month": "2008-03",
            "price": "91.69",
            "revenue": 74785381
        },
        "2008-04": {
            "month": "2008-04",
            "price": "91.73",
            "revenue": 69298086
        },
        "2008-05": {
            "month": "2008-05",
            "price": "92.83",
            "revenue": 95596488
        },
        "2008-06": {
            "month": "2008-06",
            "price": "85.66",
            "revenue": 100363525
        },
        "2008-07": {
            "month": "2008-07",
            "price": "76.38",
            "revenue": 107509909
        },
        "2008-08": {
            "month": "2008-08",
            "price": "78.24",
            "revenue": 87920710
        },
        "2008-09": {
            "month": "2008-09",
            "price": "72.22",
            "revenue": 59806834
        },
        "2008-10": {
            "month": "2008-10",
            "price": "73.49",
            "revenue": 56889512
        },
        "2008-11": {
            "month": "2008-11",
            "price": "71.82",
            "revenue": 36918663
        },
        "2008-12": {
            "month": "2008-12",
            "price": "68.13",
            "revenue": 30816164
        },
        "2009-01": {
            "month": "2009-01",
            "price": "63.61",
            "revenue": 39965287
        },
        "2009-02": {
            "month": "2009-02",
            "price": "58.20",
            "revenue": 38710811
        },
        "2009-03": {
            "month": "2009-03",
            "price": "62.95",
            "revenue": 39905204
        },
        "2009-04": {
            "month": "2009-04",
            "price": "72.31",
            "revenue": 44488516
        },
        "2009-05": {
            "month": "2009-05",
            "price": "81.90",
            "revenue": 51301794
        },
        "2009-06": {
            "month": "2009-06",
            "price": "79.20",
            "revenue": 61194931
        },
        "2009-07": {
            "month": "2009-07",
            "price": "78.30",
            "revenue": 64214669
        },
        "2009-08": {
            "month": "2009-08",
            "price": "77.42",
            "revenue": 61014548
        },
        "2009-09": {
            "month": "2009-09",
            "price": "83.34",
            "revenue": 55438619
        },
        "2009-10": {
            "month": "2009-10",
            "price": "83.13",
            "revenue": 48179172
        },
        "2009-11": {
            "month": "2009-11",
            "price": "82.06",
            "revenue": 61769304
        },
        "2009-12": {
            "month": "2009-12",
            "price": "81.79",
            "revenue": 68050721
        },
        "2010-01": {
            "month": "2010-01",
            "price": "83.42",
            "revenue": 73281800
        },
        "2010-02": {
            "month": "2010-02",
            "price": "79.98",
            "revenue": 61071976
        },
        "2010-03": {
            "month": "2010-03",
            "price": "82.50",
            "revenue": 63918630
        },
        "2010-04": {
            "month": "2010-04",
            "price": "83.87",
            "revenue": 68782082
        },
        "2010-05": {
            "month": "2010-05",
            "price": "79.51",
            "revenue": 72674743
        },
        "2010-06": {
            "month": "2010-06",
            "price": "78.39",
            "revenue": 70728788
        },
        "2010-07": {
            "month": "2010-07",
            "price": "76.93",
            "revenue": 62470061
        },
        "2010-08": {
            "month": "2010-08",
            "price": "74.29",
            "revenue": 47235345
        },
        "2010-09": {
            "month": "2010-09",
            "price": "77.30",
            "revenue": 48452849
        },
        "2010-10": {
            "month": "2010-10",
            "price": "81.61",
            "revenue": 51031782
        },
        "2010-11": {
            "month": "2010-11",
            "price": "84.88",
            "revenue": 56803858
        },
        "2010-12": {
            "month": "2010-12",
            "price": "91.83",
            "revenue": 70856712
        },
        "2011-01": {
            "month": "2011-01",
            "price": "94.07",
            "revenue": 72468119
        },
        "2011-02": {
            "month": "2011-02",
            "price": "91.38",
            "revenue": 75216451
        },
        "2011-03": {
            "month": "2011-03",
            "price": "91.26",
            "revenue": 78966068
        },
        "2011-04": {
            "month": "2011-04",
            "price": "98.16",
            "revenue": 78514397
        },
        "2011-05": {
            "month": "2011-05",
            "price": "99.43",
            "revenue": 69131087
        },
        "2011-06": {
            "month": "2011-06",
            "price": "99.44",
            "revenue": 63382895
        },
        "2011-07": {
            "month": "2011-07",
            "price": "103.14",
            "revenue": 77000136
        },
        "2011-08": {
            "month": "2011-08",
            "price": "84.42",
            "revenue": 33274914
        },
        "2011-09": {
            "month": "2011-09",
            "price": "82.80",
            "revenue": 47726474
        },
        "2011-10": {
            "month": "2011-10",
            "price": "89.70",
            "revenue": 69474027
        },
        "2011-11": {
            "month": "2011-11",
            "price": "95.24",
            "revenue": 68600180
        },
        "2011-12": {
            "month": "2011-12",
            "price": "94.14",
            "revenue": 64778928
        },
        "2012-01": {
            "month": "2012-01",
            "price": "91.23",
            "revenue": 70568071
        },
        "2012-02": {
            "month": "2012-02",
            "price": "91.53",
            "revenue": 71954755
        },
        "2012-03": {
            "month": "2012-03",
            "price": "93.37",
            "revenue": 87294618
        },
        "2012-04": {
            "month": "2012-04",
            "price": "88.30",
            "revenue": 86156634
        },
        "2012-05": {
            "month": "2012-05",
            "price": "85.95",
            "revenue": 66496080
        },
        "2012-06": {
            "month": "2012-06",
            "price": "80.60",
            "revenue": 53158770
        },
        "2012-07": {
            "month": "2012-07",
            "price": "82.73",
            "revenue": 62966027
        },
        "2012-08": {
            "month": "2012-08",
            "price": "88.76",
            "revenue": 70840727
        },
        "2012-09": {
            "month": "2012-09",
            "price": "87.04",
            "revenue": 78916924
        },
        "2012-10": {
            "month": "2012-10",
            "price": "85.41",
            "revenue": 82793558
        },
        "2012-11": {
            "month": "2012-11",
            "price": "83.04",
            "revenue": 83039410
        },
        "2012-12": {
            "month": "2012-12",
            "price": "86.57",
            "revenue": 78447202
        },
        "2013-01": {
            "month": "2013-01",
            "price": "84.97",
            "revenue": 88368851
        },
        "2013-02": {
            "month": "2013-02",
            "price": "84.05",
            "revenue": 82173543
        },
        "2013-03": {
            "month": "2013-03",
            "price": "81.02",
            "revenue": 77275013
        },
        "2013-04": {
            "month": "2013-04",
            "price": "77.21",
            "revenue": 68529938
        },
        "2013-05": {
            "month": "2013-05",
            "price": "81.95",
            "revenue": 65704972
        },
        "2013-06": {
            "month": "2013-06",
            "price": "75.51",
            "revenue": 66246742
        },
        "2013-07": {
            "month": "2013-07",
            "price": "77.75",
            "revenue": 76755211
        },
        "2013-08": {
            "month": "2013-08",
            "price": "75.58",
            "revenue": 86227476
        },
        "2013-09": {
            "month": "2013-09",
            "price": "78.90",
            "revenue": 72805118
        },
        "2013-10": {
            "month": "2013-10",
            "price": "79.92",
            "revenue": 76860786
        },
        "2013-11": {
            "month": "2013-11",
            "price": "78.48",
            "revenue": 80788407
        },
        "2013-12": {
            "month": "2013-12",
            "price": "80.35",
            "revenue": 89597765
        },
        "2014-01": {
            "month": "2014-01",
            "price": "79.77",
            "revenue": 90573187
        },
        "2014-02": {
            "month": "2014-02",
            "price": "76.31",
            "revenue": 85447232
        },
        "2014-03": {
            "month": "2014-03",
            "price": "76.47",
            "revenue": 87342698
        },
        "2014-04": {
            "month": "2014-04",
            "price": "76.68",
            "revenue": 73431843
        },
        "2014-05": {
            "month": "2014-05",
            "price": "74.77",
            "revenue": 71113107
        },
        "2014-06": {
            "month": "2014-06",
            "price": "75.50",
            "revenue": 75018772
        },
        "2014-07": {
            "month": "2014-07",
            "price": "75.59",
            "revenue": 89155218
        },
        "2014-08": {
            "month": "2014-08",
            "price": "74.11",
            "revenue": 77808843
        },
        "2014-09": {
            "month": "2014-09",
            "price": "74.11",
            "revenue": 69165927
        },
        "2014-10": {
            "month": "2014-10",
            "price": "70.26",
            "revenue": 76966511
        },
        "2014-11": {
            "month": "2014-11",
            "price": "69.30",
            "revenue": 62647187
        },
        "2014-12": {
            "month": "2014-12",
            "price": "67.15",
            "revenue": 54414752
        },
        "2015-01": {
            "month": "2015-01",
            "price": "66.28",
            "revenue": 49559651
        },
        "2015-02": {
            "month": "2015-02",
            "price": "69.16",
            "revenue": 51006218
        },
        "2015-03": {
            "month": "2015-03",
            "price": "67.92",
            "revenue": 54468687
        },
        "2015-04": {
            "month": "2015-04",
            "price": "74.82",
            "revenue": 54953926
        },
        "2015-05": {
            "month": "2015-05",
            "price": "78.69",
            "revenue": 66017906
        },
        "2015-06": {
            "month": "2015-06",
            "price": "76.46",
            "revenue": 63003809
        },
        "2015-07": {
            "month": "2015-07",
            "price": "76.51",
            "revenue": 47781323
        },
        "2015-08": {
            "month": "2015-08",
            "price": "71.15",
            "revenue": 46314992
        },
        "2015-09": {
            "month": "2015-09",
            "price": "74.56",
            "revenue": 46111054
        },
        "2015-10": {
            "month": "2015-10",
            "price": "80.34",
            "revenue": 53568775
        },
        "2015-11": {
            "month": "2015-11",
            "price": "77.73",
            "revenue": 47354085
        },
        "2015-12": {
            "month": "2015-12",
            "price": "76.64",
            "revenue": 49373427
        },
        "2016-01": {
            "month": "2016-01",
            "price": "78.71",
            "revenue": 42055793
        },
        "2016-02": {
            "month": "2016-02",
            "price": "82.34",
            "revenue": 39826235
        },
        "2016-03": {
            "month": "2016-03",
            "price": "89.66",
            "revenue": 42589650
        },
        "2016-04": {
            "month": "2016-04",
            "price": "91.69",
            "revenue": 42696639
        },
        "2016-05": {
            "month": "2016-05",
            "price": "88.71",
            "revenue": 49440708
        },
        "2016-06": {
            "month": "2016-06",
            "price": "87.70",
            "revenue": 48814647
        },
        "2016-07": {
            "month": "2016-07",
            "price": "88.61",
            "revenue": 45882712
        },
        "2016-08": {
            "month": "2016-08",
            "price": "94.51",
            "revenue": 41696972
        },
        "2016-09": {
            "month": "2016-09",
            "price": "93.88",
            "revenue": 40871545
        },
        "2016-10": {
            "month": "2016-10",
            "price": "101.47",
            "revenue": 48114908
        },
        "2016-11": {
            "month": "2016-11",
            "price": "102.95",
            "revenue": 47800956
        },
        "2016-12": {
            "month": "2016-12",
            "price": "108.98",
            "revenue": 56370648
        },
        "2017-01": {
            "month": "2017-01",
            "price": "107.16",
            "revenue": 60553907
        },
        "2017-02": {
            "month": "2017-02",
            "price": "106.75",
            "revenue": 53140401
        },
        "2017-03": {
            "month": "2017-03",
            "price": "106.09",
            "revenue": 50791682
        },
        "2017-04": {
            "month": "2017-04",
            "price": "108.03",
            "revenue": 42273723
        },
        "2017-05": {
            "month": "2017-05",
            "price": "105.35",
            "revenue": 50388317
        },
        "2017-06": {
            "month": "2017-06",
            "price": "107.59",
            "revenue": 46255292
        },
        "2017-07": {
            "month": "2017-07",
            "price": "104.52",
            "revenue": 47903190
        },
        "2017-08": {
            "month": "2017-08",
            "price": "104.52",
            "revenue": 53421263
        },
        "2017-09": {
            "month": "2017-09",
            "price": "105.93",
            "revenue": 52133874
        },
        "2017-10": {
            "month": "2017-10",
            "price": "105.84",
            "revenue": 52409772
        },
        "2017-11": {
            "month": "2017-11",
            "price": "106.32",
            "revenue": 54418165
        },
        "2017-12": {
            "month": "2017-12",
            "price": "112.21",
            "revenue": 60418306
        },
        "2018-01": {
            "month": "2018-01",
            "price": "120.95",
            "revenue": 69424133
        },
        "2018-02": {
            "month": "2018-02",
            "price": "116.58",
            "revenue": 58617104
        },
        "2018-03": {
            "month": "2018-03",
            "price": "115.74",
            "revenue": 54035713
        },
        "2018-04": {
            "month": "2018-04",
            "price": "118.86",
            "revenue": 59178326
        },
        "2018-05": {
            "month": "2018-05",
            "price": "122.05",
            "revenue": 66256804
        },
        "2018-06": {
            "month": "2018-06",
            "price": "121.60",
            "revenue": 66892410
        },
        "2018-07": {
            "month": "2018-07",
            "price": "119.43",
            "revenue": 62720871
        },
        "2018-08": {
            "month": "2018-08",
            "price": "122.80",
            "revenue": 69869513
        },
        "2018-09": {
            "month": "2018-09",
            "price": "133.37",
            "revenue": 68528682
        },
        "2018-10": {
            "month": "2018-10",
            "price": "127.48",
            "revenue": 68259615
        },
        "2018-11": {
            "month": "2018-11",
            "price": "115.34",
            "revenue": 64018918
        },
        "2018-12": {
            "month": "2018-12",
            "price": "110.26",
            "revenue": 59744629
        },
        "2019-01": {
            "month": "2019-01",
            "price": "108.95",
            "revenue": 61842192
        },
        "2019-02": {
            "month": "2019-02",
            "price": "113.50",
            "revenue": 52428849
        },
        "2019-03": {
            "month": "2019-03",
            "price": "115.02",
            "revenue": 54845592
        },
        "2019-04": {
            "month": "2019-04",
            "price": "114.28",
            "revenue": 52533769
        },
        "2019-05": {
            "month": "2019-05",
            "price": "112.70",
            "revenue": 58243339
        },
        "2019-06": {
            "month": "2019-06",
            "price": "114.16",
            "revenue": 55346103
        },
        "2019-07": {
            "month": "2019-07",
            "price": "107.22",
            "revenue": 57066367
        },
        "2019-08": {
            "month": "2019-08",
            "price": "98.85",
            "revenue": 53480947
        },
        "2019-09": {
            "month": "2019-09",
            "price": "98.87",
            "revenue": 49464674
        },
        "2019-10": {
            "month": "2019-10",
            "price": "97.45",
            "revenue": 51596141
        },
        "2019-11": {
            "month": "2019-11",
            "price": "97.10",
            "revenue": 46305696
        },
        "2019-12": {
            "month": "2019-12",
            "price": "96.77",
            "revenue": 52851687
        },
        "2020-01": {
            "month": "2020-01",
            "price": "97.07",
            "revenue": 58111986
        },
        "2020-02": {
            "month": "2020-02",
            "price": "88.73",
            "revenue": 45676980
        },
        "2020-03": {
            "month": "2020-03",
            "price": "78.45",
            "revenue": 33742391
        },
        "2020-04": {
            "month": "2020-04",
            "price": "81.82",
            "revenue": 22152848
        },
        "2020-05": {
            "month": "2020-05",
            "price": "88.19",
            "revenue": 25685582
        },
        "2020-06": {
            "month": "2020-06",
            "price": "91.13",
            "revenue": 32091100
        },
        "2020-07": {
            "month": "2020-07",
            "price": "85.96",
            "revenue": 33532841
        },
        "2020-08": {
            "month": "2020-08",
            "price": "82.86",
            "revenue": 30169512
        },
        "2020-09": {
            "month": "2020-09",
            "price": "81.71",
            "revenue": 30249278
        },
        "2020-10": {
            "month": "2020-10",
            "price": "81.00",
            "revenue": 29630211
        },
        "2020-11": {
            "month": "2020-11",
            "price": "89.43",
            "revenue": 33672330
        },
        "2020-12": {
            "month": "2020-12",
            "price": "94.37",
            "revenue": 40566384
        },
        "2021-01": {
            "month": "2021-01",
            "price": "97.80",
            "revenue": 42237786
        },
        "2021-02": {
            "month": "2021-02",
            "price": "96.14",
            "revenue": 41372672
        },
        "2021-03": {
            "month": "2021-03",
            "price": "98.60",
            "revenue": 46689208
        },
        "2021-04": {
            "month": "2021-04",
            "price": "100.51",
            "revenue": 46553948
        },
        "2021-05": {
            "month": "2021-05",
            "price": "100.14",
            "revenue": 52926645
        },
        "2021-06": {
            "month": "2021-06",
            "price": "107.43",
            "revenue": 45492052
        },
        "2021-07": {
            "month": "2021-07",
            "price": "104.47",
            "revenue": 53822091
        },
        "2021-08": {
            "month": "2021-08",
            "price": "95.95",
            "revenue": 53503614
        },
        "2021-09": {
            "month": "2021-09",
            "price": "96.87",
            "revenue": 56679642
        },
        "2021-10": {
            "month": "2021-10",
            "price": "101.93",
            "revenue": 60474371
        },
        "2021-11": {
            "month": "2021-11",
            "price": "100.25",
            "revenue": 59368112
        },
        "2021-12": {
            "month": "2021-12",
            "price": "96.31",
            "revenue": 60941695
        },
        "2022-01": {
            "month": "2022-01",
            "price": "97.52",
            "revenue": 64423430
        },
        "2022-02": {
            "month": "2022-02",
            "price": "98.09",
            "revenue": 52347498
        },
        "2022-03": {
            "month": "2022-03",
            "price": "96.96",
            "revenue": 68780496
        },
        "2022-04": {
            "month": "2022-04",
            "price": "92.36",
            "revenue": 65350494
        },
        "2022-05": {
            "month": "2022-05",
            "price": "92.54",
            "revenue": 85486875
        },
        "2022-06": {
            "month": "2022-06",
            "price": "95.40",
            "revenue": 88448405
        },
        "2022-07": {
            "month": "2022-07",
            "price": "86.14",
            "revenue": 76588503
        },
        "2022-08": {
            "month": "2022-08",
            "price": "84.14",
            "revenue": 82746460
        },
        "2022-09": {
            "month": "2022-09",
            "price": "81.33",
            "revenue": 69729663
        },
        "2022-10": {
            "month": "2022-10",
            "price": "79.92",
            "revenue": 69805243
        },
        "2022-11": {
            "month": "2022-11",
            "price": "83.66",
            "revenue": 62084809
        },
        "2022-12": {
            "month": "2022-12",
            "price": "81.44",
            "revenue": 62256273
        },
        "2023-01": {
            "month": "2023-01",
            "price": "81.99",
            "revenue": 60935919
        },
        "2023-02": {
            "month": "2023-02",
            "price": "83.48",
            "revenue": 63164473
        },
        "2023-03": {
            "month": "2023-03",
            "price": "83.47",
            "revenue": 60541892
        },
        "2023-04": {
            "month": "2023-04",
            "price": "86.69",
            "revenue": 48061618
        },
        "2023-05": {
            "month": "2023-05",
            "price": "86.82",
            "revenue": 57522533
        },
        "2023-06": {
            "month": "2023-06",
            "price": "87.02",
            "revenue": 53813099
        },
        "2023-07": {
            "month": "2023-07",
            "price": "80.45",
            "revenue": 53433838
        },
        "2023-08": {
            "month": "2023-08",
            "price": "80.28",
            "revenue": 68847975
        },
        "2023-09": {
            "month": "2023-09",
            "price": "80.87",
            "revenue": 70376594
        },
        "2023-10": {
            "month": "2023-10",
            "price": "80.04",
            "revenue": 64929770
        },
        "2023-11": {
            "month": "2023-11",
            "price": "82.54",
            "revenue": 55619169
        },
        "2023-12": {
            "month": "2023-12",
            "price": "82.25",
            "revenue": 55329015
        }
    }
}
