{
    "summary": {
        "stock_name": "雙邦",
        "stock_id": "6506",
        "category": "紡織纖維",
        "main_business": "塗佈貼合、高分子化學品、TPU、成品鞋",
        "website_url": "http://www.shuang-bang.com",
        "ceo": "許瑜娟",
        "pe_ratio": 100,
        "report_year_from": 2001,
        "report_year_to": 2023,
        "age": 23,
        "eps_negative_percentage": 0,
        "eps_growth_avg": {
            "last_all": 13.73,
            "last_2y": 6.21,
            "last_4y": -5.39,
            "last_8y": 3.39,
            "last_12y": 7.1,
            "last_16y": null,
            "last_20y": null,
            "at_2006_last_3y": null,
            "at_2007_last_3y": null,
            "at_2008_last_3y": null,
            "at_2009_last_3y": null,
            "at_2010_last_3y": null,
            "at_2011_last_3y": null,
            "at_2012_last_3y": null,
            "at_2013_last_3y": 28.62,
            "at_2014_last_3y": 15.44,
            "at_2015_last_3y": 43.63,
            "at_2016_last_3y": 64.84,
            "at_2017_last_3y": 29.55,
            "at_2018_last_3y": 14.36,
            "at_2019_last_3y": 2.67,
            "at_2020_last_3y": -25.04,
            "at_2021_last_3y": -10.18,
            "at_2022_last_3y": 18.18,
            "at_2023_last_3y": -7.67,
            "at_2024_last_3y": -7.67,
            "at_2006_last_all": null,
            "at_2007_last_all": null,
            "at_2008_last_all": null,
            "at_2009_last_all": null,
            "at_2010_last_all": null,
            "at_2011_last_all": 18.86,
            "at_2012_last_all": 4.82,
            "at_2013_last_all": 28.62,
            "at_2014_last_all": 32.35,
            "at_2015_last_all": 35.37,
            "at_2016_last_all": 39.11,
            "at_2017_last_all": 29.08,
            "at_2018_last_all": 24.36,
            "at_2019_last_all": 22.29,
            "at_2020_last_all": 15.78,
            "at_2021_last_all": 15.99,
            "at_2022_last_all": 22.46,
            "at_2023_last_all": 13.73,
            "at_2024_last_all": 13.73
        },
        "latest_eps": 0.01,
        "latest_price": 17.1,
        "latest_roe": -1.47,
        "latest_gross_margin": 7.04,
        "latest_equity": 1256305,
        "latest_revenue": 398701,
        "latest_gross_profit": 28051,
        "latest_net_income": 6248,
        "latest_debt_ratio": 49.81,
        "latest_current_ratio": 183.57,
        "latest_account_receivable_turnover_ratio": 1.05,
        "latest_inventory_turnover_ratio": 1.33,
        "latest_reinvestment_rate": 107.68,
        "latest_research_to_sale_ratio": 3.7
    },
    "eps_dividends": {
        "2001": {
            "cash": 0,
            "stock": 0,
            "eps": 0
        },
        "2002": {
            "cash": 0,
            "stock": 0,
            "eps": 0
        },
        "2003": {
            "cash": 0.13,
            "stock": 0,
            "eps": 0
        },
        "2004": {
            "cash": 0,
            "stock": 0,
            "eps": 0
        },
        "2005": {
            "cash": 0.64,
            "stock": 0,
            "eps": 0
        },
        "2006": {
            "cash": 0,
            "stock": 0.33,
            "eps": 0
        },
        "2007": {
            "cash": 0.3,
            "stock": 0,
            "eps": 0
        },
        "2008": {
            "cash": 0,
            "stock": 0.4,
            "eps": 0
        },
        "2009": {
            "cash": 0,
            "stock": 0,
            "eps": 0.2
        },
        "2010": {
            "cash": 0,
            "stock": 0.4,
            "eps": 1.14
        },
        "2011": {
            "cash": 0.6,
            "stock": 0.4,
            "eps": 0.43
        },
        "2012": {
            "cash": 0.4,
            "stock": 0.2,
            "eps": 0.33
        },
        "2013": {
            "cash": 0.3,
            "stock": 0,
            "eps": 0.74
        },
        "2014": {
            "cash": 0.4,
            "stock": 0.2,
            "eps": 1.09
        },
        "2015": {
            "cash": 0.3,
            "stock": 0.3,
            "eps": 1.64
        },
        "2016": {
            "cash": 0.8,
            "stock": 0.2,
            "eps": 2.65
        },
        "2017": {
            "cash": 1.5,
            "stock": 0.2,
            "eps": 1.56
        },
        "2018": {
            "cash": 1,
            "stock": 0.3,
            "eps": 1.35
        },
        "2019": {
            "cash": 1,
            "stock": 0.2,
            "eps": 1.4
        },
        "2020": {
            "cash": 1.1,
            "stock": 0,
            "eps": 0.71
        },
        "2021": {
            "cash": 0.8,
            "stock": 0,
            "eps": 0.84
        },
        "2022": {
            "cash": 2,
            "stock": 0,
            "eps": 3.2
        },
        "2023": {
            "cash": 1.2,
            "stock": 0,
            "eps": 0.01
        },
        "2024": {
            "cash": 0.4,
            "stock": 0,
            "eps": 0
        }
    },
    "dividends": {
        "2003-04-08": {
            "cash": 0.13,
            "stock": 0
        },
        "2005-03-22": {
            "cash": 0.64,
            "stock": 0
        },
        "2006-02-23": {
            "cash": 0,
            "stock": 0.33
        },
        "2007-04-10": {
            "cash": 0.3,
            "stock": 0
        },
        "2008-04-09": {
            "cash": 0,
            "stock": 0.4
        },
        "2010-03-18": {
            "cash": 0,
            "stock": 0.4
        },
        "2011-03-11": {
            "cash": 0.6,
            "stock": 0.4
        },
        "2012-06-18": {
            "cash": 0.4,
            "stock": 0.2
        },
        "2013-05-31": {
            "cash": 0.3,
            "stock": 0
        },
        "2014-08-14": {
            "cash": 0.4,
            "stock": 0.2
        },
        "2015-06-18": {
            "cash": 0.3,
            "stock": 0.3
        },
        "2016-09-08": {
            "cash": 0.8,
            "stock": 0.2
        },
        "2017-09-08": {
            "cash": 1.5,
            "stock": 0.2
        },
        "2018-09-05": {
            "cash": 1,
            "stock": 0.3
        },
        "2019-08-23": {
            "cash": 1,
            "stock": 0.2
        },
        "2020-08-06": {
            "cash": 1.1,
            "stock": 0
        },
        "2021-08-12": {
            "cash": 0.8,
            "stock": 0
        },
        "2022-07-28": {
            "cash": 2,
            "stock": 0
        },
        "2023-08-03": {
            "cash": 1.2,
            "stock": 0
        },
        "2024-03-12": {
            "cash": 0.4,
            "stock": 0
        }
    },
    "prices": {
        "200101": "無",
        "200102": "無",
        "200103": "無",
        "200104": "無",
        "200105": "無",
        "200106": "無",
        "200107": "無",
        "200108": "無",
        "200109": "無",
        "200110": "無",
        "200111": "無",
        "200112": "無",
        "200201": "無",
        "200202": "無",
        "200203": "無",
        "200204": "無",
        "200205": "無",
        "200206": "無",
        "200207": "無",
        "200208": "無",
        "200209": "無",
        "200210": "無",
        "200211": "無",
        "200212": "無",
        "200301": "無",
        "200302": "無",
        "200303": "無",
        "200304": "無",
        "200305": "無",
        "200306": "無",
        "200307": "無",
        "200308": "無",
        "200309": "無",
        "200310": "8.50",
        "200311": "10.50",
        "200312": "無",
        "200401": "無",
        "200402": "無",
        "200403": "無",
        "200404": "無",
        "200405": "無",
        "200406": "無",
        "200407": "無",
        "200408": "無",
        "200409": "無",
        "200410": "8.16",
        "200411": "8.00",
        "200412": "無",
        "200501": "無",
        "200502": "無",
        "200503": "8.79",
        "200504": "無",
        "200505": "8.80",
        "200506": "8.26",
        "200507": "8.24",
        "200508": "無",
        "200509": "無",
        "200510": "無",
        "200511": "無",
        "200512": "8.64",
        "200601": "無",
        "200602": "9.04",
        "200603": "8.70",
        "200604": "無",
        "200605": "9.02",
        "200606": "9.22",
        "200607": "9.98",
        "200608": "9.60",
        "200609": "9.05",
        "200610": "9.01",
        "200611": "9.94",
        "200612": "9.66",
        "200701": "無",
        "200702": "10.09",
        "200703": "11.24",
        "200704": "10.31",
        "200705": "無",
        "200706": "10.70",
        "200707": "10.88",
        "200708": "10.64",
        "200709": "10.88",
        "200710": "12.25",
        "200711": "12.88",
        "200712": "12.05",
        "200801": "11.98",
        "200802": "11.53",
        "200803": "12.63",
        "200804": "12.64",
        "200805": "12.24",
        "200806": "11.68",
        "200807": "12.04",
        "200808": "10.89",
        "200809": "9.31",
        "200810": "8.05",
        "200811": "7.45",
        "200812": "6.58",
        "200901": "無",
        "200902": "4.85",
        "200903": "7.14",
        "200904": "9.36",
        "200905": "9.77",
        "200906": "9.65",
        "200907": "9.70",
        "200908": "10.08",
        "200909": "10.80",
        "200910": "10.18",
        "200911": "11.28",
        "200912": "12.90",
        "201001": "12.77",
        "201002": "12.27",
        "201003": "12.42",
        "201004": "13.12",
        "201005": "14.60",
        "201006": "15.39",
        "201007": "17.78",
        "201008": "17.11",
        "201009": "18.00",
        "201010": "17.63",
        "201011": "17.80",
        "201012": "19.47",
        "201101": "21.43",
        "201102": "22.17",
        "201103": "22.38",
        "201104": "21.60",
        "201105": "22.05",
        "201106": "20.83",
        "201107": "17.43",
        "201108": "15.01",
        "201109": "14.72",
        "201110": "13.58",
        "201111": "11.80",
        "201112": "11.48",
        "201201": "11.92",
        "201202": "13.42",
        "201203": "14.62",
        "201204": "14.21",
        "201205": "13.88",
        "201206": "12.32",
        "201207": "11.78",
        "201208": "11.94",
        "201209": "12.35",
        "201210": "12.37",
        "201211": "11.77",
        "201212": "12.05",
        "201301": "12.12",
        "201302": "11.87",
        "201303": "11.73",
        "201304": "11.32",
        "201305": "11.43",
        "201306": "11.59",
        "201307": "11.45",
        "201308": "12.99",
        "201309": "14.15",
        "201310": "13.54",
        "201311": "12.40",
        "201312": "13.02",
        "201401": "13.27",
        "201402": "13.77",
        "201403": "14.55",
        "201404": "14.89",
        "201405": "17.93",
        "201406": "21.00",
        "201407": "20.60",
        "201408": "19.70",
        "201409": "17.92",
        "201410": "16.42",
        "201411": "15.29",
        "201412": "15.37",
        "201501": "15.88",
        "201502": "16.93",
        "201503": "17.38",
        "201504": "17.62",
        "201505": "22.20",
        "201506": "27.04",
        "201507": "19.39",
        "201508": "16.39",
        "201509": "19.90",
        "201510": "22.65",
        "201511": "19.80",
        "201512": "18.32",
        "201601": "17.85",
        "201602": "19.25",
        "201603": "20.49",
        "201604": "21.22",
        "201605": "22.02",
        "201606": "20.83",
        "201607": "21.20",
        "201608": "21.50",
        "201609": "22.32",
        "201610": "22.21",
        "201611": "22.15",
        "201612": "24.51",
        "201701": "24.74",
        "201702": "24.62",
        "201703": "24.84",
        "201704": "25.79",
        "201705": "24.22",
        "201706": "23.75",
        "201707": "23.98",
        "201708": "21.92",
        "201709": "21.74",
        "201710": "21.36",
        "201711": "20.94",
        "201712": "21.34",
        "201801": "21.73",
        "201802": "21.19",
        "201803": "21.44",
        "201804": "21.41",
        "201805": "20.99",
        "201806": "20.88",
        "201807": "20.25",
        "201808": "19.53",
        "201809": "19.30",
        "201810": "18.21",
        "201811": "17.60",
        "201812": "17.37",
        "201901": "18.14",
        "201902": "18.23",
        "201903": "18.40",
        "201904": "18.26",
        "201905": "18.12",
        "201906": "19.10",
        "201907": "18.76",
        "201908": "17.94",
        "201909": "18.03",
        "201910": "18.23",
        "201911": "18.50",
        "201912": "18.48",
        "202001": "18.94",
        "202002": "18.60",
        "202003": "16.62",
        "202004": "17.06",
        "202005": "17.90",
        "202006": "17.96",
        "202007": "17.02",
        "202008": "16.63",
        "202009": "16.32",
        "202010": "15.92",
        "202011": "15.90",
        "202012": "15.93",
        "202101": "15.84",
        "202102": "15.84",
        "202103": "15.96",
        "202104": "16.75",
        "202105": "16.66",
        "202106": "17.27",
        "202107": "17.29",
        "202108": "16.73",
        "202109": "17.00",
        "202110": "18.76",
        "202111": "18.67",
        "202112": "19.24",
        "202201": "18.78",
        "202202": "18.83",
        "202203": "19.66",
        "202204": "20.67",
        "202205": "21.77",
        "202206": "21.56",
        "202207": "17.79",
        "202208": "19.75",
        "202209": "19.89",
        "202210": "18.56",
        "202211": "19.45",
        "202212": "19.49",
        "202301": "19.77",
        "202302": "20.52",
        "202303": "20.50",
        "202304": "19.74",
        "202305": "19.53",
        "202306": "19.54",
        "202307": "18.40",
        "202308": "17.90",
        "202309": "17.58",
        "202310": "17.20",
        "202311": "17.10",
        "202312": "17.35",
        "202401": "17.08",
        "202402": "17.26",
        "202403": "17.04",
        "202404": "無"
    },
    "quarters": {
        "20011": {
            "year_quarter": 20011,
            "year": 2001,
            "quarter": 1,
            "eps": null,
            "eps_growth_year": null,
            "eps_4q": null,
            "eps_4q_growth_year": null,
            "roe": null,
            "roe_4q": 0,
            "gross_profit": null,
            "gross_margin": null,
            "gross_margin_4q_avg": 0,
            "net_income": null,
            "net_income_4q": null,
            "revenue": null,
            "revenue_4q": null,
            "common_shares": null,
            "book_valuer_per_share": null,
            "book_valuer_per_share_4q_avg": 0,
            "equity": null,
            "current_ratio": null,
            "debt_ratio": null,
            "inventory_turnover_ratio": null,
            "account_receivable_turnover_ratio": null,
            "reinvestment_rate": null,
            "research_to_sale_ratio": null,
            "price_fair": 0,
            "eps_avg_yearly": 0,
            "eps_latest_yearly": 0,
            "eps_growth_yearly": 0
        },
        "20012": {
            "year_quarter": 20012,
            "year": 2001,
            "quarter": 2,
            "eps": null,
            "eps_growth_year": null,
            "eps_4q": null,
            "eps_4q_growth_year": null,
            "roe": null,
            "roe_4q": 0,
            "gross_profit": null,
            "gross_margin": null,
            "gross_margin_4q_avg": 0,
            "net_income": null,
            "net_income_4q": null,
            "revenue": null,
            "revenue_4q": null,
            "common_shares": null,
            "book_valuer_per_share": null,
            "book_valuer_per_share_4q_avg": 0,
            "equity": null,
            "current_ratio": null,
            "debt_ratio": null,
            "inventory_turnover_ratio": null,
            "account_receivable_turnover_ratio": null,
            "reinvestment_rate": null,
            "research_to_sale_ratio": null,
            "price_fair": 0,
            "eps_avg_yearly": 0,
            "eps_latest_yearly": 0,
            "eps_growth_yearly": 0
        },
        "20013": {
            "year_quarter": 20013,
            "year": 2001,
            "quarter": 3,
            "eps": null,
            "eps_growth_year": null,
            "eps_4q": null,
            "eps_4q_growth_year": null,
            "roe": null,
            "roe_4q": 0,
            "gross_profit": null,
            "gross_margin": null,
            "gross_margin_4q_avg": 0,
            "net_income": null,
            "net_income_4q": null,
            "revenue": null,
            "revenue_4q": null,
            "common_shares": null,
            "book_valuer_per_share": null,
            "book_valuer_per_share_4q_avg": 0,
            "equity": null,
            "current_ratio": null,
            "debt_ratio": null,
            "inventory_turnover_ratio": null,
            "account_receivable_turnover_ratio": null,
            "reinvestment_rate": null,
            "research_to_sale_ratio": null,
            "price_fair": 0,
            "eps_avg_yearly": 0,
            "eps_latest_yearly": 0,
            "eps_growth_yearly": 0
        },
        "20014": {
            "year_quarter": 20014,
            "year": 2001,
            "quarter": 4,
            "eps": null,
            "eps_growth_year": null,
            "eps_4q": null,
            "eps_4q_growth_year": null,
            "roe": null,
            "roe_4q": 0,
            "gross_profit": null,
            "gross_margin": null,
            "gross_margin_4q_avg": 0,
            "net_income": null,
            "net_income_4q": null,
            "revenue": null,
            "revenue_4q": null,
            "common_shares": 446061,
            "book_valuer_per_share": 11.7,
            "book_valuer_per_share_4q_avg": 2.93,
            "equity": 522050,
            "current_ratio": 99.63,
            "debt_ratio": 54.79,
            "inventory_turnover_ratio": null,
            "account_receivable_turnover_ratio": null,
            "reinvestment_rate": null,
            "research_to_sale_ratio": null,
            "price_fair": 0,
            "eps_avg_yearly": 0,
            "eps_latest_yearly": 0,
            "eps_growth_yearly": 0
        },
        "20021": {
            "year_quarter": 20021,
            "year": 2002,
            "quarter": 1,
            "eps": null,
            "eps_growth_year": null,
            "eps_4q": null,
            "eps_4q_growth_year": null,
            "roe": null,
            "roe_4q": 0,
            "gross_profit": null,
            "gross_margin": null,
            "gross_margin_4q_avg": 0,
            "net_income": null,
            "net_income_4q": null,
            "revenue": null,
            "revenue_4q": null,
            "common_shares": null,
            "book_valuer_per_share": null,
            "book_valuer_per_share_4q_avg": 2.93,
            "equity": null,
            "current_ratio": null,
            "debt_ratio": null,
            "inventory_turnover_ratio": null,
            "account_receivable_turnover_ratio": null,
            "reinvestment_rate": null,
            "research_to_sale_ratio": null,
            "price_fair": 0,
            "eps_avg_yearly": 0,
            "eps_latest_yearly": 0,
            "eps_growth_yearly": 0
        },
        "20022": {
            "year_quarter": 20022,
            "year": 2002,
            "quarter": 2,
            "eps": null,
            "eps_growth_year": null,
            "eps_4q": null,
            "eps_4q_growth_year": null,
            "roe": null,
            "roe_4q": 0,
            "gross_profit": null,
            "gross_margin": null,
            "gross_margin_4q_avg": 0,
            "net_income": null,
            "net_income_4q": null,
            "revenue": null,
            "revenue_4q": null,
            "common_shares": null,
            "book_valuer_per_share": null,
            "book_valuer_per_share_4q_avg": 2.93,
            "equity": null,
            "current_ratio": null,
            "debt_ratio": null,
            "inventory_turnover_ratio": null,
            "account_receivable_turnover_ratio": null,
            "reinvestment_rate": null,
            "research_to_sale_ratio": null,
            "price_fair": 0,
            "eps_avg_yearly": 0,
            "eps_latest_yearly": 0,
            "eps_growth_yearly": 0
        },
        "20023": {
            "year_quarter": 20023,
            "year": 2002,
            "quarter": 3,
            "eps": null,
            "eps_growth_year": null,
            "eps_4q": null,
            "eps_4q_growth_year": null,
            "roe": null,
            "roe_4q": 0,
            "gross_profit": null,
            "gross_margin": null,
            "gross_margin_4q_avg": 0,
            "net_income": null,
            "net_income_4q": null,
            "revenue": null,
            "revenue_4q": null,
            "common_shares": null,
            "book_valuer_per_share": null,
            "book_valuer_per_share_4q_avg": 2.93,
            "equity": null,
            "current_ratio": null,
            "debt_ratio": null,
            "inventory_turnover_ratio": null,
            "account_receivable_turnover_ratio": null,
            "reinvestment_rate": null,
            "research_to_sale_ratio": null,
            "price_fair": 0,
            "eps_avg_yearly": 0,
            "eps_latest_yearly": 0,
            "eps_growth_yearly": 0
        },
        "20024": {
            "year_quarter": 20024,
            "year": 2002,
            "quarter": 4,
            "eps": null,
            "eps_growth_year": null,
            "eps_4q": null,
            "eps_4q_growth_year": null,
            "roe": null,
            "roe_4q": 0,
            "gross_profit": null,
            "gross_margin": null,
            "gross_margin_4q_avg": 0,
            "net_income": null,
            "net_income_4q": null,
            "revenue": null,
            "revenue_4q": null,
            "common_shares": 490667,
            "book_valuer_per_share": 10.77,
            "book_valuer_per_share_4q_avg": 2.69,
            "equity": 528429,
            "current_ratio": 128.07,
            "debt_ratio": 50.36,
            "inventory_turnover_ratio": null,
            "account_receivable_turnover_ratio": null,
            "reinvestment_rate": null,
            "research_to_sale_ratio": null,
            "price_fair": 0,
            "eps_avg_yearly": 0,
            "eps_latest_yearly": 0,
            "eps_growth_yearly": 0
        },
        "20031": {
            "year_quarter": 20031,
            "year": 2003,
            "quarter": 1,
            "eps": null,
            "eps_growth_year": null,
            "eps_4q": null,
            "eps_4q_growth_year": null,
            "roe": null,
            "roe_4q": 0,
            "gross_profit": null,
            "gross_margin": null,
            "gross_margin_4q_avg": 0,
            "net_income": null,
            "net_income_4q": null,
            "revenue": null,
            "revenue_4q": null,
            "common_shares": null,
            "book_valuer_per_share": null,
            "book_valuer_per_share_4q_avg": 2.69,
            "equity": null,
            "current_ratio": null,
            "debt_ratio": null,
            "inventory_turnover_ratio": null,
            "account_receivable_turnover_ratio": null,
            "reinvestment_rate": null,
            "research_to_sale_ratio": null,
            "price_fair": 0,
            "eps_avg_yearly": 0,
            "eps_latest_yearly": 0,
            "eps_growth_yearly": 0
        },
        "20032": {
            "year_quarter": 20032,
            "year": 2003,
            "quarter": 2,
            "eps": null,
            "eps_growth_year": null,
            "eps_4q": null,
            "eps_4q_growth_year": null,
            "roe": null,
            "roe_4q": 0,
            "gross_profit": null,
            "gross_margin": null,
            "gross_margin_4q_avg": 0,
            "net_income": null,
            "net_income_4q": null,
            "revenue": null,
            "revenue_4q": null,
            "common_shares": null,
            "book_valuer_per_share": null,
            "book_valuer_per_share_4q_avg": 2.69,
            "equity": null,
            "current_ratio": null,
            "debt_ratio": null,
            "inventory_turnover_ratio": null,
            "account_receivable_turnover_ratio": null,
            "reinvestment_rate": null,
            "research_to_sale_ratio": null,
            "price_fair": 0,
            "eps_avg_yearly": 0,
            "eps_latest_yearly": 0,
            "eps_growth_yearly": 0
        },
        "20033": {
            "year_quarter": 20033,
            "year": 2003,
            "quarter": 3,
            "eps": null,
            "eps_growth_year": null,
            "eps_4q": null,
            "eps_4q_growth_year": null,
            "roe": null,
            "roe_4q": 0,
            "gross_profit": null,
            "gross_margin": null,
            "gross_margin_4q_avg": 0,
            "net_income": null,
            "net_income_4q": null,
            "revenue": null,
            "revenue_4q": null,
            "common_shares": null,
            "book_valuer_per_share": null,
            "book_valuer_per_share_4q_avg": 2.69,
            "equity": null,
            "current_ratio": null,
            "debt_ratio": null,
            "inventory_turnover_ratio": null,
            "account_receivable_turnover_ratio": null,
            "reinvestment_rate": null,
            "research_to_sale_ratio": null,
            "price_fair": 0,
            "eps_avg_yearly": 0,
            "eps_latest_yearly": 0,
            "eps_growth_yearly": 0
        },
        "20034": {
            "year_quarter": 20034,
            "year": 2003,
            "quarter": 4,
            "eps": null,
            "eps_growth_year": null,
            "eps_4q": null,
            "eps_4q_growth_year": null,
            "roe": null,
            "roe_4q": 0,
            "gross_profit": null,
            "gross_margin": null,
            "gross_margin_4q_avg": 0,
            "net_income": null,
            "net_income_4q": null,
            "revenue": null,
            "revenue_4q": null,
            "common_shares": 490667,
            "book_valuer_per_share": 8.89,
            "book_valuer_per_share_4q_avg": 2.22,
            "equity": 436266,
            "current_ratio": 119.74,
            "debt_ratio": 54.31,
            "inventory_turnover_ratio": null,
            "account_receivable_turnover_ratio": null,
            "reinvestment_rate": null,
            "research_to_sale_ratio": null,
            "price_fair": 0,
            "eps_avg_yearly": 0,
            "eps_latest_yearly": 0,
            "eps_growth_yearly": 0
        },
        "20041": {
            "year_quarter": 20041,
            "year": 2004,
            "quarter": 1,
            "eps": null,
            "eps_growth_year": null,
            "eps_4q": null,
            "eps_4q_growth_year": null,
            "roe": null,
            "roe_4q": 0,
            "gross_profit": null,
            "gross_margin": null,
            "gross_margin_4q_avg": 0,
            "net_income": null,
            "net_income_4q": null,
            "revenue": null,
            "revenue_4q": null,
            "common_shares": null,
            "book_valuer_per_share": null,
            "book_valuer_per_share_4q_avg": 2.22,
            "equity": null,
            "current_ratio": null,
            "debt_ratio": null,
            "inventory_turnover_ratio": null,
            "account_receivable_turnover_ratio": null,
            "reinvestment_rate": null,
            "research_to_sale_ratio": null,
            "price_fair": 0,
            "eps_avg_yearly": 0,
            "eps_latest_yearly": 0,
            "eps_growth_yearly": 0
        },
        "20042": {
            "year_quarter": 20042,
            "year": 2004,
            "quarter": 2,
            "eps": null,
            "eps_growth_year": null,
            "eps_4q": null,
            "eps_4q_growth_year": null,
            "roe": null,
            "roe_4q": 0,
            "gross_profit": null,
            "gross_margin": null,
            "gross_margin_4q_avg": 0,
            "net_income": null,
            "net_income_4q": null,
            "revenue": null,
            "revenue_4q": null,
            "common_shares": null,
            "book_valuer_per_share": null,
            "book_valuer_per_share_4q_avg": 2.22,
            "equity": null,
            "current_ratio": null,
            "debt_ratio": null,
            "inventory_turnover_ratio": null,
            "account_receivable_turnover_ratio": null,
            "reinvestment_rate": null,
            "research_to_sale_ratio": null,
            "price_fair": 0,
            "eps_avg_yearly": 0,
            "eps_latest_yearly": 0,
            "eps_growth_yearly": 0
        },
        "20043": {
            "year_quarter": 20043,
            "year": 2004,
            "quarter": 3,
            "eps": null,
            "eps_growth_year": null,
            "eps_4q": null,
            "eps_4q_growth_year": null,
            "roe": null,
            "roe_4q": 0,
            "gross_profit": null,
            "gross_margin": null,
            "gross_margin_4q_avg": 0,
            "net_income": null,
            "net_income_4q": null,
            "revenue": null,
            "revenue_4q": null,
            "common_shares": null,
            "book_valuer_per_share": null,
            "book_valuer_per_share_4q_avg": 2.22,
            "equity": null,
            "current_ratio": null,
            "debt_ratio": null,
            "inventory_turnover_ratio": null,
            "account_receivable_turnover_ratio": null,
            "reinvestment_rate": null,
            "research_to_sale_ratio": null,
            "price_fair": 0,
            "eps_avg_yearly": 0,
            "eps_latest_yearly": 0,
            "eps_growth_yearly": 0
        },
        "20044": {
            "year_quarter": 20044,
            "year": 2004,
            "quarter": 4,
            "eps": null,
            "eps_growth_year": null,
            "eps_4q": null,
            "eps_4q_growth_year": null,
            "roe": null,
            "roe_4q": 0,
            "gross_profit": null,
            "gross_margin": null,
            "gross_margin_4q_avg": 0,
            "net_income": null,
            "net_income_4q": null,
            "revenue": null,
            "revenue_4q": null,
            "common_shares": 406335,
            "book_valuer_per_share": 11.54,
            "book_valuer_per_share_4q_avg": 2.89,
            "equity": 482350,
            "current_ratio": 117.44,
            "debt_ratio": 60.17,
            "inventory_turnover_ratio": null,
            "account_receivable_turnover_ratio": null,
            "reinvestment_rate": null,
            "research_to_sale_ratio": null,
            "price_fair": 0,
            "eps_avg_yearly": 0,
            "eps_latest_yearly": 0,
            "eps_growth_yearly": 0
        },
        "20051": {
            "year_quarter": 20051,
            "year": 2005,
            "quarter": 1,
            "eps": null,
            "eps_growth_year": null,
            "eps_4q": null,
            "eps_4q_growth_year": null,
            "roe": null,
            "roe_4q": 0,
            "gross_profit": null,
            "gross_margin": null,
            "gross_margin_4q_avg": 0,
            "net_income": null,
            "net_income_4q": null,
            "revenue": null,
            "revenue_4q": null,
            "common_shares": null,
            "book_valuer_per_share": null,
            "book_valuer_per_share_4q_avg": 2.89,
            "equity": null,
            "current_ratio": null,
            "debt_ratio": null,
            "inventory_turnover_ratio": null,
            "account_receivable_turnover_ratio": null,
            "reinvestment_rate": null,
            "research_to_sale_ratio": null,
            "price_fair": 0,
            "eps_avg_yearly": 0,
            "eps_latest_yearly": 0,
            "eps_growth_yearly": 0
        },
        "20052": {
            "year_quarter": 20052,
            "year": 2005,
            "quarter": 2,
            "eps": null,
            "eps_growth_year": null,
            "eps_4q": null,
            "eps_4q_growth_year": null,
            "roe": null,
            "roe_4q": 0,
            "gross_profit": null,
            "gross_margin": null,
            "gross_margin_4q_avg": 0,
            "net_income": null,
            "net_income_4q": null,
            "revenue": null,
            "revenue_4q": null,
            "common_shares": null,
            "book_valuer_per_share": null,
            "book_valuer_per_share_4q_avg": 2.89,
            "equity": null,
            "current_ratio": null,
            "debt_ratio": null,
            "inventory_turnover_ratio": null,
            "account_receivable_turnover_ratio": null,
            "reinvestment_rate": null,
            "research_to_sale_ratio": null,
            "price_fair": 0,
            "eps_avg_yearly": 0,
            "eps_latest_yearly": 0,
            "eps_growth_yearly": 0
        },
        "20053": {
            "year_quarter": 20053,
            "year": 2005,
            "quarter": 3,
            "eps": null,
            "eps_growth_year": null,
            "eps_4q": null,
            "eps_4q_growth_year": null,
            "roe": null,
            "roe_4q": 0,
            "gross_profit": null,
            "gross_margin": null,
            "gross_margin_4q_avg": 0,
            "net_income": null,
            "net_income_4q": null,
            "revenue": null,
            "revenue_4q": null,
            "common_shares": null,
            "book_valuer_per_share": null,
            "book_valuer_per_share_4q_avg": 2.89,
            "equity": null,
            "current_ratio": null,
            "debt_ratio": null,
            "inventory_turnover_ratio": null,
            "account_receivable_turnover_ratio": null,
            "reinvestment_rate": null,
            "research_to_sale_ratio": null,
            "price_fair": 0,
            "eps_avg_yearly": 0,
            "eps_latest_yearly": 0,
            "eps_growth_yearly": 0
        },
        "20054": {
            "year_quarter": 20054,
            "year": 2005,
            "quarter": 4,
            "eps": null,
            "eps_growth_year": null,
            "eps_4q": null,
            "eps_4q_growth_year": null,
            "roe": null,
            "roe_4q": 0,
            "gross_profit": null,
            "gross_margin": null,
            "gross_margin_4q_avg": 0,
            "net_income": null,
            "net_income_4q": null,
            "revenue": null,
            "revenue_4q": null,
            "common_shares": 406335,
            "book_valuer_per_share": 11.79,
            "book_valuer_per_share_4q_avg": 2.95,
            "equity": 479168,
            "current_ratio": 129.69,
            "debt_ratio": 53.03,
            "inventory_turnover_ratio": null,
            "account_receivable_turnover_ratio": null,
            "reinvestment_rate": null,
            "research_to_sale_ratio": null,
            "price_fair": 0,
            "eps_avg_yearly": 0,
            "eps_latest_yearly": 0,
            "eps_growth_yearly": 0
        },
        "20061": {
            "year_quarter": 20061,
            "year": 2006,
            "quarter": 1,
            "eps": null,
            "eps_growth_year": null,
            "eps_4q": null,
            "eps_4q_growth_year": null,
            "roe": null,
            "roe_4q": 0,
            "gross_profit": null,
            "gross_margin": null,
            "gross_margin_4q_avg": 0,
            "net_income": null,
            "net_income_4q": null,
            "revenue": null,
            "revenue_4q": null,
            "common_shares": null,
            "book_valuer_per_share": null,
            "book_valuer_per_share_4q_avg": 2.95,
            "equity": null,
            "current_ratio": null,
            "debt_ratio": null,
            "inventory_turnover_ratio": null,
            "account_receivable_turnover_ratio": null,
            "reinvestment_rate": null,
            "research_to_sale_ratio": null,
            "price_fair": 0,
            "eps_avg_yearly": 0,
            "eps_latest_yearly": 0,
            "eps_growth_yearly": 0
        },
        "20062": {
            "year_quarter": 20062,
            "year": 2006,
            "quarter": 2,
            "eps": null,
            "eps_growth_year": null,
            "eps_4q": null,
            "eps_4q_growth_year": null,
            "roe": null,
            "roe_4q": 0,
            "gross_profit": null,
            "gross_margin": null,
            "gross_margin_4q_avg": 0,
            "net_income": null,
            "net_income_4q": null,
            "revenue": null,
            "revenue_4q": null,
            "common_shares": null,
            "book_valuer_per_share": null,
            "book_valuer_per_share_4q_avg": 2.95,
            "equity": null,
            "current_ratio": null,
            "debt_ratio": null,
            "inventory_turnover_ratio": null,
            "account_receivable_turnover_ratio": null,
            "reinvestment_rate": null,
            "research_to_sale_ratio": null,
            "price_fair": 0,
            "eps_avg_yearly": 0,
            "eps_latest_yearly": 0,
            "eps_growth_yearly": 0
        },
        "20063": {
            "year_quarter": 20063,
            "year": 2006,
            "quarter": 3,
            "eps": null,
            "eps_growth_year": null,
            "eps_4q": null,
            "eps_4q_growth_year": null,
            "roe": null,
            "roe_4q": 0,
            "gross_profit": null,
            "gross_margin": null,
            "gross_margin_4q_avg": 0,
            "net_income": null,
            "net_income_4q": null,
            "revenue": null,
            "revenue_4q": null,
            "common_shares": null,
            "book_valuer_per_share": null,
            "book_valuer_per_share_4q_avg": 2.95,
            "equity": null,
            "current_ratio": null,
            "debt_ratio": null,
            "inventory_turnover_ratio": null,
            "account_receivable_turnover_ratio": null,
            "reinvestment_rate": null,
            "research_to_sale_ratio": null,
            "price_fair": 0,
            "eps_avg_yearly": 0,
            "eps_latest_yearly": 0,
            "eps_growth_yearly": 0
        },
        "20064": {
            "year_quarter": 20064,
            "year": 2006,
            "quarter": 4,
            "eps": null,
            "eps_growth_year": null,
            "eps_4q": null,
            "eps_4q_growth_year": null,
            "roe": null,
            "roe_4q": 0,
            "gross_profit": null,
            "gross_margin": null,
            "gross_margin_4q_avg": 0,
            "net_income": null,
            "net_income_4q": null,
            "revenue": null,
            "revenue_4q": null,
            "common_shares": 419710,
            "book_valuer_per_share": 11.2,
            "book_valuer_per_share_4q_avg": 2.8,
            "equity": 469927,
            "current_ratio": 103.73,
            "debt_ratio": 58.39,
            "inventory_turnover_ratio": null,
            "account_receivable_turnover_ratio": null,
            "reinvestment_rate": null,
            "research_to_sale_ratio": null,
            "price_fair": 0,
            "eps_avg_yearly": 0,
            "eps_latest_yearly": 0,
            "eps_growth_yearly": 0
        },
        "20071": {
            "year_quarter": 20071,
            "year": 2007,
            "quarter": 1,
            "eps": null,
            "eps_growth_year": null,
            "eps_4q": null,
            "eps_4q_growth_year": null,
            "roe": null,
            "roe_4q": 0,
            "gross_profit": null,
            "gross_margin": null,
            "gross_margin_4q_avg": 0,
            "net_income": null,
            "net_income_4q": null,
            "revenue": null,
            "revenue_4q": null,
            "common_shares": null,
            "book_valuer_per_share": null,
            "book_valuer_per_share_4q_avg": 2.8,
            "equity": null,
            "current_ratio": null,
            "debt_ratio": null,
            "inventory_turnover_ratio": null,
            "account_receivable_turnover_ratio": null,
            "reinvestment_rate": null,
            "research_to_sale_ratio": null,
            "price_fair": 0,
            "eps_avg_yearly": 0,
            "eps_latest_yearly": 0,
            "eps_growth_yearly": 0
        },
        "20072": {
            "year_quarter": 20072,
            "year": 2007,
            "quarter": 2,
            "eps": null,
            "eps_growth_year": null,
            "eps_4q": null,
            "eps_4q_growth_year": null,
            "roe": null,
            "roe_4q": 0,
            "gross_profit": null,
            "gross_margin": null,
            "gross_margin_4q_avg": 0,
            "net_income": null,
            "net_income_4q": null,
            "revenue": null,
            "revenue_4q": null,
            "common_shares": null,
            "book_valuer_per_share": null,
            "book_valuer_per_share_4q_avg": 2.8,
            "equity": null,
            "current_ratio": null,
            "debt_ratio": null,
            "inventory_turnover_ratio": null,
            "account_receivable_turnover_ratio": null,
            "reinvestment_rate": null,
            "research_to_sale_ratio": null,
            "price_fair": 0,
            "eps_avg_yearly": 0,
            "eps_latest_yearly": 0,
            "eps_growth_yearly": 0
        },
        "20073": {
            "year_quarter": 20073,
            "year": 2007,
            "quarter": 3,
            "eps": null,
            "eps_growth_year": null,
            "eps_4q": null,
            "eps_4q_growth_year": null,
            "roe": null,
            "roe_4q": 0,
            "gross_profit": null,
            "gross_margin": null,
            "gross_margin_4q_avg": 0,
            "net_income": null,
            "net_income_4q": null,
            "revenue": null,
            "revenue_4q": null,
            "common_shares": null,
            "book_valuer_per_share": null,
            "book_valuer_per_share_4q_avg": 2.8,
            "equity": null,
            "current_ratio": null,
            "debt_ratio": null,
            "inventory_turnover_ratio": null,
            "account_receivable_turnover_ratio": null,
            "reinvestment_rate": null,
            "research_to_sale_ratio": null,
            "price_fair": 0,
            "eps_avg_yearly": 0,
            "eps_latest_yearly": 0,
            "eps_growth_yearly": 0
        },
        "20074": {
            "year_quarter": 20074,
            "year": 2007,
            "quarter": 4,
            "eps": null,
            "eps_growth_year": null,
            "eps_4q": null,
            "eps_4q_growth_year": null,
            "roe": null,
            "roe_4q": 0,
            "gross_profit": null,
            "gross_margin": null,
            "gross_margin_4q_avg": 0,
            "net_income": null,
            "net_income_4q": null,
            "revenue": null,
            "revenue_4q": null,
            "common_shares": 419710,
            "book_valuer_per_share": 12.15,
            "book_valuer_per_share_4q_avg": 3.04,
            "equity": 510006,
            "current_ratio": 92.74,
            "debt_ratio": 62.55,
            "inventory_turnover_ratio": null,
            "account_receivable_turnover_ratio": null,
            "reinvestment_rate": null,
            "research_to_sale_ratio": null,
            "price_fair": 0,
            "eps_avg_yearly": 0,
            "eps_latest_yearly": 0,
            "eps_growth_yearly": 0
        },
        "20081": {
            "year_quarter": 20081,
            "year": 2008,
            "quarter": 1,
            "eps": null,
            "eps_growth_year": null,
            "eps_4q": null,
            "eps_4q_growth_year": null,
            "roe": null,
            "roe_4q": 0,
            "gross_profit": null,
            "gross_margin": null,
            "gross_margin_4q_avg": 0,
            "net_income": null,
            "net_income_4q": null,
            "revenue": null,
            "revenue_4q": null,
            "common_shares": null,
            "book_valuer_per_share": null,
            "book_valuer_per_share_4q_avg": 3.04,
            "equity": null,
            "current_ratio": null,
            "debt_ratio": null,
            "inventory_turnover_ratio": null,
            "account_receivable_turnover_ratio": null,
            "reinvestment_rate": null,
            "research_to_sale_ratio": null,
            "price_fair": 0,
            "eps_avg_yearly": 0,
            "eps_latest_yearly": 0,
            "eps_growth_yearly": 0
        },
        "20082": {
            "year_quarter": 20082,
            "year": 2008,
            "quarter": 2,
            "eps": null,
            "eps_growth_year": null,
            "eps_4q": null,
            "eps_4q_growth_year": null,
            "roe": null,
            "roe_4q": 0,
            "gross_profit": null,
            "gross_margin": null,
            "gross_margin_4q_avg": 0,
            "net_income": null,
            "net_income_4q": null,
            "revenue": null,
            "revenue_4q": null,
            "common_shares": null,
            "book_valuer_per_share": null,
            "book_valuer_per_share_4q_avg": 3.04,
            "equity": null,
            "current_ratio": null,
            "debt_ratio": null,
            "inventory_turnover_ratio": null,
            "account_receivable_turnover_ratio": null,
            "reinvestment_rate": null,
            "research_to_sale_ratio": null,
            "price_fair": 0,
            "eps_avg_yearly": 0,
            "eps_latest_yearly": 0,
            "eps_growth_yearly": 0
        },
        "20083": {
            "year_quarter": 20083,
            "year": 2008,
            "quarter": 3,
            "eps": null,
            "eps_growth_year": null,
            "eps_4q": null,
            "eps_4q_growth_year": null,
            "roe": null,
            "roe_4q": 0,
            "gross_profit": null,
            "gross_margin": null,
            "gross_margin_4q_avg": 0,
            "net_income": null,
            "net_income_4q": null,
            "revenue": null,
            "revenue_4q": null,
            "common_shares": null,
            "book_valuer_per_share": null,
            "book_valuer_per_share_4q_avg": 3.04,
            "equity": null,
            "current_ratio": null,
            "debt_ratio": null,
            "inventory_turnover_ratio": null,
            "account_receivable_turnover_ratio": null,
            "reinvestment_rate": null,
            "research_to_sale_ratio": null,
            "price_fair": 0,
            "eps_avg_yearly": 0,
            "eps_latest_yearly": 0,
            "eps_growth_yearly": 0
        },
        "20084": {
            "year_quarter": 20084,
            "year": 2008,
            "quarter": 4,
            "eps": null,
            "eps_growth_year": null,
            "eps_4q": null,
            "eps_4q_growth_year": null,
            "roe": null,
            "roe_4q": 0,
            "gross_profit": null,
            "gross_margin": null,
            "gross_margin_4q_avg": 0,
            "net_income": null,
            "net_income_4q": null,
            "revenue": null,
            "revenue_4q": null,
            "common_shares": 436499,
            "book_valuer_per_share": 11.65,
            "book_valuer_per_share_4q_avg": 2.91,
            "equity": 508536,
            "current_ratio": 80.09,
            "debt_ratio": 63.34,
            "inventory_turnover_ratio": null,
            "account_receivable_turnover_ratio": null,
            "reinvestment_rate": null,
            "research_to_sale_ratio": null,
            "price_fair": 0,
            "eps_avg_yearly": 0,
            "eps_latest_yearly": 0,
            "eps_growth_yearly": 0
        },
        "20091": {
            "year_quarter": 20091,
            "year": 2009,
            "quarter": 1,
            "eps": null,
            "eps_growth_year": null,
            "eps_4q": null,
            "eps_4q_growth_year": null,
            "roe": null,
            "roe_4q": 0,
            "gross_profit": null,
            "gross_margin": null,
            "gross_margin_4q_avg": 0,
            "net_income": null,
            "net_income_4q": null,
            "revenue": null,
            "revenue_4q": null,
            "common_shares": null,
            "book_valuer_per_share": null,
            "book_valuer_per_share_4q_avg": 2.91,
            "equity": null,
            "current_ratio": null,
            "debt_ratio": null,
            "inventory_turnover_ratio": null,
            "account_receivable_turnover_ratio": null,
            "reinvestment_rate": null,
            "research_to_sale_ratio": null,
            "price_fair": 0,
            "eps_avg_yearly": 0,
            "eps_latest_yearly": 0,
            "eps_growth_yearly": 0
        },
        "20092": {
            "year_quarter": 20092,
            "year": 2009,
            "quarter": 2,
            "eps": null,
            "eps_growth_year": null,
            "eps_4q": null,
            "eps_4q_growth_year": null,
            "roe": null,
            "roe_4q": 0,
            "gross_profit": null,
            "gross_margin": null,
            "gross_margin_4q_avg": 0,
            "net_income": null,
            "net_income_4q": null,
            "revenue": null,
            "revenue_4q": null,
            "common_shares": 516499,
            "book_valuer_per_share": null,
            "book_valuer_per_share_4q_avg": 2.91,
            "equity": 652563,
            "current_ratio": null,
            "debt_ratio": null,
            "inventory_turnover_ratio": null,
            "account_receivable_turnover_ratio": null,
            "reinvestment_rate": null,
            "research_to_sale_ratio": null,
            "price_fair": 0,
            "eps_avg_yearly": 0,
            "eps_latest_yearly": 0,
            "eps_growth_yearly": 0
        },
        "20093": {
            "year_quarter": 20093,
            "year": 2009,
            "quarter": 3,
            "eps": 0.06,
            "eps_growth_year": null,
            "eps_4q": null,
            "eps_4q_growth_year": null,
            "roe": 0.44,
            "roe_4q": 0.44,
            "gross_profit": 24094,
            "gross_margin": 12.32,
            "gross_margin_4q_avg": 3.08,
            "net_income": 2845,
            "net_income_4q": null,
            "revenue": 195529,
            "revenue_4q": null,
            "common_shares": 516499,
            "book_valuer_per_share": 12.69,
            "book_valuer_per_share_4q_avg": 6.09,
            "equity": 655407,
            "current_ratio": 125.66,
            "debt_ratio": 46.97,
            "inventory_turnover_ratio": 1.29,
            "account_receivable_turnover_ratio": 0.77,
            "reinvestment_rate": null,
            "research_to_sale_ratio": null,
            "price_fair": 0,
            "eps_avg_yearly": 0,
            "eps_latest_yearly": 0,
            "eps_growth_yearly": 0
        },
        "20094": {
            "year_quarter": 20094,
            "year": 2009,
            "quarter": 4,
            "eps": 0.14,
            "eps_growth_year": null,
            "eps_4q": null,
            "eps_4q_growth_year": null,
            "roe": 1.05,
            "roe_4q": 1.49,
            "gross_profit": 34222,
            "gross_margin": 15.59,
            "gross_margin_4q_avg": 6.98,
            "net_income": 6823,
            "net_income_4q": null,
            "revenue": 219466,
            "revenue_4q": null,
            "common_shares": 516499,
            "book_valuer_per_share": 12.51,
            "book_valuer_per_share_4q_avg": 6.3,
            "equity": 646272,
            "current_ratio": 115.12,
            "debt_ratio": 50.46,
            "inventory_turnover_ratio": 1.36,
            "account_receivable_turnover_ratio": 2.24,
            "reinvestment_rate": null,
            "research_to_sale_ratio": null,
            "price_fair": 19.6,
            "eps_avg_yearly": 0.56,
            "eps_latest_yearly": 0.56,
            "eps_growth_yearly": 533.33
        },
        "20101": {
            "year_quarter": 20101,
            "year": 2010,
            "quarter": 1,
            "eps": null,
            "eps_growth_year": null,
            "eps_4q": null,
            "eps_4q_growth_year": null,
            "roe": null,
            "roe_4q": 1.49,
            "gross_profit": 36823,
            "gross_margin": null,
            "gross_margin_4q_avg": 6.98,
            "net_income": 6769,
            "net_income_4q": null,
            "revenue": 274146,
            "revenue_4q": null,
            "common_shares": 516499,
            "book_valuer_per_share": 12.64,
            "book_valuer_per_share_4q_avg": 9.46,
            "equity": 653042,
            "current_ratio": 109.8,
            "debt_ratio": 54.13,
            "inventory_turnover_ratio": null,
            "account_receivable_turnover_ratio": null,
            "reinvestment_rate": null,
            "research_to_sale_ratio": null,
            "price_fair": 19.6,
            "eps_avg_yearly": 0.56,
            "eps_latest_yearly": 0.56,
            "eps_growth_yearly": 533.33
        },
        "20102": {
            "year_quarter": 20102,
            "year": 2010,
            "quarter": 2,
            "eps": 0.96,
            "eps_growth_year": null,
            "eps_4q": 1.14,
            "eps_4q_growth_year": null,
            "roe": 7.78,
            "roe_4q": 9.27,
            "gross_profit": 106494,
            "gross_margin": 20.15,
            "gross_margin_4q_avg": 12.02,
            "net_income": 51632,
            "net_income_4q": null,
            "revenue": 528620,
            "revenue_4q": null,
            "common_shares": 516499,
            "book_valuer_per_share": 13.04,
            "book_valuer_per_share_4q_avg": 12.72,
            "equity": 673720,
            "current_ratio": 110.34,
            "debt_ratio": 60.22,
            "inventory_turnover_ratio": 1.93,
            "account_receivable_turnover_ratio": 2.12,
            "reinvestment_rate": null,
            "research_to_sale_ratio": null,
            "price_fair": 19.6,
            "eps_avg_yearly": 0.56,
            "eps_latest_yearly": 0.56,
            "eps_growth_yearly": 533.33
        },
        "20103": {
            "year_quarter": 20103,
            "year": 2010,
            "quarter": 3,
            "eps": 0.16,
            "eps_growth_year": 169.69,
            "eps_4q": 1.25,
            "eps_4q_growth_year": null,
            "roe": 1.25,
            "roe_4q": 10.080000000000002,
            "gross_profit": 44338,
            "gross_margin": 12.88,
            "gross_margin_4q_avg": 12.16,
            "net_income": 8692,
            "net_income_4q": null,
            "revenue": 344227,
            "revenue_4q": null,
            "common_shares": 537159,
            "book_valuer_per_share": 12.7,
            "book_valuer_per_share_4q_avg": 12.72,
            "equity": 714057,
            "current_ratio": 120.44,
            "debt_ratio": 52.14,
            "inventory_turnover_ratio": 1.32,
            "account_receivable_turnover_ratio": 0.84,
            "reinvestment_rate": null,
            "research_to_sale_ratio": 1.29,
            "price_fair": 21,
            "eps_avg_yearly": 0.6,
            "eps_latest_yearly": 0.64,
            "eps_growth_yearly": 100
        },
        "20104": {
            "year_quarter": 20104,
            "year": 2010,
            "quarter": 4,
            "eps": 0.02,
            "eps_growth_year": -86.58,
            "eps_4q": 1.14,
            "eps_4q_growth_year": null,
            "roe": -0.11,
            "roe_4q": 8.92,
            "gross_profit": 34430,
            "gross_margin": 10.4,
            "gross_margin_4q_avg": 10.86,
            "net_income": -761,
            "net_income_4q": null,
            "revenue": 330990,
            "revenue_4q": null,
            "common_shares": 537159,
            "book_valuer_per_share": 12.61,
            "book_valuer_per_share_4q_avg": 12.75,
            "equity": 709486,
            "current_ratio": 111.82,
            "debt_ratio": 51.38,
            "inventory_turnover_ratio": 1.44,
            "account_receivable_turnover_ratio": 1.1,
            "reinvestment_rate": null,
            "research_to_sale_ratio": 1.01,
            "price_fair": 1.28,
            "eps_avg_yearly": 0.43,
            "eps_latest_yearly": 0.08,
            "eps_growth_yearly": -50
        },
        "20111": {
            "year_quarter": 20111,
            "year": 2011,
            "quarter": 1,
            "eps": 0.43,
            "eps_growth_year": null,
            "eps_4q": 1.57,
            "eps_4q_growth_year": null,
            "roe": 3.05,
            "roe_4q": 11.969999999999999,
            "gross_profit": 65659,
            "gross_margin": 14.81,
            "gross_margin_4q_avg": 14.56,
            "net_income": 21983,
            "net_income_4q": null,
            "revenue": 443399,
            "revenue_4q": null,
            "common_shares": 537159,
            "book_valuer_per_share": 13.04,
            "book_valuer_per_share_4q_avg": 12.85,
            "equity": 731213,
            "current_ratio": 102.72,
            "debt_ratio": 58.04,
            "inventory_turnover_ratio": 1.49,
            "account_receivable_turnover_ratio": 1.26,
            "reinvestment_rate": null,
            "research_to_sale_ratio": 0.88,
            "price_fair": 26.25,
            "eps_avg_yearly": 0.75,
            "eps_latest_yearly": 1.72,
            "eps_growth_yearly": 2012.5
        },
        "20112": {
            "year_quarter": 20112,
            "year": 2011,
            "quarter": 2,
            "eps": 0.39,
            "eps_growth_year": -59.16,
            "eps_4q": 0.91,
            "eps_4q_growth_year": -20.04,
            "roe": 3.06,
            "roe_4q": 7.249999999999999,
            "gross_profit": 72175,
            "gross_margin": 13.43,
            "gross_margin_4q_avg": 12.88,
            "net_income": 23738,
            "net_income_4q": null,
            "revenue": 537309,
            "revenue_4q": null,
            "common_shares": 604319,
            "book_valuer_per_share": 13.12,
            "book_valuer_per_share_4q_avg": 12.87,
            "equity": 822830,
            "current_ratio": 121.75,
            "debt_ratio": 55.29,
            "inventory_turnover_ratio": 1.47,
            "account_receivable_turnover_ratio": 1.21,
            "reinvestment_rate": null,
            "research_to_sale_ratio": 0.73,
            "price_fair": 31.92,
            "eps_avg_yearly": 0.91,
            "eps_latest_yearly": 1.56,
            "eps_growth_yearly": 1602.56
        },
        "20113": {
            "year_quarter": 20113,
            "year": 2011,
            "quarter": 3,
            "eps": -0.22,
            "eps_growth_year": -238.37,
            "eps_4q": 0.55,
            "eps_4q_growth_year": -55.98,
            "roe": -1.99,
            "roe_4q": 4.01,
            "gross_profit": 10290,
            "gross_margin": 3.46,
            "gross_margin_4q_avg": 10.53,
            "net_income": -16180,
            "net_income_4q": null,
            "revenue": 297190,
            "revenue_4q": null,
            "common_shares": 628492,
            "book_valuer_per_share": 12.4,
            "book_valuer_per_share_4q_avg": 12.79,
            "equity": 807121,
            "current_ratio": 130.77,
            "debt_ratio": 46.28,
            "inventory_turnover_ratio": 1,
            "account_receivable_turnover_ratio": 0.81,
            "reinvestment_rate": null,
            "research_to_sale_ratio": 1.16,
            "price_fair": 31.92,
            "eps_avg_yearly": 0.91,
            "eps_latest_yearly": 1.56,
            "eps_growth_yearly": 1602.56
        },
        "20114": {
            "year_quarter": 20114,
            "year": 2011,
            "quarter": 4,
            "eps": -0.17,
            "eps_growth_year": -1028.63,
            "eps_4q": 0.36,
            "eps_4q_growth_year": -68.49,
            "roe": -1.5,
            "roe_4q": 2.6199999999999997,
            "gross_profit": 15208,
            "gross_margin": 5.18,
            "gross_margin_4q_avg": 9.22,
            "net_income": -11835,
            "net_income_4q": null,
            "revenue": 293751,
            "revenue_4q": null,
            "common_shares": 628492,
            "book_valuer_per_share": 12.23,
            "book_valuer_per_share_4q_avg": 12.7,
            "equity": 768653,
            "current_ratio": 122.1,
            "debt_ratio": 45.98,
            "inventory_turnover_ratio": 1.32,
            "account_receivable_turnover_ratio": 1.09,
            "reinvestment_rate": null,
            "research_to_sale_ratio": 1.09,
            "price_fair": 31.92,
            "eps_avg_yearly": 0.91,
            "eps_latest_yearly": 1.56,
            "eps_growth_yearly": 1602.56
        },
        "20121": {
            "year_quarter": 20121,
            "year": 2012,
            "quarter": 1,
            "eps": 0.43,
            "eps_growth_year": 0,
            "eps_4q": 0.43,
            "eps_4q_growth_year": -72.84,
            "roe": 3.47,
            "roe_4q": 3.04,
            "gross_profit": 73326,
            "gross_margin": 16.08,
            "gross_margin_4q_avg": 9.54,
            "net_income": 27152,
            "net_income_4q": null,
            "revenue": 456024,
            "revenue_4q": null,
            "common_shares": 628492,
            "book_valuer_per_share": 12.66,
            "book_valuer_per_share_4q_avg": 12.6,
            "equity": 795672,
            "current_ratio": 119.92,
            "debt_ratio": 50.78,
            "inventory_turnover_ratio": 1.88,
            "account_receivable_turnover_ratio": 1.32,
            "reinvestment_rate": null,
            "research_to_sale_ratio": 0.7,
            "price_fair": 31.92,
            "eps_avg_yearly": 0.91,
            "eps_latest_yearly": 1.56,
            "eps_growth_yearly": 1602.56
        },
        "20122": {
            "year_quarter": 20122,
            "year": 2012,
            "quarter": 2,
            "eps": 0.19,
            "eps_growth_year": -50.78,
            "eps_4q": 0.23,
            "eps_4q_growth_year": -75.2,
            "roe": 1.57,
            "roe_4q": 1.55,
            "gross_profit": 49040,
            "gross_margin": 10.79,
            "gross_margin_4q_avg": 8.88,
            "net_income": 12388,
            "net_income_4q": null,
            "revenue": 454666,
            "revenue_4q": null,
            "common_shares": 628492,
            "book_valuer_per_share": 12.46,
            "book_valuer_per_share_4q_avg": 12.44,
            "equity": 783020,
            "current_ratio": 117.29,
            "debt_ratio": 50.81,
            "inventory_turnover_ratio": 1.87,
            "account_receivable_turnover_ratio": 1.1,
            "reinvestment_rate": null,
            "research_to_sale_ratio": 0.79,
            "price_fair": 31.03,
            "eps_avg_yearly": 0.89,
            "eps_latest_yearly": 0.76,
            "eps_growth_yearly": 1298.26
        },
        "20123": {
            "year_quarter": 20123,
            "year": 2012,
            "quarter": 3,
            "eps": -0.11,
            "eps_growth_year": null,
            "eps_4q": 0.34,
            "eps_4q_growth_year": -38.15,
            "roe": -0.87,
            "roe_4q": 2.67,
            "gross_profit": 18277,
            "gross_margin": 5.47,
            "gross_margin_4q_avg": 9.38,
            "net_income": -6757,
            "net_income_4q": null,
            "revenue": 333900,
            "revenue_4q": null,
            "common_shares": 641062,
            "book_valuer_per_share": 12.11,
            "book_valuer_per_share_4q_avg": 12.37,
            "equity": 776114,
            "current_ratio": 121.63,
            "debt_ratio": 45.73,
            "inventory_turnover_ratio": 1.66,
            "account_receivable_turnover_ratio": 0.96,
            "reinvestment_rate": null,
            "research_to_sale_ratio": 0.83,
            "price_fair": 31.03,
            "eps_avg_yearly": 0.89,
            "eps_latest_yearly": 0.76,
            "eps_growth_yearly": 1298.26
        },
        "20124": {
            "year_quarter": 20124,
            "year": 2012,
            "quarter": 4,
            "eps": -0.18,
            "eps_growth_year": null,
            "eps_4q": 0.33,
            "eps_4q_growth_year": -7.96,
            "roe": -1.5,
            "roe_4q": 2.67,
            "gross_profit": 7275,
            "gross_margin": 2.43,
            "gross_margin_4q_avg": 8.69,
            "net_income": -11553,
            "net_income_4q": null,
            "revenue": 299239,
            "revenue_4q": null,
            "common_shares": 641062,
            "book_valuer_per_share": 11.91,
            "book_valuer_per_share_4q_avg": 12.29,
            "equity": 763596,
            "current_ratio": 121.27,
            "debt_ratio": 44.63,
            "inventory_turnover_ratio": 1.59,
            "account_receivable_turnover_ratio": 1.1,
            "reinvestment_rate": null,
            "research_to_sale_ratio": 0.98,
            "price_fair": 31.03,
            "eps_avg_yearly": 0.89,
            "eps_latest_yearly": 0.76,
            "eps_growth_yearly": 1298.26
        },
        "20131": {
            "year_quarter": 20131,
            "year": 2013,
            "quarter": 1,
            "eps": 0.22,
            "eps_growth_year": -48.84,
            "eps_4q": 0.12,
            "eps_4q_growth_year": -70.9,
            "roe": 1.82,
            "roe_4q": 1.02,
            "gross_profit": 54232,
            "gross_margin": 12.47,
            "gross_margin_4q_avg": 7.79,
            "net_income": 13873,
            "net_income_4q": null,
            "revenue": 434911,
            "revenue_4q": null,
            "common_shares": 641062,
            "book_valuer_per_share": 11.84,
            "book_valuer_per_share_4q_avg": 12.08,
            "equity": 759279,
            "current_ratio": 114.67,
            "debt_ratio": 52.17,
            "inventory_turnover_ratio": 1.83,
            "account_receivable_turnover_ratio": 1.3,
            "reinvestment_rate": null,
            "research_to_sale_ratio": 0.85,
            "price_fair": 31.03,
            "eps_avg_yearly": 0.89,
            "eps_latest_yearly": 0.76,
            "eps_growth_yearly": 1298.26
        },
        "20132": {
            "year_quarter": 20132,
            "year": 2013,
            "quarter": 2,
            "eps": 0.37,
            "eps_growth_year": 91.47,
            "eps_4q": 0.3,
            "eps_4q_growth_year": 31.24,
            "roe": 3.08,
            "roe_4q": 2.5300000000000002,
            "gross_profit": 68984,
            "gross_margin": 13.23,
            "gross_margin_4q_avg": 8.4,
            "net_income": 23473,
            "net_income_4q": null,
            "revenue": 521342,
            "revenue_4q": null,
            "common_shares": 641062,
            "book_valuer_per_share": 11.92,
            "book_valuer_per_share_4q_avg": 11.95,
            "equity": 764214,
            "current_ratio": 136.42,
            "debt_ratio": 52.67,
            "inventory_turnover_ratio": 2.1,
            "account_receivable_turnover_ratio": 1.15,
            "reinvestment_rate": 12.42,
            "research_to_sale_ratio": 0.73,
            "price_fair": 34,
            "eps_avg_yearly": 0.97,
            "eps_latest_yearly": 1.48,
            "eps_growth_yearly": 1151.75
        },
        "20133": {
            "year_quarter": 20133,
            "year": 2013,
            "quarter": 3,
            "eps": 0.08,
            "eps_growth_year": null,
            "eps_4q": 0.51,
            "eps_4q_growth_year": 49.54,
            "roe": 0.69,
            "roe_4q": 4.09,
            "gross_profit": 42441,
            "gross_margin": 10.13,
            "gross_margin_4q_avg": 9.57,
            "net_income": 5294,
            "net_income_4q": null,
            "revenue": 418919,
            "revenue_4q": null,
            "common_shares": 641062,
            "book_valuer_per_share": 12.03,
            "book_valuer_per_share_4q_avg": 11.93,
            "equity": 779928,
            "current_ratio": 178.42,
            "debt_ratio": 47.67,
            "inventory_turnover_ratio": 1.91,
            "account_receivable_turnover_ratio": 1.01,
            "reinvestment_rate": 2.86,
            "research_to_sale_ratio": 0.91,
            "price_fair": 31.15,
            "eps_avg_yearly": 0.89,
            "eps_latest_yearly": 0.32,
            "eps_growth_yearly": 968.59
        },
        "20134": {
            "year_quarter": 20134,
            "year": 2013,
            "quarter": 4,
            "eps": 0.07,
            "eps_growth_year": null,
            "eps_4q": 0.76,
            "eps_4q_growth_year": 128.01,
            "roe": 0.42,
            "roe_4q": 6.01,
            "gross_profit": 36794,
            "gross_margin": 9.54,
            "gross_margin_4q_avg": 11.34,
            "net_income": 3257,
            "net_income_4q": null,
            "revenue": 385794,
            "revenue_4q": null,
            "common_shares": 641062,
            "book_valuer_per_share": 12.09,
            "book_valuer_per_share_4q_avg": 11.97,
            "equity": 782651,
            "current_ratio": 165.11,
            "debt_ratio": 49.15,
            "inventory_turnover_ratio": 1.72,
            "account_receivable_turnover_ratio": 1.15,
            "reinvestment_rate": -24.06,
            "research_to_sale_ratio": 1.27,
            "price_fair": 29.93,
            "eps_avg_yearly": 0.86,
            "eps_latest_yearly": 0.28,
            "eps_growth_yearly": 895.68
        },
        "20141": {
            "year_quarter": 20141,
            "year": 2014,
            "quarter": 1,
            "eps": 0.45,
            "eps_growth_year": 104.55,
            "eps_4q": 0.99,
            "eps_4q_growth_year": 699.9,
            "roe": 3.72,
            "roe_4q": 7.91,
            "gross_profit": 78048,
            "gross_margin": 14.99,
            "gross_margin_4q_avg": 11.97,
            "net_income": 29666,
            "net_income_4q": null,
            "revenue": 520770,
            "revenue_4q": null,
            "common_shares": 641062,
            "book_valuer_per_share": 12.55,
            "book_valuer_per_share_4q_avg": 12.15,
            "equity": 813097,
            "current_ratio": 150.46,
            "debt_ratio": 52.39,
            "inventory_turnover_ratio": 1.84,
            "account_receivable_turnover_ratio": 1.31,
            "reinvestment_rate": -4.94,
            "research_to_sale_ratio": 0.76,
            "price_fair": 33.6,
            "eps_avg_yearly": 0.96,
            "eps_latest_yearly": 1.8,
            "eps_growth_yearly": 1037.43
        },
        "20142": {
            "year_quarter": 20142,
            "year": 2014,
            "quarter": 2,
            "eps": 0.54,
            "eps_growth_year": 45.95,
            "eps_4q": 1.15,
            "eps_4q_growth_year": 288.71,
            "roe": 4.49,
            "roe_4q": 9.32,
            "gross_profit": 90448,
            "gross_margin": 15.45,
            "gross_margin_4q_avg": 12.53,
            "net_income": 36782,
            "net_income_4q": null,
            "revenue": 585272,
            "revenue_4q": null,
            "common_shares": 641062,
            "book_valuer_per_share": 12.7,
            "book_valuer_per_share_4q_avg": 12.34,
            "equity": 824078,
            "current_ratio": 140.15,
            "debt_ratio": 54.38,
            "inventory_turnover_ratio": 1.8,
            "account_receivable_turnover_ratio": 1.24,
            "reinvestment_rate": -5.74,
            "research_to_sale_ratio": 0.69,
            "price_fair": 37.8,
            "eps_avg_yearly": 1.08,
            "eps_latest_yearly": 2.16,
            "eps_growth_yearly": 941.68
        },
        "20143": {
            "year_quarter": 20143,
            "year": 2014,
            "quarter": 3,
            "eps": 0.07,
            "eps_growth_year": -12.5,
            "eps_4q": 1.12,
            "eps_4q_growth_year": 120.81,
            "roe": 0.49,
            "roe_4q": 9.120000000000001,
            "gross_profit": 42113,
            "gross_margin": 9.51,
            "gross_margin_4q_avg": 12.37,
            "net_income": 4044,
            "net_income_4q": null,
            "revenue": 442764,
            "revenue_4q": null,
            "common_shares": 653883,
            "book_valuer_per_share": 12.53,
            "book_valuer_per_share_4q_avg": 12.47,
            "equity": 828267,
            "current_ratio": 148.4,
            "debt_ratio": 48.55,
            "inventory_turnover_ratio": 1.46,
            "account_receivable_turnover_ratio": 1.02,
            "reinvestment_rate": -26.96,
            "research_to_sale_ratio": 0.89,
            "price_fair": 36.54,
            "eps_avg_yearly": 1.04,
            "eps_latest_yearly": 0.28,
            "eps_growth_yearly": 940.2
        },
        "20144": {
            "year_quarter": 20144,
            "year": 2014,
            "quarter": 4,
            "eps": 0.03,
            "eps_growth_year": -61.17,
            "eps_4q": 1.08,
            "eps_4q_growth_year": 43.68,
            "roe": 0.03,
            "roe_4q": 8.73,
            "gross_profit": 35340,
            "gross_margin": 9.11,
            "gross_margin_4q_avg": 12.27,
            "net_income": 265,
            "net_income_4q": null,
            "revenue": 388096,
            "revenue_4q": null,
            "common_shares": 653883,
            "book_valuer_per_share": 12.58,
            "book_valuer_per_share_4q_avg": 12.59,
            "equity": 830537,
            "current_ratio": 156.26,
            "debt_ratio": 50.16,
            "inventory_turnover_ratio": 1.27,
            "account_receivable_turnover_ratio": 1.06,
            "reinvestment_rate": -33.59,
            "research_to_sale_ratio": 1,
            "price_fair": 36.68,
            "eps_avg_yearly": 1.05,
            "eps_latest_yearly": 0.12,
            "eps_growth_yearly": 952.35
        },
        "20151": {
            "year_quarter": 20151,
            "year": 2015,
            "quarter": 1,
            "eps": 0.64,
            "eps_growth_year": 42.22,
            "eps_4q": 1.28,
            "eps_4q_growth_year": 28.75,
            "roe": 5,
            "roe_4q": 10.010000000000002,
            "gross_profit": 92466,
            "gross_margin": 17.08,
            "gross_margin_4q_avg": 12.79,
            "net_income": 42622,
            "net_income_4q": null,
            "revenue": 541512,
            "revenue_4q": null,
            "common_shares": 653883,
            "book_valuer_per_share": 13.23,
            "book_valuer_per_share_4q_avg": 12.76,
            "equity": 873976,
            "current_ratio": 167.66,
            "debt_ratio": 56.3,
            "inventory_turnover_ratio": 1.56,
            "account_receivable_turnover_ratio": 1.28,
            "reinvestment_rate": -67.29,
            "research_to_sale_ratio": 0.83,
            "price_fair": 39.62,
            "eps_avg_yearly": 1.13,
            "eps_latest_yearly": 2.56,
            "eps_growth_yearly": 945.68
        },
        "20152": {
            "year_quarter": 20152,
            "year": 2015,
            "quarter": 2,
            "eps": 0.65,
            "eps_growth_year": 20.37,
            "eps_4q": 1.23,
            "eps_4q_growth_year": 6.52,
            "roe": 4.87,
            "roe_4q": 10.39,
            "gross_profit": 117837,
            "gross_margin": 19.88,
            "gross_margin_4q_avg": 13.9,
            "net_income": 46319,
            "net_income_4q": null,
            "revenue": 592747,
            "revenue_4q": null,
            "common_shares": 753500,
            "book_valuer_per_share": 13.46,
            "book_valuer_per_share_4q_avg": 12.95,
            "equity": 1029086,
            "current_ratio": 143.98,
            "debt_ratio": 52.28,
            "inventory_turnover_ratio": 1.69,
            "account_receivable_turnover_ratio": 1.17,
            "reinvestment_rate": 111.89,
            "research_to_sale_ratio": 0.73,
            "price_fair": 43.26,
            "eps_avg_yearly": 1.24,
            "eps_latest_yearly": 2.6,
            "eps_growth_yearly": 950.03
        },
        "20153": {
            "year_quarter": 20153,
            "year": 2015,
            "quarter": 3,
            "eps": 0.11,
            "eps_growth_year": 57.14,
            "eps_4q": 1.26,
            "eps_4q_growth_year": 12.44,
            "roe": 0.63,
            "roe_4q": 10.53,
            "gross_profit": 48026,
            "gross_margin": 11.43,
            "gross_margin_4q_avg": 14.38,
            "net_income": 6504,
            "net_income_4q": null,
            "revenue": 420346,
            "revenue_4q": null,
            "common_shares": 753500,
            "book_valuer_per_share": 13.57,
            "book_valuer_per_share_4q_avg": 13.21,
            "equity": 1035799,
            "current_ratio": 154.12,
            "debt_ratio": 48.54,
            "inventory_turnover_ratio": 1.38,
            "account_receivable_turnover_ratio": 0.89,
            "reinvestment_rate": 73.35,
            "research_to_sale_ratio": 1.04,
            "price_fair": 40.73,
            "eps_avg_yearly": 1.16,
            "eps_latest_yearly": 0.44,
            "eps_growth_yearly": 833.45
        },
        "20154": {
            "year_quarter": 20154,
            "year": 2015,
            "quarter": 4,
            "eps": 0.24,
            "eps_growth_year": 855.13,
            "eps_4q": 1.49,
            "eps_4q_growth_year": 36.97,
            "roe": 1.66,
            "roe_4q": 12.16,
            "gross_profit": 58541,
            "gross_margin": 14.27,
            "gross_margin_4q_avg": 15.67,
            "net_income": 17290,
            "net_income_4q": null,
            "revenue": 410213,
            "revenue_4q": null,
            "common_shares": 753500,
            "book_valuer_per_share": 13.8,
            "book_valuer_per_share_4q_avg": 13.52,
            "equity": 1052242,
            "current_ratio": 148.61,
            "debt_ratio": 46.82,
            "inventory_turnover_ratio": 1.34,
            "account_receivable_turnover_ratio": 1.03,
            "reinvestment_rate": 65.69,
            "research_to_sale_ratio": 1.07,
            "price_fair": 40.13,
            "eps_avg_yearly": 1.15,
            "eps_latest_yearly": 0.96,
            "eps_growth_yearly": 803.39
        },
        "20161": {
            "year_quarter": 20161,
            "year": 2016,
            "quarter": 1,
            "eps": 1.13,
            "eps_growth_year": 76.56,
            "eps_4q": 2.07,
            "eps_4q_growth_year": 61.78,
            "roe": 7.89,
            "roe_4q": 15.05,
            "gross_profit": 112052,
            "gross_margin": 20.55,
            "gross_margin_4q_avg": 16.53,
            "net_income": 86454,
            "net_income_4q": null,
            "revenue": 545367,
            "revenue_4q": null,
            "common_shares": 753500,
            "book_valuer_per_share": 14.94,
            "book_valuer_per_share_4q_avg": 13.94,
            "equity": 1139078,
            "current_ratio": 150.53,
            "debt_ratio": 46.79,
            "inventory_turnover_ratio": 1.54,
            "account_receivable_turnover_ratio": 1.23,
            "reinvestment_rate": 53.45,
            "research_to_sale_ratio": 0.95,
            "price_fair": 49.22,
            "eps_avg_yearly": 1.41,
            "eps_latest_yearly": 4.52,
            "eps_growth_yearly": 855.69
        },
        "20162": {
            "year_quarter": 20162,
            "year": 2016,
            "quarter": 2,
            "eps": 0.72,
            "eps_growth_year": 10.77,
            "eps_4q": 2.15,
            "eps_4q_growth_year": 74.95,
            "roe": 4.9,
            "roe_4q": 15.08,
            "gross_profit": 120788,
            "gross_margin": 21.31,
            "gross_margin_4q_avg": 16.89,
            "net_income": 55735,
            "net_income_4q": null,
            "revenue": 566877,
            "revenue_4q": null,
            "common_shares": 753500,
            "book_valuer_per_share": 14.88,
            "book_valuer_per_share_4q_avg": 14.3,
            "equity": 1136189,
            "current_ratio": 148.53,
            "debt_ratio": 45.42,
            "inventory_turnover_ratio": 1.59,
            "account_receivable_turnover_ratio": 1.11,
            "reinvestment_rate": 46.07,
            "research_to_sale_ratio": 0.88,
            "price_fair": 54.92,
            "eps_avg_yearly": 1.57,
            "eps_latest_yearly": 2.88,
            "eps_growth_yearly": 861.7
        },
        "20163": {
            "year_quarter": 20163,
            "year": 2016,
            "quarter": 3,
            "eps": 0.36,
            "eps_growth_year": 227.27,
            "eps_4q": 2.42,
            "eps_4q_growth_year": 91.26,
            "roe": 2.43,
            "roe_4q": 16.88,
            "gross_profit": 81962,
            "gross_margin": 18.09,
            "gross_margin_4q_avg": 18.56,
            "net_income": 27908,
            "net_income_4q": null,
            "revenue": 452966,
            "revenue_4q": null,
            "common_shares": 768570,
            "book_valuer_per_share": 14.94,
            "book_valuer_per_share_4q_avg": 14.64,
            "equity": 1163227,
            "current_ratio": 154.76,
            "debt_ratio": 41.21,
            "inventory_turnover_ratio": 1.42,
            "account_receivable_turnover_ratio": 0.97,
            "reinvestment_rate": 53.59,
            "research_to_sale_ratio": 1.14,
            "price_fair": 54.6,
            "eps_avg_yearly": 1.56,
            "eps_latest_yearly": 1.44,
            "eps_growth_yearly": 785.87
        },
        "20164": {
            "year_quarter": 20164,
            "year": 2016,
            "quarter": 4,
            "eps": 0.44,
            "eps_growth_year": 79.37,
            "eps_4q": 2.62,
            "eps_4q_growth_year": 76.04,
            "roe": 2.79,
            "roe_4q": 18.01,
            "gross_profit": 81078,
            "gross_margin": 17.4,
            "gross_margin_4q_avg": 19.34,
            "net_income": 32831,
            "net_income_4q": null,
            "revenue": 466092,
            "revenue_4q": null,
            "common_shares": 768570,
            "book_valuer_per_share": 15.3,
            "book_valuer_per_share_4q_avg": 15.02,
            "equity": 1190336,
            "current_ratio": 145.65,
            "debt_ratio": 43.89,
            "inventory_turnover_ratio": 1.35,
            "account_receivable_turnover_ratio": 1.05,
            "reinvestment_rate": 51.41,
            "research_to_sale_ratio": 1.01,
            "price_fair": 55.07,
            "eps_avg_yearly": 1.57,
            "eps_latest_yearly": 1.76,
            "eps_growth_yearly": 739.4
        },
        "20171": {
            "year_quarter": 20171,
            "year": 2017,
            "quarter": 1,
            "eps": 0.53,
            "eps_growth_year": -53.1,
            "eps_4q": 2.04,
            "eps_4q_growth_year": -1.29,
            "roe": 3.4,
            "roe_4q": 13.52,
            "gross_profit": 107496,
            "gross_margin": 18.33,
            "gross_margin_4q_avg": 18.78,
            "net_income": 41441,
            "net_income_4q": null,
            "revenue": 586385,
            "revenue_4q": null,
            "common_shares": 768570,
            "book_valuer_per_share": 15.82,
            "book_valuer_per_share_4q_avg": 15.24,
            "equity": 1243912,
            "current_ratio": 149.36,
            "debt_ratio": 42.53,
            "inventory_turnover_ratio": 1.51,
            "account_receivable_turnover_ratio": 1.14,
            "reinvestment_rate": 45.09,
            "research_to_sale_ratio": 0.87,
            "price_fair": 56.26,
            "eps_avg_yearly": 1.61,
            "eps_latest_yearly": 2.12,
            "eps_growth_yearly": 698.3
        },
        "20172": {
            "year_quarter": 20172,
            "year": 2017,
            "quarter": 2,
            "eps": 0.55,
            "eps_growth_year": -23.61,
            "eps_4q": 1.85,
            "eps_4q_growth_year": -14.11,
            "roe": 3.78,
            "roe_4q": 12.399999999999999,
            "gross_profit": 116400,
            "gross_margin": 19.06,
            "gross_margin_4q_avg": 18.22,
            "net_income": 45661,
            "net_income_4q": null,
            "revenue": 610841,
            "revenue_4q": null,
            "common_shares": 768570,
            "book_valuer_per_share": 14.86,
            "book_valuer_per_share_4q_avg": 15.23,
            "equity": 1173681,
            "current_ratio": 129.81,
            "debt_ratio": 47.62,
            "inventory_turnover_ratio": 1.52,
            "account_receivable_turnover_ratio": 1.09,
            "reinvestment_rate": 49.59,
            "research_to_sale_ratio": 0.95,
            "price_fair": 57.84,
            "eps_avg_yearly": 1.65,
            "eps_latest_yearly": 2.2,
            "eps_growth_yearly": 682.2
        },
        "20173": {
            "year_quarter": 20173,
            "year": 2017,
            "quarter": 3,
            "eps": 0.16,
            "eps_growth_year": -55.56,
            "eps_4q": 1.66,
            "eps_4q_growth_year": -31.48,
            "roe": 0.92,
            "roe_4q": 10.89,
            "gross_profit": 59719,
            "gross_margin": 13.22,
            "gross_margin_4q_avg": 17,
            "net_income": 10815,
            "net_income_4q": null,
            "revenue": 451598,
            "revenue_4q": null,
            "common_shares": 783941,
            "book_valuer_per_share": 14.72,
            "book_valuer_per_share_4q_avg": 15.18,
            "equity": 1183416,
            "current_ratio": 136.26,
            "debt_ratio": 42.19,
            "inventory_turnover_ratio": 1.2,
            "account_receivable_turnover_ratio": 0.94,
            "reinvestment_rate": 50.19,
            "research_to_sale_ratio": 1.29,
            "price_fair": 58.54,
            "eps_avg_yearly": 1.67,
            "eps_latest_yearly": 0.64,
            "eps_growth_yearly": 684.07
        },
        "20174": {
            "year_quarter": 20174,
            "year": 2017,
            "quarter": 4,
            "eps": 0.32,
            "eps_growth_year": -27.7,
            "eps_4q": 1.54,
            "eps_4q_growth_year": -41,
            "roe": 2.12,
            "roe_4q": 10.22,
            "gross_profit": 78715,
            "gross_margin": 15.65,
            "gross_margin_4q_avg": 16.57,
            "net_income": 25295,
            "net_income_4q": null,
            "revenue": 502949,
            "revenue_4q": null,
            "common_shares": 783941,
            "book_valuer_per_share": 15.03,
            "book_valuer_per_share_4q_avg": 15.11,
            "equity": 1208539,
            "current_ratio": 135.14,
            "debt_ratio": 42.12,
            "inventory_turnover_ratio": 1.3,
            "account_receivable_turnover_ratio": 1.08,
            "reinvestment_rate": 50.11,
            "research_to_sale_ratio": 1.19,
            "price_fair": 60.73,
            "eps_avg_yearly": 1.74,
            "eps_latest_yearly": 1.28,
            "eps_growth_yearly": 712.19
        },
        "20181": {
            "year_quarter": 20181,
            "year": 2018,
            "quarter": 1,
            "eps": 0.45,
            "eps_growth_year": -15.09,
            "eps_4q": 1.46,
            "eps_4q_growth_year": -28.19,
            "roe": 2.94,
            "roe_4q": 9.76,
            "gross_profit": 98230,
            "gross_margin": 16.01,
            "gross_margin_4q_avg": 15.99,
            "net_income": 36425,
            "net_income_4q": null,
            "revenue": 613571,
            "revenue_4q": null,
            "common_shares": 783941,
            "book_valuer_per_share": 15.46,
            "book_valuer_per_share_4q_avg": 15.02,
            "equity": 1271364,
            "current_ratio": 165.73,
            "debt_ratio": 45.12,
            "inventory_turnover_ratio": 1.57,
            "account_receivable_turnover_ratio": 1.16,
            "reinvestment_rate": 51.17,
            "research_to_sale_ratio": 1.04,
            "price_fair": 60.73,
            "eps_avg_yearly": 1.74,
            "eps_latest_yearly": 1.8,
            "eps_growth_yearly": 586.63
        },
        "20182": {
            "year_quarter": 20182,
            "year": 2018,
            "quarter": 2,
            "eps": 0.53,
            "eps_growth_year": -3.64,
            "eps_4q": 1.42,
            "eps_4q_growth_year": -23.29,
            "roe": 3.35,
            "roe_4q": 9.33,
            "gross_profit": 110077,
            "gross_margin": 17.23,
            "gross_margin_4q_avg": 15.53,
            "net_income": 41931,
            "net_income_4q": null,
            "revenue": 638994,
            "revenue_4q": null,
            "common_shares": 783941,
            "book_valuer_per_share": 15,
            "book_valuer_per_share_4q_avg": 15.05,
            "equity": 1233562,
            "current_ratio": 152.94,
            "debt_ratio": 45.04,
            "inventory_turnover_ratio": 1.69,
            "account_receivable_turnover_ratio": 1.1,
            "reinvestment_rate": 44.42,
            "research_to_sale_ratio": 0.98,
            "price_fair": 60.64,
            "eps_avg_yearly": 1.73,
            "eps_latest_yearly": 2.12,
            "eps_growth_yearly": 586.08
        },
        "20183": {
            "year_quarter": 20183,
            "year": 2018,
            "quarter": 3,
            "eps": 0.2,
            "eps_growth_year": 25,
            "eps_4q": 1.45,
            "eps_4q_growth_year": -12.23,
            "roe": 1.15,
            "roe_4q": 9.559999999999999,
            "gross_profit": 67940,
            "gross_margin": 14.71,
            "gross_margin_4q_avg": 15.9,
            "net_income": 14324,
            "net_income_4q": null,
            "revenue": 461815,
            "revenue_4q": null,
            "common_shares": 807459,
            "book_valuer_per_share": 14.76,
            "book_valuer_per_share_4q_avg": 15.06,
            "equity": 1247780,
            "current_ratio": 169.35,
            "debt_ratio": 38.45,
            "inventory_turnover_ratio": 1.33,
            "account_receivable_turnover_ratio": 0.87,
            "reinvestment_rate": 50.27,
            "research_to_sale_ratio": 1.67,
            "price_fair": 61.78,
            "eps_avg_yearly": 1.77,
            "eps_latest_yearly": 0.8,
            "eps_growth_yearly": 592.27
        },
        "20184": {
            "year_quarter": 20184,
            "year": 2018,
            "quarter": 4,
            "eps": 0.17,
            "eps_growth_year": -46.57,
            "eps_4q": 1.32,
            "eps_4q_growth_year": -14.78,
            "roe": 0.69,
            "roe_4q": 8.129999999999999,
            "gross_profit": 49839,
            "gross_margin": 10.77,
            "gross_margin_4q_avg": 14.68,
            "net_income": 8697,
            "net_income_4q": null,
            "revenue": 462831,
            "revenue_4q": null,
            "common_shares": 807459,
            "book_valuer_per_share": 14.93,
            "book_valuer_per_share_4q_avg": 15.04,
            "equity": 1256924,
            "current_ratio": 169.62,
            "debt_ratio": 36.89,
            "inventory_turnover_ratio": 1.47,
            "account_receivable_turnover_ratio": 1.05,
            "reinvestment_rate": 48.92,
            "research_to_sale_ratio": 1.48,
            "price_fair": 63,
            "eps_avg_yearly": 1.8,
            "eps_latest_yearly": 0.68,
            "eps_growth_yearly": 602.81
        },
        "20191": {
            "year_quarter": 20191,
            "year": 2019,
            "quarter": 1,
            "eps": 0.4,
            "eps_growth_year": -11.11,
            "eps_4q": 1.29,
            "eps_4q_growth_year": -12.14,
            "roe": 2.35,
            "roe_4q": 7.539999999999999,
            "gross_profit": 90485,
            "gross_margin": 16.16,
            "gross_margin_4q_avg": 14.72,
            "net_income": 29883,
            "net_income_4q": null,
            "revenue": 559905,
            "revenue_4q": null,
            "common_shares": 807459,
            "book_valuer_per_share": 15.33,
            "book_valuer_per_share_4q_avg": 15.01,
            "equity": 1286610,
            "current_ratio": 139.43,
            "debt_ratio": 43.09,
            "inventory_turnover_ratio": 1.71,
            "account_receivable_turnover_ratio": 1.11,
            "reinvestment_rate": 44.75,
            "research_to_sale_ratio": 1.42,
            "price_fair": 60.9,
            "eps_avg_yearly": 1.74,
            "eps_latest_yearly": 1.6,
            "eps_growth_yearly": 128.3
        },
        "20192": {
            "year_quarter": 20192,
            "year": 2019,
            "quarter": 2,
            "eps": 0.51,
            "eps_growth_year": -3.77,
            "eps_4q": 1.26,
            "eps_4q_growth_year": -11.04,
            "roe": 3.26,
            "roe_4q": 7.449999999999999,
            "gross_profit": 109166,
            "gross_margin": 18.88,
            "gross_margin_4q_avg": 15.13,
            "net_income": 41249,
            "net_income_4q": null,
            "revenue": 578247,
            "revenue_4q": null,
            "common_shares": 807459,
            "book_valuer_per_share": 14.85,
            "book_valuer_per_share_4q_avg": 14.97,
            "equity": 1244807,
            "current_ratio": 115.62,
            "debt_ratio": 52.55,
            "inventory_turnover_ratio": 1.64,
            "account_receivable_turnover_ratio": 1.01,
            "reinvestment_rate": 80.08,
            "research_to_sale_ratio": 2.17,
            "price_fair": 59.68,
            "eps_avg_yearly": 1.71,
            "eps_latest_yearly": 2.04,
            "eps_growth_yearly": 134.78
        },
        "20193": {
            "year_quarter": 20193,
            "year": 2019,
            "quarter": 3,
            "eps": 0.29,
            "eps_growth_year": 45,
            "eps_4q": 1.36,
            "eps_4q_growth_year": -6.21,
            "roe": 1.9,
            "roe_4q": 8.2,
            "gross_profit": 73580,
            "gross_margin": 15.42,
            "gross_margin_4q_avg": 15.31,
            "net_income": 23925,
            "net_income_4q": null,
            "revenue": 477082,
            "revenue_4q": null,
            "common_shares": 823608,
            "book_valuer_per_share": 14.85,
            "book_valuer_per_share_4q_avg": 14.99,
            "equity": 1268459,
            "current_ratio": 120.7,
            "debt_ratio": 49.45,
            "inventory_turnover_ratio": 1.3,
            "account_receivable_turnover_ratio": 0.95,
            "reinvestment_rate": 81.45,
            "research_to_sale_ratio": 2.04,
            "price_fair": 61.25,
            "eps_avg_yearly": 1.75,
            "eps_latest_yearly": 1.16,
            "eps_growth_yearly": 144.77
        },
        "20194": {
            "year_quarter": 20194,
            "year": 2019,
            "quarter": 4,
            "eps": 0.2,
            "eps_growth_year": 16.4,
            "eps_4q": 1.39,
            "eps_4q_growth_year": 6.02,
            "roe": 1.27,
            "roe_4q": 8.78,
            "gross_profit": 65340,
            "gross_margin": 14.27,
            "gross_margin_4q_avg": 16.18,
            "net_income": 16220,
            "net_income_4q": null,
            "revenue": 457733,
            "revenue_4q": null,
            "common_shares": 823608,
            "book_valuer_per_share": 15.03,
            "book_valuer_per_share_4q_avg": 15.02,
            "equity": 1282966,
            "current_ratio": 197.7,
            "debt_ratio": 48.16,
            "inventory_turnover_ratio": 1.21,
            "account_receivable_turnover_ratio": 1.09,
            "reinvestment_rate": -15.97,
            "research_to_sale_ratio": 2.24,
            "price_fair": 60.9,
            "eps_avg_yearly": 1.74,
            "eps_latest_yearly": 0.8,
            "eps_growth_yearly": 107.46
        },
        "20201": {
            "year_quarter": 20201,
            "year": 2020,
            "quarter": 1,
            "eps": 0.41,
            "eps_growth_year": 2.5,
            "eps_4q": 1.41,
            "eps_4q_growth_year": 9.67,
            "roe": 2.48,
            "roe_4q": 8.91,
            "gross_profit": 92228,
            "gross_margin": 17.35,
            "gross_margin_4q_avg": 16.48,
            "net_income": 32273,
            "net_income_4q": null,
            "revenue": 531622,
            "revenue_4q": null,
            "common_shares": 823608,
            "book_valuer_per_share": 15.44,
            "book_valuer_per_share_4q_avg": 15.04,
            "equity": 1315364,
            "current_ratio": 189.88,
            "debt_ratio": 48.79,
            "inventory_turnover_ratio": 1.38,
            "account_receivable_turnover_ratio": 1.16,
            "reinvestment_rate": -18.51,
            "research_to_sale_ratio": 1.63,
            "price_fair": 54.6,
            "eps_avg_yearly": 1.56,
            "eps_latest_yearly": 1.64,
            "eps_growth_yearly": 41
        },
        "20202": {
            "year_quarter": 20202,
            "year": 2020,
            "quarter": 2,
            "eps": 0.25,
            "eps_growth_year": -50.98,
            "eps_4q": 1.15,
            "eps_4q_growth_year": -8.7,
            "roe": 1.63,
            "roe_4q": 7.279999999999999,
            "gross_profit": 54820,
            "gross_margin": 13.87,
            "gross_margin_4q_avg": 15.23,
            "net_income": 20865,
            "net_income_4q": null,
            "revenue": 395356,
            "revenue_4q": null,
            "common_shares": 823608,
            "book_valuer_per_share": 14.58,
            "book_valuer_per_share_4q_avg": 14.98,
            "equity": 1250196,
            "current_ratio": 186.76,
            "debt_ratio": 48.36,
            "inventory_turnover_ratio": 1.09,
            "account_receivable_turnover_ratio": 0.92,
            "reinvestment_rate": -18.25,
            "research_to_sale_ratio": 2.29,
            "price_fair": 50.49,
            "eps_avg_yearly": 1.44,
            "eps_latest_yearly": 1,
            "eps_growth_yearly": 40.32
        },
        "20203": {
            "year_quarter": 20203,
            "year": 2020,
            "quarter": 3,
            "eps": 0.14,
            "eps_growth_year": -51.72,
            "eps_4q": 1,
            "eps_4q_growth_year": -26.96,
            "roe": 1.17,
            "roe_4q": 6.549999999999999,
            "gross_profit": 38873,
            "gross_margin": 11.28,
            "gross_margin_4q_avg": 14.19,
            "net_income": 14723,
            "net_income_4q": null,
            "revenue": 344751,
            "revenue_4q": null,
            "common_shares": 823608,
            "book_valuer_per_share": 14.71,
            "book_valuer_per_share_4q_avg": 14.94,
            "equity": 1264359,
            "current_ratio": 259.71,
            "debt_ratio": 46.51,
            "inventory_turnover_ratio": 1.05,
            "account_receivable_turnover_ratio": 1.06,
            "reinvestment_rate": -16.83,
            "research_to_sale_ratio": 2.87,
            "price_fair": 48.56,
            "eps_avg_yearly": 1.39,
            "eps_latest_yearly": 0.56,
            "eps_growth_yearly": 41.82
        },
        "20204": {
            "year_quarter": 20204,
            "year": 2020,
            "quarter": 4,
            "eps": -0.09,
            "eps_growth_year": -145.36,
            "eps_4q": 0.71,
            "eps_4q_growth_year": -49.14,
            "roe": -0.73,
            "roe_4q": 4.55,
            "gross_profit": 45072,
            "gross_margin": 13.52,
            "gross_margin_4q_avg": 14.01,
            "net_income": -9157,
            "net_income_4q": null,
            "revenue": 333424,
            "revenue_4q": null,
            "common_shares": 823608,
            "book_valuer_per_share": 14.64,
            "book_valuer_per_share_4q_avg": 14.84,
            "equity": 1256834,
            "current_ratio": 157.4,
            "debt_ratio": 46.17,
            "inventory_turnover_ratio": 1.06,
            "account_receivable_turnover_ratio": 1.09,
            "reinvestment_rate": 101.06,
            "research_to_sale_ratio": 2.83,
            "price_fair": 47.69,
            "eps_avg_yearly": 1.36,
            "eps_latest_yearly": 0.56,
            "eps_growth_yearly": 38.68
        },
        "20211": {
            "year_quarter": 20211,
            "year": 2021,
            "quarter": 1,
            "eps": 0.48,
            "eps_growth_year": 17.07,
            "eps_4q": 0.78,
            "eps_4q_growth_year": -45.05,
            "roe": 3.23,
            "roe_4q": 5.3,
            "gross_profit": 87880,
            "gross_margin": 17.45,
            "gross_margin_4q_avg": 14.03,
            "net_income": 41295,
            "net_income_4q": null,
            "revenue": 503594,
            "revenue_4q": null,
            "common_shares": 823608,
            "book_valuer_per_share": 15.12,
            "book_valuer_per_share_4q_avg": 14.76,
            "equity": 1297921,
            "current_ratio": 145.52,
            "debt_ratio": 48.74,
            "inventory_turnover_ratio": 1.46,
            "account_receivable_turnover_ratio": 1.29,
            "reinvestment_rate": 103.26,
            "research_to_sale_ratio": 1.94,
            "price_fair": 45.8,
            "eps_avg_yearly": 1.31,
            "eps_latest_yearly": 0.56,
            "eps_growth_yearly": 35.6
        },
        "20212": {
            "year_quarter": 20212,
            "year": 2021,
            "quarter": 2,
            "eps": 0.38,
            "eps_growth_year": 52,
            "eps_4q": 0.91,
            "eps_4q_growth_year": -21.08,
            "roe": 2.83,
            "roe_4q": 6.5,
            "gross_profit": 91861,
            "gross_margin": 16.74,
            "gross_margin_4q_avg": 14.75,
            "net_income": 36275,
            "net_income_4q": null,
            "revenue": 548602,
            "revenue_4q": null,
            "common_shares": 823608,
            "book_valuer_per_share": 14.68,
            "book_valuer_per_share_4q_avg": 14.79,
            "equity": 1267152,
            "current_ratio": 133.01,
            "debt_ratio": 50.96,
            "inventory_turnover_ratio": 1.46,
            "account_receivable_turnover_ratio": 1.15,
            "reinvestment_rate": 98.49,
            "research_to_sale_ratio": 1.32,
            "price_fair": 44.1,
            "eps_avg_yearly": 1.26,
            "eps_latest_yearly": 1.52,
            "eps_growth_yearly": 28.57
        },
        "20213": {
            "year_quarter": 20213,
            "year": 2021,
            "quarter": 3,
            "eps": 0,
            "eps_growth_year": -100,
            "eps_4q": 0.77,
            "eps_4q_growth_year": -23.01,
            "roe": 0.2,
            "roe_4q": 5.529999999999999,
            "gross_profit": 56289,
            "gross_margin": 11.73,
            "gross_margin_4q_avg": 14.86,
            "net_income": 2530,
            "net_income_4q": null,
            "revenue": 480048,
            "revenue_4q": null,
            "common_shares": 823608,
            "book_valuer_per_share": 14.68,
            "book_valuer_per_share_4q_avg": 14.78,
            "equity": 1269697,
            "current_ratio": 134.45,
            "debt_ratio": 49.39,
            "inventory_turnover_ratio": 1.26,
            "account_receivable_turnover_ratio": 1.05,
            "reinvestment_rate": 99.42,
            "research_to_sale_ratio": 1.57,
            "price_fair": 45.77,
            "eps_avg_yearly": 1.31,
            "eps_latest_yearly": 1.52,
            "eps_growth_yearly": 52.59
        },
        "20214": {
            "year_quarter": 20214,
            "year": 2021,
            "quarter": 4,
            "eps": -0.02,
            "eps_growth_year": null,
            "eps_4q": 0.83,
            "eps_4q_growth_year": 17.54,
            "roe": -0.33,
            "roe_4q": 5.93,
            "gross_profit": 41193,
            "gross_margin": 8.56,
            "gross_margin_4q_avg": 13.62,
            "net_income": -4144,
            "net_income_4q": null,
            "revenue": 481245,
            "revenue_4q": null,
            "common_shares": 823608,
            "book_valuer_per_share": 14.72,
            "book_valuer_per_share_4q_avg": 14.8,
            "equity": 1270406,
            "current_ratio": 153.16,
            "debt_ratio": 50.67,
            "inventory_turnover_ratio": 1.21,
            "account_receivable_turnover_ratio": 1.07,
            "reinvestment_rate": 44.79,
            "research_to_sale_ratio": 1.35,
            "price_fair": 44.06,
            "eps_avg_yearly": 1.31,
            "eps_latest_yearly": 1.52,
            "eps_growth_yearly": 23.63
        },
        "20221": {
            "year_quarter": 20221,
            "year": 2022,
            "quarter": 1,
            "eps": 2.54,
            "eps_growth_year": 429.17,
            "eps_4q": 2.89,
            "eps_4q_growth_year": 273.25,
            "roe": 16.34,
            "roe_4q": 19.04,
            "gross_profit": 94078,
            "gross_margin": 15.53,
            "gross_margin_4q_avg": 13.14,
            "net_income": 211501,
            "net_income_4q": null,
            "revenue": 605594,
            "revenue_4q": null,
            "common_shares": 823608,
            "book_valuer_per_share": 15.27,
            "book_valuer_per_share_4q_avg": 14.84,
            "equity": 1318540,
            "current_ratio": 158.26,
            "debt_ratio": 48.13,
            "inventory_turnover_ratio": 1.35,
            "account_receivable_turnover_ratio": 1.24,
            "reinvestment_rate": 29.42,
            "research_to_sale_ratio": 1.21,
            "price_fair": 26.59,
            "eps_avg_yearly": 1.27,
            "eps_latest_yearly": 1.52,
            "eps_growth_yearly": 11.01
        },
        "20222": {
            "year_quarter": 20222,
            "year": 2022,
            "quarter": 2,
            "eps": 0.58,
            "eps_growth_year": 52.63,
            "eps_4q": 3.09,
            "eps_4q_growth_year": 240.61,
            "roe": 3.58,
            "roe_4q": 19.790000000000003,
            "gross_profit": 106945,
            "gross_margin": 16.93,
            "gross_margin_4q_avg": 13.19,
            "net_income": 48046,
            "net_income_4q": null,
            "revenue": 631697,
            "revenue_4q": null,
            "common_shares": 823608,
            "book_valuer_per_share": 15.87,
            "book_valuer_per_share_4q_avg": 15.14,
            "equity": 1362574,
            "current_ratio": 151.22,
            "debt_ratio": 47.93,
            "inventory_turnover_ratio": 1.33,
            "account_receivable_turnover_ratio": 1.18,
            "reinvestment_rate": 37.78,
            "research_to_sale_ratio": 1.03,
            "price_fair": 3.85,
            "eps_avg_yearly": 1.28,
            "eps_latest_yearly": 2.32,
            "eps_growth_yearly": -23.51
        },
        "20223": {
            "year_quarter": 20223,
            "year": 2022,
            "quarter": 3,
            "eps": 0.26,
            "eps_growth_year": null,
            "eps_4q": 3.36,
            "eps_4q_growth_year": 338.56,
            "roe": 1.32,
            "roe_4q": 20.910000000000004,
            "gross_profit": 64375,
            "gross_margin": 12.73,
            "gross_margin_4q_avg": 13.44,
            "net_income": 18116,
            "net_income_4q": null,
            "revenue": 505718,
            "revenue_4q": null,
            "common_shares": 823608,
            "book_valuer_per_share": 16.17,
            "book_valuer_per_share_4q_avg": 15.51,
            "equity": 1383553,
            "current_ratio": 174.27,
            "debt_ratio": 43.81,
            "inventory_turnover_ratio": 1.16,
            "account_receivable_turnover_ratio": 0.97,
            "reinvestment_rate": 37.46,
            "research_to_sale_ratio": 1.44,
            "price_fair": 3.92,
            "eps_avg_yearly": 1.31,
            "eps_latest_yearly": 1.04,
            "eps_growth_yearly": -20.94
        },
        "20224": {
            "year_quarter": 20224,
            "year": 2022,
            "quarter": 4,
            "eps": -0.18,
            "eps_growth_year": null,
            "eps_4q": 3.2,
            "eps_4q_growth_year": 284.17,
            "roe": -1.52,
            "roe_4q": 19.72,
            "gross_profit": 41956,
            "gross_margin": 9.46,
            "gross_margin_4q_avg": 13.66,
            "net_income": -20920,
            "net_income_4q": null,
            "revenue": 443632,
            "revenue_4q": null,
            "common_shares": 823608,
            "book_valuer_per_share": 16.1,
            "book_valuer_per_share_4q_avg": 15.85,
            "equity": 1371835,
            "current_ratio": 151.3,
            "debt_ratio": 44.42,
            "inventory_turnover_ratio": 1.16,
            "account_receivable_turnover_ratio": 0.96,
            "reinvestment_rate": 51.8,
            "research_to_sale_ratio": 1.41,
            "price_fair": 4.1,
            "eps_avg_yearly": 1.37,
            "eps_latest_yearly": 1.04,
            "eps_growth_yearly": -17.03
        },
        "20231": {
            "year_quarter": 20231,
            "year": 2023,
            "quarter": 1,
            "eps": 0.19,
            "eps_growth_year": -92.52,
            "eps_4q": 0.85,
            "eps_4q_growth_year": -70.71,
            "roe": 0.65,
            "roe_4q": 4.03,
            "gross_profit": 58788,
            "gross_margin": 12.41,
            "gross_margin_4q_avg": 12.88,
            "net_income": 8656,
            "net_income_4q": null,
            "revenue": 473852,
            "revenue_4q": null,
            "common_shares": 823608,
            "book_valuer_per_share": 15.05,
            "book_valuer_per_share_4q_avg": 15.8,
            "equity": 1286213,
            "current_ratio": 134.11,
            "debt_ratio": 49.28,
            "inventory_turnover_ratio": 1.25,
            "account_receivable_turnover_ratio": 1.02,
            "reinvestment_rate": 63.03,
            "research_to_sale_ratio": 1.48,
            "price_fair": 4.03,
            "eps_avg_yearly": 1.34,
            "eps_latest_yearly": 1.04,
            "eps_growth_yearly": -79.05
        },
        "20232": {
            "year_quarter": 20232,
            "year": 2023,
            "quarter": 2,
            "eps": -0.17,
            "eps_growth_year": -129.31,
            "eps_4q": 0.1,
            "eps_4q_growth_year": -96.91,
            "roe": -1.45,
            "roe_4q": -0.9999999999999998,
            "gross_profit": 11589,
            "gross_margin": 3.42,
            "gross_margin_4q_avg": 9.51,
            "net_income": -18551,
            "net_income_4q": null,
            "revenue": 338451,
            "revenue_4q": null,
            "common_shares": 823608,
            "book_valuer_per_share": 14.88,
            "book_valuer_per_share_4q_avg": 15.55,
            "equity": 1267662,
            "current_ratio": 152.34,
            "debt_ratio": 49.72,
            "inventory_turnover_ratio": 1.05,
            "account_receivable_turnover_ratio": 0.85,
            "reinvestment_rate": -34.66,
            "research_to_sale_ratio": 2.36,
            "price_fair": 3.77,
            "eps_avg_yearly": 1.26,
            "eps_latest_yearly": 1.04,
            "eps_growth_yearly": -102.68
        },
        "20233": {
            "year_quarter": 20233,
            "year": 2023,
            "quarter": 3,
            "eps": -0.14,
            "eps_growth_year": -153.85,
            "eps_4q": -0.31,
            "eps_4q_growth_year": -109.09,
            "roe": -1.25,
            "roe_4q": -3.5700000000000003,
            "gross_profit": 24730,
            "gross_margin": 6.69,
            "gross_margin_4q_avg": 8,
            "net_income": -15703,
            "net_income_4q": null,
            "revenue": 369604,
            "revenue_4q": null,
            "common_shares": 823608,
            "book_valuer_per_share": 14.74,
            "book_valuer_per_share_4q_avg": 15.19,
            "equity": 1251959,
            "current_ratio": 167.25,
            "debt_ratio": 48.91,
            "inventory_turnover_ratio": 1.18,
            "account_receivable_turnover_ratio": 1.08,
            "reinvestment_rate": -24.06,
            "research_to_sale_ratio": 2.22,
            "price_fair": 3.81,
            "eps_avg_yearly": 1.27,
            "eps_latest_yearly": 1.04,
            "eps_growth_yearly": -92.7
        },
        "20234": {
            "year_quarter": 20234,
            "year": 2023,
            "quarter": 4,
            "eps": 0.13,
            "eps_growth_year": null,
            "eps_4q": 0.01,
            "eps_4q_growth_year": -99.76,
            "roe": 0.5,
            "roe_4q": -1.5500000000000003,
            "gross_profit": 28051,
            "gross_margin": 7.04,
            "gross_margin_4q_avg": 7.39,
            "net_income": 6248,
            "net_income_4q": null,
            "revenue": 398701,
            "revenue_4q": null,
            "common_shares": 823608,
            "book_valuer_per_share": 14.85,
            "book_valuer_per_share_4q_avg": 14.88,
            "equity": 1256305,
            "current_ratio": 183.57,
            "debt_ratio": 49.81,
            "inventory_turnover_ratio": 1.33,
            "account_receivable_turnover_ratio": 1.05,
            "reinvestment_rate": 107.68,
            "research_to_sale_ratio": 3.7,
            "price_fair": 4.04,
            "eps_avg_yearly": 1.35,
            "eps_latest_yearly": 1.04,
            "eps_growth_yearly": -87.46
        }
    },
    "months": {
        "2003-10": {
            "month": "2003-10",
            "price": "8.50",
            "revenue": 54676
        },
        "2003-11": {
            "month": "2003-11",
            "price": "10.50",
            "revenue": 62844
        },
        "2004-10": {
            "month": "2004-10",
            "price": "8.16",
            "revenue": 95743
        },
        "2004-11": {
            "month": "2004-11",
            "price": "8.00",
            "revenue": 93743
        },
        "2005-03": {
            "month": "2005-03",
            "price": "8.79",
            "revenue": 102114
        },
        "2005-05": {
            "month": "2005-05",
            "price": "8.80",
            "revenue": 143930
        },
        "2005-06": {
            "month": "2005-06",
            "price": "8.26",
            "revenue": 113010
        },
        "2005-07": {
            "month": "2005-07",
            "price": "8.24",
            "revenue": 70574
        },
        "2005-12": {
            "month": "2005-12",
            "price": "8.64",
            "revenue": 84499
        },
        "2006-02": {
            "month": "2006-02",
            "price": "9.04",
            "revenue": 68427
        },
        "2006-03": {
            "month": "2006-03",
            "price": "8.70",
            "revenue": 111630
        },
        "2006-05": {
            "month": "2006-05",
            "price": "9.02",
            "revenue": 152340
        },
        "2006-06": {
            "month": "2006-06",
            "price": "9.22",
            "revenue": 122841
        },
        "2006-07": {
            "month": "2006-07",
            "price": "9.98",
            "revenue": 71938
        },
        "2006-08": {
            "month": "2006-08",
            "price": "9.60",
            "revenue": 74308
        },
        "2006-09": {
            "month": "2006-09",
            "price": "9.05",
            "revenue": 76941
        },
        "2006-10": {
            "month": "2006-10",
            "price": "9.01",
            "revenue": 70508
        },
        "2006-11": {
            "month": "2006-11",
            "price": "9.94",
            "revenue": 82709
        },
        "2006-12": {
            "month": "2006-12",
            "price": "9.66",
            "revenue": 79684
        },
        "2007-02": {
            "month": "2007-02",
            "price": "10.09",
            "revenue": 53125
        },
        "2007-03": {
            "month": "2007-03",
            "price": "11.24",
            "revenue": 120526
        },
        "2007-04": {
            "month": "2007-04",
            "price": "10.31",
            "revenue": 123786
        },
        "2007-06": {
            "month": "2007-06",
            "price": "10.70",
            "revenue": 127444
        },
        "2007-07": {
            "month": "2007-07",
            "price": "10.88",
            "revenue": 83445
        },
        "2007-08": {
            "month": "2007-08",
            "price": "10.64",
            "revenue": 90799
        },
        "2007-09": {
            "month": "2007-09",
            "price": "10.88",
            "revenue": 87693
        },
        "2007-10": {
            "month": "2007-10",
            "price": "12.25",
            "revenue": 100000
        },
        "2007-11": {
            "month": "2007-11",
            "price": "12.88",
            "revenue": 113035
        },
        "2007-12": {
            "month": "2007-12",
            "price": "12.05",
            "revenue": 65056
        },
        "2008-01": {
            "month": "2008-01",
            "price": "11.98",
            "revenue": 92613
        },
        "2008-02": {
            "month": "2008-02",
            "price": "11.53",
            "revenue": 86492
        },
        "2008-03": {
            "month": "2008-03",
            "price": "12.63",
            "revenue": 140074
        },
        "2008-04": {
            "month": "2008-04",
            "price": "12.64",
            "revenue": 171882
        },
        "2008-05": {
            "month": "2008-05",
            "price": "12.24",
            "revenue": 185155
        },
        "2008-06": {
            "month": "2008-06",
            "price": "11.68",
            "revenue": 134660
        },
        "2008-07": {
            "month": "2008-07",
            "price": "12.04",
            "revenue": 113915
        },
        "2008-08": {
            "month": "2008-08",
            "price": "10.89",
            "revenue": 111531
        },
        "2008-09": {
            "month": "2008-09",
            "price": "9.31",
            "revenue": 95019
        },
        "2008-10": {
            "month": "2008-10",
            "price": "8.05",
            "revenue": 99992
        },
        "2008-11": {
            "month": "2008-11",
            "price": "7.45",
            "revenue": 76233
        },
        "2008-12": {
            "month": "2008-12",
            "price": "6.58",
            "revenue": 53312
        },
        "2009-02": {
            "month": "2009-02",
            "price": "4.85",
            "revenue": 62818
        },
        "2009-03": {
            "month": "2009-03",
            "price": "7.14",
            "revenue": 97692
        },
        "2009-04": {
            "month": "2009-04",
            "price": "9.36",
            "revenue": 124781
        },
        "2009-05": {
            "month": "2009-05",
            "price": "9.77",
            "revenue": 117386
        },
        "2009-06": {
            "month": "2009-06",
            "price": "9.65",
            "revenue": 89080
        },
        "2009-07": {
            "month": "2009-07",
            "price": "9.70",
            "revenue": 77149
        },
        "2009-08": {
            "month": "2009-08",
            "price": "10.08",
            "revenue": 53072
        },
        "2009-09": {
            "month": "2009-09",
            "price": "10.80",
            "revenue": 65310
        },
        "2009-10": {
            "month": "2009-10",
            "price": "10.18",
            "revenue": 75575
        },
        "2009-11": {
            "month": "2009-11",
            "price": "11.28",
            "revenue": 64836
        },
        "2009-12": {
            "month": "2009-12",
            "price": "12.90",
            "revenue": 79055
        },
        "2010-01": {
            "month": "2010-01",
            "price": "12.77",
            "revenue": 84429
        },
        "2010-02": {
            "month": "2010-02",
            "price": "12.27",
            "revenue": 62571
        },
        "2010-03": {
            "month": "2010-03",
            "price": "12.42",
            "revenue": 127147
        },
        "2010-04": {
            "month": "2010-04",
            "price": "13.12",
            "revenue": 165885
        },
        "2010-05": {
            "month": "2010-05",
            "price": "14.60",
            "revenue": 184749
        },
        "2010-06": {
            "month": "2010-06",
            "price": "15.39",
            "revenue": 179544
        },
        "2010-07": {
            "month": "2010-07",
            "price": "17.78",
            "revenue": 126410
        },
        "2010-08": {
            "month": "2010-08",
            "price": "17.11",
            "revenue": 103333
        },
        "2010-09": {
            "month": "2010-09",
            "price": "18.00",
            "revenue": 121675
        },
        "2010-10": {
            "month": "2010-10",
            "price": "17.63",
            "revenue": 112569
        },
        "2010-11": {
            "month": "2010-11",
            "price": "17.80",
            "revenue": 97152
        },
        "2010-12": {
            "month": "2010-12",
            "price": "19.47",
            "revenue": 120590
        },
        "2011-01": {
            "month": "2011-01",
            "price": "21.43",
            "revenue": 133161
        },
        "2011-02": {
            "month": "2011-02",
            "price": "22.17",
            "revenue": 112738
        },
        "2011-03": {
            "month": "2011-03",
            "price": "22.38",
            "revenue": 202924
        },
        "2011-04": {
            "month": "2011-04",
            "price": "21.60",
            "revenue": 223444
        },
        "2011-05": {
            "month": "2011-05",
            "price": "22.05",
            "revenue": 195753
        },
        "2011-06": {
            "month": "2011-06",
            "price": "20.83",
            "revenue": 117149
        },
        "2011-07": {
            "month": "2011-07",
            "price": "17.43",
            "revenue": 127883
        },
        "2011-08": {
            "month": "2011-08",
            "price": "15.01",
            "revenue": 92336
        },
        "2011-09": {
            "month": "2011-09",
            "price": "14.72",
            "revenue": 76844
        },
        "2011-10": {
            "month": "2011-10",
            "price": "13.58",
            "revenue": 96397
        },
        "2011-11": {
            "month": "2011-11",
            "price": "11.80",
            "revenue": 84800
        },
        "2011-12": {
            "month": "2011-12",
            "price": "11.48",
            "revenue": 112565
        },
        "2012-01": {
            "month": "2012-01",
            "price": "11.92",
            "revenue": 94492
        },
        "2012-02": {
            "month": "2012-02",
            "price": "13.42",
            "revenue": 155968
        },
        "2012-03": {
            "month": "2012-03",
            "price": "14.62",
            "revenue": 205355
        },
        "2012-04": {
            "month": "2012-04",
            "price": "14.21",
            "revenue": 191851
        },
        "2012-05": {
            "month": "2012-05",
            "price": "13.88",
            "revenue": 166513
        },
        "2012-06": {
            "month": "2012-06",
            "price": "12.32",
            "revenue": 96705
        },
        "2012-07": {
            "month": "2012-07",
            "price": "11.78",
            "revenue": 101579
        },
        "2012-08": {
            "month": "2012-08",
            "price": "11.94",
            "revenue": 126570
        },
        "2012-09": {
            "month": "2012-09",
            "price": "12.35",
            "revenue": 106648
        },
        "2012-10": {
            "month": "2012-10",
            "price": "12.37",
            "revenue": 98584
        },
        "2012-11": {
            "month": "2012-11",
            "price": "11.77",
            "revenue": 99525
        },
        "2012-12": {
            "month": "2012-12",
            "price": "12.05",
            "revenue": 101130
        },
        "2013-01": {
            "month": "2013-01",
            "price": "12.12",
            "revenue": 116011
        },
        "2013-02": {
            "month": "2013-02",
            "price": "11.87",
            "revenue": 110942
        },
        "2013-03": {
            "month": "2013-03",
            "price": "11.73",
            "revenue": 207958
        },
        "2013-04": {
            "month": "2013-04",
            "price": "11.32",
            "revenue": 191109
        },
        "2013-05": {
            "month": "2013-05",
            "price": "11.43",
            "revenue": 198644
        },
        "2013-06": {
            "month": "2013-06",
            "price": "11.59",
            "revenue": 131588
        },
        "2013-07": {
            "month": "2013-07",
            "price": "11.45",
            "revenue": 159359
        },
        "2013-08": {
            "month": "2013-08",
            "price": "12.99",
            "revenue": 130332
        },
        "2013-09": {
            "month": "2013-09",
            "price": "14.15",
            "revenue": 129970
        },
        "2013-10": {
            "month": "2013-10",
            "price": "13.54",
            "revenue": 122152
        },
        "2013-11": {
            "month": "2013-11",
            "price": "12.40",
            "revenue": 116849
        },
        "2013-12": {
            "month": "2013-12",
            "price": "13.02",
            "revenue": 146645
        },
        "2014-01": {
            "month": "2014-01",
            "price": "13.27",
            "revenue": 154412
        },
        "2014-02": {
            "month": "2014-02",
            "price": "13.77",
            "revenue": 150693
        },
        "2014-03": {
            "month": "2014-03",
            "price": "14.55",
            "revenue": 215664
        },
        "2014-04": {
            "month": "2014-04",
            "price": "14.89",
            "revenue": 225493
        },
        "2014-05": {
            "month": "2014-05",
            "price": "17.93",
            "revenue": 209488
        },
        "2014-06": {
            "month": "2014-06",
            "price": "21.00",
            "revenue": 150992
        },
        "2014-07": {
            "month": "2014-07",
            "price": "20.60",
            "revenue": 166284
        },
        "2014-08": {
            "month": "2014-08",
            "price": "19.70",
            "revenue": 141174
        },
        "2014-09": {
            "month": "2014-09",
            "price": "17.92",
            "revenue": 136839
        },
        "2014-10": {
            "month": "2014-10",
            "price": "16.42",
            "revenue": 134259
        },
        "2014-11": {
            "month": "2014-11",
            "price": "15.29",
            "revenue": 114873
        },
        "2014-12": {
            "month": "2014-12",
            "price": "15.37",
            "revenue": 141749
        },
        "2015-01": {
            "month": "2015-01",
            "price": "15.88",
            "revenue": 187937
        },
        "2015-02": {
            "month": "2015-02",
            "price": "16.93",
            "revenue": 135448
        },
        "2015-03": {
            "month": "2015-03",
            "price": "17.38",
            "revenue": 219056
        },
        "2015-04": {
            "month": "2015-04",
            "price": "17.62",
            "revenue": 218750
        },
        "2015-05": {
            "month": "2015-05",
            "price": "22.20",
            "revenue": 215159
        },
        "2015-06": {
            "month": "2015-06",
            "price": "27.04",
            "revenue": 137505
        },
        "2015-07": {
            "month": "2015-07",
            "price": "19.39",
            "revenue": 146383
        },
        "2015-08": {
            "month": "2015-08",
            "price": "16.39",
            "revenue": 133916
        },
        "2015-09": {
            "month": "2015-09",
            "price": "19.90",
            "revenue": 140106
        },
        "2015-10": {
            "month": "2015-10",
            "price": "22.65",
            "revenue": 135365
        },
        "2015-11": {
            "month": "2015-11",
            "price": "19.80",
            "revenue": 125489
        },
        "2015-12": {
            "month": "2015-12",
            "price": "18.32",
            "revenue": 147091
        },
        "2016-01": {
            "month": "2016-01",
            "price": "17.85",
            "revenue": 176673
        },
        "2016-02": {
            "month": "2016-02",
            "price": "19.25",
            "revenue": 139733
        },
        "2016-03": {
            "month": "2016-03",
            "price": "20.49",
            "revenue": 228961
        },
        "2016-04": {
            "month": "2016-04",
            "price": "21.22",
            "revenue": 207912
        },
        "2016-05": {
            "month": "2016-05",
            "price": "22.02",
            "revenue": 201250
        },
        "2016-06": {
            "month": "2016-06",
            "price": "20.83",
            "revenue": 157720
        },
        "2016-07": {
            "month": "2016-07",
            "price": "21.20",
            "revenue": 144296
        },
        "2016-08": {
            "month": "2016-08",
            "price": "21.50",
            "revenue": 168571
        },
        "2016-09": {
            "month": "2016-09",
            "price": "22.32",
            "revenue": 140094
        },
        "2016-10": {
            "month": "2016-10",
            "price": "22.21",
            "revenue": 138131
        },
        "2016-11": {
            "month": "2016-11",
            "price": "22.15",
            "revenue": 148976
        },
        "2016-12": {
            "month": "2016-12",
            "price": "24.51",
            "revenue": 178985
        },
        "2017-01": {
            "month": "2017-01",
            "price": "24.74",
            "revenue": 166212
        },
        "2017-02": {
            "month": "2017-02",
            "price": "24.62",
            "revenue": 167428
        },
        "2017-03": {
            "month": "2017-03",
            "price": "24.84",
            "revenue": 252745
        },
        "2017-04": {
            "month": "2017-04",
            "price": "25.79",
            "revenue": 225122
        },
        "2017-05": {
            "month": "2017-05",
            "price": "24.22",
            "revenue": 228478
        },
        "2017-06": {
            "month": "2017-06",
            "price": "23.75",
            "revenue": 157241
        },
        "2017-07": {
            "month": "2017-07",
            "price": "23.98",
            "revenue": 153095
        },
        "2017-08": {
            "month": "2017-08",
            "price": "21.92",
            "revenue": 142023
        },
        "2017-09": {
            "month": "2017-09",
            "price": "21.74",
            "revenue": 156480
        },
        "2017-10": {
            "month": "2017-10",
            "price": "21.36",
            "revenue": 154464
        },
        "2017-11": {
            "month": "2017-11",
            "price": "20.94",
            "revenue": 178253
        },
        "2017-12": {
            "month": "2017-12",
            "price": "21.34",
            "revenue": 170232
        },
        "2018-01": {
            "month": "2018-01",
            "price": "21.73",
            "revenue": 207769
        },
        "2018-02": {
            "month": "2018-02",
            "price": "21.19",
            "revenue": 154520
        },
        "2018-03": {
            "month": "2018-03",
            "price": "21.44",
            "revenue": 251283
        },
        "2018-04": {
            "month": "2018-04",
            "price": "21.41",
            "revenue": 244632
        },
        "2018-05": {
            "month": "2018-05",
            "price": "20.99",
            "revenue": 225561
        },
        "2018-06": {
            "month": "2018-06",
            "price": "20.88",
            "revenue": 168799
        },
        "2018-07": {
            "month": "2018-07",
            "price": "20.25",
            "revenue": 166289
        },
        "2018-08": {
            "month": "2018-08",
            "price": "19.53",
            "revenue": 160613
        },
        "2018-09": {
            "month": "2018-09",
            "price": "19.30",
            "revenue": 134913
        },
        "2018-10": {
            "month": "2018-10",
            "price": "18.21",
            "revenue": 147890
        },
        "2018-11": {
            "month": "2018-11",
            "price": "17.60",
            "revenue": 156826
        },
        "2018-12": {
            "month": "2018-12",
            "price": "17.37",
            "revenue": 158115
        },
        "2019-01": {
            "month": "2019-01",
            "price": "18.14",
            "revenue": 190022
        },
        "2019-02": {
            "month": "2019-02",
            "price": "18.23",
            "revenue": 144161
        },
        "2019-03": {
            "month": "2019-03",
            "price": "18.40",
            "revenue": 225722
        },
        "2019-04": {
            "month": "2019-04",
            "price": "18.26",
            "revenue": 236517
        },
        "2019-05": {
            "month": "2019-05",
            "price": "18.12",
            "revenue": 205410
        },
        "2019-06": {
            "month": "2019-06",
            "price": "19.10",
            "revenue": 136320
        },
        "2019-07": {
            "month": "2019-07",
            "price": "18.76",
            "revenue": 166084
        },
        "2019-08": {
            "month": "2019-08",
            "price": "17.94",
            "revenue": 151792
        },
        "2019-09": {
            "month": "2019-09",
            "price": "18.03",
            "revenue": 159208
        },
        "2019-10": {
            "month": "2019-10",
            "price": "18.23",
            "revenue": 153694
        },
        "2019-11": {
            "month": "2019-11",
            "price": "18.50",
            "revenue": 144755
        },
        "2019-12": {
            "month": "2019-12",
            "price": "18.48",
            "revenue": 159277
        },
        "2020-01": {
            "month": "2020-01",
            "price": "18.94",
            "revenue": 138329
        },
        "2020-02": {
            "month": "2020-02",
            "price": "18.60",
            "revenue": 186942
        },
        "2020-03": {
            "month": "2020-03",
            "price": "16.62",
            "revenue": 206350
        },
        "2020-04": {
            "month": "2020-04",
            "price": "17.06",
            "revenue": 170640
        },
        "2020-05": {
            "month": "2020-05",
            "price": "17.90",
            "revenue": 137654
        },
        "2020-06": {
            "month": "2020-06",
            "price": "17.96",
            "revenue": 87062
        },
        "2020-07": {
            "month": "2020-07",
            "price": "17.02",
            "revenue": 123368
        },
        "2020-08": {
            "month": "2020-08",
            "price": "16.63",
            "revenue": 108980
        },
        "2020-09": {
            "month": "2020-09",
            "price": "16.32",
            "revenue": 112401
        },
        "2020-10": {
            "month": "2020-10",
            "price": "15.92",
            "revenue": 83298
        },
        "2020-11": {
            "month": "2020-11",
            "price": "15.90",
            "revenue": 110424
        },
        "2020-12": {
            "month": "2020-12",
            "price": "15.93",
            "revenue": 139704
        },
        "2021-01": {
            "month": "2021-01",
            "price": "15.84",
            "revenue": 161782
        },
        "2021-02": {
            "month": "2021-02",
            "price": "15.84",
            "revenue": 127165
        },
        "2021-03": {
            "month": "2021-03",
            "price": "15.96",
            "revenue": 214647
        },
        "2021-04": {
            "month": "2021-04",
            "price": "16.75",
            "revenue": 192605
        },
        "2021-05": {
            "month": "2021-05",
            "price": "16.66",
            "revenue": 187023
        },
        "2021-06": {
            "month": "2021-06",
            "price": "17.27",
            "revenue": 168974
        },
        "2021-07": {
            "month": "2021-07",
            "price": "17.29",
            "revenue": 166713
        },
        "2021-08": {
            "month": "2021-08",
            "price": "16.73",
            "revenue": 158469
        },
        "2021-09": {
            "month": "2021-09",
            "price": "17.00",
            "revenue": 154866
        },
        "2021-10": {
            "month": "2021-10",
            "price": "18.76",
            "revenue": 149622
        },
        "2021-11": {
            "month": "2021-11",
            "price": "18.67",
            "revenue": 156566
        },
        "2021-12": {
            "month": "2021-12",
            "price": "19.24",
            "revenue": 174738
        },
        "2022-01": {
            "month": "2022-01",
            "price": "18.78",
            "revenue": 199865
        },
        "2022-02": {
            "month": "2022-02",
            "price": "18.83",
            "revenue": 154257
        },
        "2022-03": {
            "month": "2022-03",
            "price": "19.66",
            "revenue": 251472
        },
        "2022-04": {
            "month": "2022-04",
            "price": "20.67",
            "revenue": 243065
        },
        "2022-05": {
            "month": "2022-05",
            "price": "21.77",
            "revenue": 223516
        },
        "2022-06": {
            "month": "2022-06",
            "price": "21.56",
            "revenue": 165116
        },
        "2022-07": {
            "month": "2022-07",
            "price": "17.79",
            "revenue": 181010
        },
        "2022-08": {
            "month": "2022-08",
            "price": "19.75",
            "revenue": 177042
        },
        "2022-09": {
            "month": "2022-09",
            "price": "19.89",
            "revenue": 147666
        },
        "2022-10": {
            "month": "2022-10",
            "price": "18.56",
            "revenue": 119501
        },
        "2022-11": {
            "month": "2022-11",
            "price": "19.45",
            "revenue": 152021
        },
        "2022-12": {
            "month": "2022-12",
            "price": "19.49",
            "revenue": 172357
        },
        "2023-01": {
            "month": "2023-01",
            "price": "19.77",
            "revenue": 129788
        },
        "2023-02": {
            "month": "2023-02",
            "price": "20.52",
            "revenue": 164818
        },
        "2023-03": {
            "month": "2023-03",
            "price": "20.50",
            "revenue": 179246
        },
        "2023-04": {
            "month": "2023-04",
            "price": "19.74",
            "revenue": 117353
        },
        "2023-05": {
            "month": "2023-05",
            "price": "19.53",
            "revenue": 105694
        },
        "2023-06": {
            "month": "2023-06",
            "price": "19.54",
            "revenue": 115404
        },
        "2023-07": {
            "month": "2023-07",
            "price": "18.40",
            "revenue": 111657
        },
        "2023-08": {
            "month": "2023-08",
            "price": "17.90",
            "revenue": 142786
        },
        "2023-09": {
            "month": "2023-09",
            "price": "17.58",
            "revenue": 115161
        },
        "2023-10": {
            "month": "2023-10",
            "price": "17.20",
            "revenue": 121403
        },
        "2023-11": {
            "month": "2023-11",
            "price": "17.10",
            "revenue": 143300
        },
        "2023-12": {
            "month": "2023-12",
            "price": "17.35",
            "revenue": 139303
        },
        "2024-01": {
            "month": "2024-01",
            "price": "17.08",
            "revenue": 162095
        },
        "2024-02": {
            "month": "2024-02",
            "price": "17.26",
            "revenue": 134183
        }
    }
}
