{
    "summary": {
        "stock_name": "惠光",
        "stock_id": "6508",
        "category": "農業科技",
        "main_business": "植物保護劑之製造銷售<br>地工合成材料製造銷售",
        "website_url": "http://www.huikwang.com/index.php?c=index",
        "ceo": "陳冠華",
        "pe_ratio": 13,
        "report_year_from": 2001,
        "report_year_to": 2023,
        "age": 22,
        "eps_negative_percentage": 0,
        "eps_growth_avg": {
            "last_all": 7.51,
            "last_2y": 16.89,
            "last_4y": 21.14,
            "last_8y": 10.07,
            "last_12y": 12.24,
            "last_16y": 7.95,
            "last_20y": null,
            "at_2006_last_3y": -1.23,
            "at_2007_last_3y": 5.43,
            "at_2008_last_3y": 6.1,
            "at_2009_last_3y": -5.99,
            "at_2010_last_3y": 12.2,
            "at_2011_last_3y": 4.44,
            "at_2012_last_3y": 2.2,
            "at_2013_last_3y": 17.14,
            "at_2014_last_3y": 13.73,
            "at_2015_last_3y": 3.45,
            "at_2016_last_3y": 4.52,
            "at_2017_last_3y": -3.78,
            "at_2018_last_3y": -5.53,
            "at_2019_last_3y": 8.43,
            "at_2020_last_3y": 4.12,
            "at_2021_last_3y": 27.73,
            "at_2022_last_3y": 18.4,
            "at_2023_last_3y": 18.4,
            "at_2006_last_all": -1.23,
            "at_2007_last_all": 6.87,
            "at_2008_last_all": 6.58,
            "at_2009_last_all": -1.27,
            "at_2010_last_all": 5.48,
            "at_2011_last_all": 5.79,
            "at_2012_last_all": 4.83,
            "at_2013_last_all": 5.43,
            "at_2014_last_all": 8.23,
            "at_2015_last_all": 5.07,
            "at_2016_last_all": 4.74,
            "at_2017_last_all": 2.97,
            "at_2018_last_all": 4.79,
            "at_2019_last_all": 5.86,
            "at_2020_last_all": 4.6,
            "at_2021_last_all": 8.18,
            "at_2022_last_all": 7.51,
            "at_2023_last_all": 7.51
        },
        "latest_eps": 2.96,
        "latest_price": 37.15,
        "latest_roe": 11.06,
        "latest_gross_margin": 27.35,
        "latest_equity": 2374560,
        "latest_revenue": 469683,
        "latest_gross_profit": 128441,
        "latest_net_income": 36655,
        "latest_debt_ratio": 25.48,
        "latest_current_ratio": 320.26,
        "latest_account_receivable_turnover_ratio": 0.67,
        "latest_inventory_turnover_ratio": 0.38,
        "latest_reinvestment_rate": -1.49,
        "latest_research_to_sale_ratio": 1.98
    },
    "eps_dividends": {
        "2001": {
            "cash": 0,
            "stock": 0,
            "eps": 0
        },
        "2002": {
            "cash": 1,
            "stock": 1,
            "eps": 1.82
        },
        "2003": {
            "cash": 1,
            "stock": 1,
            "eps": 2.05
        },
        "2004": {
            "cash": 1,
            "stock": 1,
            "eps": 2.1
        },
        "2005": {
            "cash": 1,
            "stock": 1,
            "eps": 2.1
        },
        "2006": {
            "cash": 1,
            "stock": 0,
            "eps": 1.68
        },
        "2007": {
            "cash": 1,
            "stock": 0,
            "eps": 2.34
        },
        "2008": {
            "cash": 2,
            "stock": 0,
            "eps": 2.46
        },
        "2009": {
            "cash": 2,
            "stock": 0,
            "eps": 1.27
        },
        "2010": {
            "cash": 1,
            "stock": 0,
            "eps": 1.94
        },
        "2011": {
            "cash": 1,
            "stock": 0,
            "eps": 2.1
        },
        "2012": {
            "cash": 1,
            "stock": 0,
            "eps": 2.02
        },
        "2013": {
            "cash": 1,
            "stock": 0,
            "eps": 2.25
        },
        "2014": {
            "cash": 1,
            "stock": 0,
            "eps": 3.13
        },
        "2015": {
            "cash": 2,
            "stock": 0,
            "eps": 2.1
        },
        "2016": {
            "cash": 1,
            "stock": 0,
            "eps": 2.11
        },
        "2017": {
            "cash": 1,
            "stock": 0,
            "eps": 1.65
        },
        "2018": {
            "cash": 1,
            "stock": 0,
            "eps": 2.18
        },
        "2019": {
            "cash": 2,
            "stock": 0,
            "eps": 2.68
        },
        "2020": {
            "cash": 2,
            "stock": 0,
            "eps": 2.23
        },
        "2021": {
            "cash": 2,
            "stock": 0,
            "eps": 3.85
        },
        "2022": {
            "cash": 3,
            "stock": 0,
            "eps": 3.65
        },
        "2023": {
            "cash": 3,
            "stock": 0,
            "eps": 0.43
        }
    },
    "dividends": {
        "2002-04-22": {
            "cash": 0.5,
            "stock": 0.5
        },
        "2003-06-26": {
            "cash": 0.5,
            "stock": 1
        },
        "2004-03-25": {
            "cash": 1,
            "stock": 0.5
        },
        "2005-04-08": {
            "cash": 1,
            "stock": 0.5
        },
        "2006-04-17": {
            "cash": 1,
            "stock": 0.2
        },
        "2007-04-05": {
            "cash": 1,
            "stock": 0.2
        },
        "2008-04-21": {
            "cash": 1.5,
            "stock": 0.1
        },
        "2009-03-25": {
            "cash": 1.5,
            "stock": 0.1
        },
        "2010-03-25": {
            "cash": 0.9,
            "stock": 0.1
        },
        "2011-06-28": {
            "cash": 1.3,
            "stock": 0.2
        },
        "2012-06-26": {
            "cash": 1.3,
            "stock": 0.2
        },
        "2013-06-27": {
            "cash": 1.3,
            "stock": 0.2
        },
        "2014-10-15": {
            "cash": 1.4,
            "stock": 0.2
        },
        "2015-10-16": {
            "cash": 1.8,
            "stock": 0.2
        },
        "2016-10-14": {
            "cash": 1.3,
            "stock": 0.2
        },
        "2017-10-02": {
            "cash": 1.3,
            "stock": 0.2
        },
        "2018-10-05": {
            "cash": 1.35,
            "stock": 0.1
        },
        "2019-09-16": {
            "cash": 1.5,
            "stock": 0
        },
        "2020-09-17": {
            "cash": 1.8,
            "stock": 0
        },
        "2021-09-17": {
            "cash": 1.6,
            "stock": 0
        },
        "2022-10-21": {
            "cash": 3,
            "stock": 0
        },
        "2023-03-27": {
            "cash": 2.7,
            "stock": 0
        }
    },
    "prices": {
        "200101": "無",
        "200102": "無",
        "200103": "無",
        "200104": "無",
        "200105": "無",
        "200106": "無",
        "200107": "無",
        "200108": "無",
        "200109": "無",
        "200110": "無",
        "200111": "無",
        "200112": "無",
        "200201": "無",
        "200202": "無",
        "200203": "無",
        "200204": "無",
        "200205": "無",
        "200206": "無",
        "200207": "無",
        "200208": "無",
        "200209": "無",
        "200210": "無",
        "200211": "無",
        "200212": "無",
        "200301": "無",
        "200302": "無",
        "200303": "無",
        "200304": "無",
        "200305": "無",
        "200306": "無",
        "200307": "無",
        "200308": "無",
        "200309": "無",
        "200310": "29.00",
        "200311": "30.17",
        "200312": "31.12",
        "200401": "31.36",
        "200402": "36.55",
        "200403": "29.88",
        "200404": "30.42",
        "200405": "29.29",
        "200406": "28.27",
        "200407": "27.79",
        "200408": "27.73",
        "200409": "24.92",
        "200410": "26.54",
        "200411": "26.41",
        "200412": "25.31",
        "200501": "23.18",
        "200502": "24.41",
        "200503": "23.65",
        "200504": "23.77",
        "200505": "22.97",
        "200506": "22.93",
        "200507": "24.54",
        "200508": "26.39",
        "200509": "24.51",
        "200510": "22.55",
        "200511": "21.24",
        "200512": "21.38",
        "200601": "21.48",
        "200602": "21.15",
        "200603": "19.72",
        "200604": "18.99",
        "200605": "18.89",
        "200606": "18.34",
        "200607": "18.23",
        "200608": "18.35",
        "200609": "18.18",
        "200610": "18.60",
        "200611": "19.88",
        "200612": "20.69",
        "200701": "20.84",
        "200702": "20.35",
        "200703": "21.25",
        "200704": "24.72",
        "200705": "29.83",
        "200706": "39.59",
        "200707": "51.97",
        "200708": "41.77",
        "200709": "39.34",
        "200710": "35.75",
        "200711": "29.15",
        "200712": "27.04",
        "200801": "29.30",
        "200802": "30.11",
        "200803": "31.00",
        "200804": "40.28",
        "200805": "46.20",
        "200806": "39.31",
        "200807": "37.12",
        "200808": "30.55",
        "200809": "23.85",
        "200810": "18.67",
        "200811": "20.66",
        "200812": "20.13",
        "200901": "19.69",
        "200902": "22.36",
        "200903": "25.98",
        "200904": "29.48",
        "200905": "28.37",
        "200906": "27.05",
        "200907": "25.73",
        "200908": "25.38",
        "200909": "25.54",
        "200910": "25.57",
        "200911": "25.69",
        "200912": "27.06",
        "201001": "30.18",
        "201002": "26.73",
        "201003": "29.42",
        "201004": "30.99",
        "201005": "31.38",
        "201006": "27.77",
        "201007": "29.53",
        "201008": "37.72",
        "201009": "39.64",
        "201010": "38.88",
        "201011": "33.75",
        "201012": "35.08",
        "201101": "36.10",
        "201102": "36.72",
        "201103": "33.82",
        "201104": "34.89",
        "201105": "34.20",
        "201106": "33.12",
        "201107": "32.04",
        "201108": "28.46",
        "201109": "25.91",
        "201110": "24.57",
        "201111": "24.82",
        "201112": "23.75",
        "201201": "24.37",
        "201202": "28.16",
        "201203": "29.00",
        "201204": "27.69",
        "201205": "28.05",
        "201206": "26.95",
        "201207": "28.00",
        "201208": "30.14",
        "201209": "30.35",
        "201210": "27.81",
        "201211": "26.58",
        "201212": "27.78",
        "201301": "27.88",
        "201302": "28.53",
        "201303": "29.35",
        "201304": "28.10",
        "201305": "28.15",
        "201306": "28.23",
        "201307": "28.49",
        "201308": "29.15",
        "201309": "28.98",
        "201310": "28.85",
        "201311": "29.04",
        "201312": "29.56",
        "201401": "29.84",
        "201402": "29.89",
        "201403": "34.17",
        "201404": "32.86",
        "201405": "35.12",
        "201406": "38.22",
        "201407": "36.56",
        "201408": "36.99",
        "201409": "33.81",
        "201410": "32.08",
        "201411": "32.69",
        "201412": "33.50",
        "201501": "34.38",
        "201502": "34.85",
        "201503": "35.29",
        "201504": "34.63",
        "201505": "32.60",
        "201506": "31.24",
        "201507": "30.51",
        "201508": "27.70",
        "201509": "27.73",
        "201510": "27.92",
        "201511": "28.30",
        "201512": "26.87",
        "201601": "24.96",
        "201602": "25.67",
        "201603": "26.57",
        "201604": "26.13",
        "201605": "26.15",
        "201606": "26.51",
        "201607": "27.10",
        "201608": "27.95",
        "201609": "26.70",
        "201610": "26.36",
        "201611": "25.27",
        "201612": "25.76",
        "201701": "26.01",
        "201702": "27.25",
        "201703": "27.72",
        "201704": "27.98",
        "201705": "26.72",
        "201706": "26.87",
        "201707": "26.89",
        "201708": "26.92",
        "201709": "25.92",
        "201710": "26.35",
        "201711": "26.59",
        "201712": "26.23",
        "201801": "27.10",
        "201802": "26.68",
        "201803": "27.02",
        "201804": "27.10",
        "201805": "26.87",
        "201806": "26.97",
        "201807": "27.21",
        "201808": "27.91",
        "201809": "27.12",
        "201810": "26.06",
        "201811": "25.98",
        "201812": "26.30",
        "201901": "26.72",
        "201902": "27.51",
        "201903": "28.08",
        "201904": "28.24",
        "201905": "29.31",
        "201906": "29.47",
        "201907": "29.31",
        "201908": "29.10",
        "201909": "29.48",
        "201910": "30.11",
        "201911": "30.42",
        "201912": "30.17",
        "202001": "29.55",
        "202002": "29.36",
        "202003": "28.09",
        "202004": "28.61",
        "202005": "32.68",
        "202006": "33.14",
        "202007": "32.52",
        "202008": "32.12",
        "202009": "29.76",
        "202010": "28.82",
        "202011": "29.39",
        "202012": "30.39",
        "202101": "30.00",
        "202102": "29.86",
        "202103": "30.59",
        "202104": "31.14",
        "202105": "30.05",
        "202106": "29.97",
        "202107": "30.58",
        "202108": "30.43",
        "202109": "30.08",
        "202110": "33.38",
        "202111": "33.40",
        "202112": "32.88",
        "202201": "32.19",
        "202202": "33.62",
        "202203": "36.71",
        "202204": "53.97",
        "202205": "48.21",
        "202206": "41.45",
        "202207": "40.14",
        "202208": "46.13",
        "202209": "46.63",
        "202210": "37.50",
        "202211": "36.84",
        "202212": "37.02",
        "202301": "36.07",
        "202302": "37.81",
        "202303": "39.57",
        "202304": "39.18",
        "202305": "37.76"
    },
    "quarters": {
        "20011": {
            "year_quarter": 20011,
            "year": 2001,
            "quarter": 1,
            "eps": null,
            "eps_growth_year": null,
            "eps_4q": null,
            "eps_4q_growth_year": null,
            "roe": null,
            "roe_4q": 0,
            "gross_profit": null,
            "gross_margin": null,
            "gross_margin_4q_avg": 0,
            "net_income": null,
            "revenue": null,
            "common_shares": null,
            "book_valuer_per_share": null,
            "book_valuer_per_share_4q_avg": 0,
            "equity": null,
            "current_ratio": null,
            "debt_ratio": null,
            "inventory_turnover_ratio": null,
            "account_receivable_turnover_ratio": null,
            "reinvestment_rate": null,
            "research_to_sale_ratio": null,
            "price_fair": 0,
            "eps_avg_yearly": 0,
            "eps_latest_yearly": 0,
            "eps_growth_yearly": 0
        },
        "20012": {
            "year_quarter": 20012,
            "year": 2001,
            "quarter": 2,
            "eps": null,
            "eps_growth_year": null,
            "eps_4q": null,
            "eps_4q_growth_year": null,
            "roe": null,
            "roe_4q": 0,
            "gross_profit": null,
            "gross_margin": null,
            "gross_margin_4q_avg": 0,
            "net_income": null,
            "revenue": null,
            "common_shares": null,
            "book_valuer_per_share": null,
            "book_valuer_per_share_4q_avg": 0,
            "equity": null,
            "current_ratio": null,
            "debt_ratio": null,
            "inventory_turnover_ratio": null,
            "account_receivable_turnover_ratio": null,
            "reinvestment_rate": null,
            "research_to_sale_ratio": null,
            "price_fair": 0,
            "eps_avg_yearly": 0,
            "eps_latest_yearly": 0,
            "eps_growth_yearly": 0
        },
        "20013": {
            "year_quarter": 20013,
            "year": 2001,
            "quarter": 3,
            "eps": null,
            "eps_growth_year": null,
            "eps_4q": null,
            "eps_4q_growth_year": null,
            "roe": null,
            "roe_4q": 0,
            "gross_profit": null,
            "gross_margin": null,
            "gross_margin_4q_avg": 0,
            "net_income": null,
            "revenue": null,
            "common_shares": null,
            "book_valuer_per_share": null,
            "book_valuer_per_share_4q_avg": 0,
            "equity": null,
            "current_ratio": null,
            "debt_ratio": null,
            "inventory_turnover_ratio": null,
            "account_receivable_turnover_ratio": null,
            "reinvestment_rate": null,
            "research_to_sale_ratio": null,
            "price_fair": 0,
            "eps_avg_yearly": 0,
            "eps_latest_yearly": 0,
            "eps_growth_yearly": 0
        },
        "20014": {
            "year_quarter": 20014,
            "year": 2001,
            "quarter": 4,
            "eps": null,
            "eps_growth_year": null,
            "eps_4q": null,
            "eps_4q_growth_year": null,
            "roe": null,
            "roe_4q": 0,
            "gross_profit": null,
            "gross_margin": null,
            "gross_margin_4q_avg": 0,
            "net_income": null,
            "revenue": null,
            "common_shares": 466279,
            "book_valuer_per_share": 16.02,
            "book_valuer_per_share_4q_avg": 4.01,
            "equity": 746891,
            "current_ratio": 325.41,
            "debt_ratio": 28.79,
            "inventory_turnover_ratio": null,
            "account_receivable_turnover_ratio": null,
            "reinvestment_rate": null,
            "research_to_sale_ratio": null,
            "price_fair": 0,
            "eps_avg_yearly": 0,
            "eps_latest_yearly": 0,
            "eps_growth_yearly": 0
        },
        "20021": {
            "year_quarter": 20021,
            "year": 2002,
            "quarter": 1,
            "eps": 0.42,
            "eps_growth_year": null,
            "eps_4q": null,
            "eps_4q_growth_year": null,
            "roe": 2.61,
            "roe_4q": 2.61,
            "gross_profit": 41907,
            "gross_margin": 25.38,
            "gross_margin_4q_avg": 6.35,
            "net_income": 19768,
            "revenue": 165130,
            "common_shares": 466279,
            "book_valuer_per_share": 16.44,
            "book_valuer_per_share_4q_avg": 8.12,
            "equity": 766659,
            "current_ratio": 290.76,
            "debt_ratio": 31.11,
            "inventory_turnover_ratio": 0.47,
            "account_receivable_turnover_ratio": null,
            "reinvestment_rate": null,
            "research_to_sale_ratio": null,
            "price_fair": 0,
            "eps_avg_yearly": 0,
            "eps_latest_yearly": 0,
            "eps_growth_yearly": 0
        },
        "20022": {
            "year_quarter": 20022,
            "year": 2002,
            "quarter": 2,
            "eps": 0.65,
            "eps_growth_year": null,
            "eps_4q": null,
            "eps_4q_growth_year": null,
            "roe": 3.95,
            "roe_4q": 6.5600000000000005,
            "gross_profit": 60835,
            "gross_margin": 29.43,
            "gross_margin_4q_avg": 13.7,
            "net_income": 30432,
            "revenue": 206709,
            "common_shares": 466279,
            "book_valuer_per_share": 16.56,
            "book_valuer_per_share_4q_avg": 12.26,
            "equity": 772335,
            "current_ratio": 247.9,
            "debt_ratio": 35.12,
            "inventory_turnover_ratio": 0.58,
            "account_receivable_turnover_ratio": null,
            "reinvestment_rate": null,
            "research_to_sale_ratio": null,
            "price_fair": 91,
            "eps_avg_yearly": 2.6,
            "eps_latest_yearly": 2.6,
            "eps_growth_yearly": 219.05
        },
        "20023": {
            "year_quarter": 20023,
            "year": 2002,
            "quarter": 3,
            "eps": 0.4,
            "eps_growth_year": null,
            "eps_4q": null,
            "eps_4q_growth_year": null,
            "roe": 2.39,
            "roe_4q": 8.95,
            "gross_profit": 46581,
            "gross_margin": 27.62,
            "gross_margin_4q_avg": 20.61,
            "net_income": 18680,
            "revenue": 168622,
            "common_shares": 466279,
            "book_valuer_per_share": 16.96,
            "book_valuer_per_share_4q_avg": 16.5,
            "equity": 791015,
            "current_ratio": 306.17,
            "debt_ratio": 28.71,
            "inventory_turnover_ratio": 0.48,
            "account_receivable_turnover_ratio": null,
            "reinvestment_rate": null,
            "research_to_sale_ratio": null,
            "price_fair": 73.5,
            "eps_avg_yearly": 2.1,
            "eps_latest_yearly": 1.6,
            "eps_growth_yearly": 32.6
        },
        "20024": {
            "year_quarter": 20024,
            "year": 2002,
            "quarter": 4,
            "eps": 0.35,
            "eps_growth_year": null,
            "eps_4q": 1.77,
            "eps_4q_growth_year": null,
            "roe": 1.9,
            "roe_4q": 10.85,
            "gross_profit": 41361,
            "gross_margin": 27.43,
            "gross_margin_4q_avg": 27.47,
            "net_income": 17027,
            "revenue": 150811,
            "common_shares": 489593,
            "book_valuer_per_share": 16.5,
            "book_valuer_per_share_4q_avg": 16.62,
            "equity": 1003762,
            "current_ratio": 270.26,
            "debt_ratio": 28.82,
            "inventory_turnover_ratio": 0.38,
            "account_receivable_turnover_ratio": null,
            "reinvestment_rate": null,
            "research_to_sale_ratio": null,
            "price_fair": 28.13,
            "eps_avg_yearly": 1.87,
            "eps_latest_yearly": 1.4,
            "eps_growth_yearly": 5.07
        },
        "20031": {
            "year_quarter": 20031,
            "year": 2003,
            "quarter": 1,
            "eps": 0.44,
            "eps_growth_year": 4.76,
            "eps_4q": 1.78,
            "eps_4q_growth_year": null,
            "roe": 2.37,
            "roe_4q": 10.61,
            "gross_profit": 44919,
            "gross_margin": 25.34,
            "gross_margin_4q_avg": 27.46,
            "net_income": 21718,
            "revenue": 177232,
            "common_shares": 489593,
            "book_valuer_per_share": 16.94,
            "book_valuer_per_share_4q_avg": 16.74,
            "equity": 829532,
            "current_ratio": 204.17,
            "debt_ratio": 32.34,
            "inventory_turnover_ratio": 0.47,
            "account_receivable_turnover_ratio": null,
            "reinvestment_rate": null,
            "research_to_sale_ratio": null,
            "price_fair": 64.4,
            "eps_avg_yearly": 1.84,
            "eps_latest_yearly": 1.76,
            "eps_growth_yearly": 29.51
        },
        "20032": {
            "year_quarter": 20032,
            "year": 2003,
            "quarter": 2,
            "eps": 0.76,
            "eps_growth_year": 16.92,
            "eps_4q": 1.83,
            "eps_4q_growth_year": null,
            "roe": 4.87,
            "roe_4q": 11.530000000000001,
            "gross_profit": 59371,
            "gross_margin": 20.39,
            "gross_margin_4q_avg": 25.2,
            "net_income": 40713,
            "revenue": 291208,
            "common_shares": 489593,
            "book_valuer_per_share": 17.21,
            "book_valuer_per_share_4q_avg": 16.9,
            "equity": 842608,
            "current_ratio": 184.37,
            "debt_ratio": 35.33,
            "inventory_turnover_ratio": 0.92,
            "account_receivable_turnover_ratio": null,
            "reinvestment_rate": null,
            "research_to_sale_ratio": null,
            "price_fair": 72.8,
            "eps_avg_yearly": 2.08,
            "eps_latest_yearly": 3.04,
            "eps_growth_yearly": 81.79
        },
        "20033": {
            "year_quarter": 20033,
            "year": 2003,
            "quarter": 3,
            "eps": 0.49,
            "eps_growth_year": 22.5,
            "eps_4q": 1.95,
            "eps_4q_growth_year": null,
            "roe": 3.12,
            "roe_4q": 12.26,
            "gross_profit": 45549,
            "gross_margin": 25.3,
            "gross_margin_4q_avg": 24.62,
            "net_income": 26622,
            "revenue": 180065,
            "common_shares": 538552,
            "book_valuer_per_share": 16.06,
            "book_valuer_per_share_4q_avg": 16.68,
            "equity": 864707,
            "current_ratio": 205.91,
            "debt_ratio": 31.93,
            "inventory_turnover_ratio": 0.54,
            "account_receivable_turnover_ratio": null,
            "reinvestment_rate": null,
            "research_to_sale_ratio": null,
            "price_fair": 72.1,
            "eps_avg_yearly": 2.06,
            "eps_latest_yearly": 1.96,
            "eps_growth_yearly": 44.48
        },
        "20034": {
            "year_quarter": 20034,
            "year": 2003,
            "quarter": 4,
            "eps": 0.36,
            "eps_growth_year": 2.86,
            "eps_4q": 2.04,
            "eps_4q_growth_year": 15.26,
            "roe": 2.16,
            "roe_4q": 12.52,
            "gross_profit": 44810,
            "gross_margin": 24.01,
            "gross_margin_4q_avg": 23.76,
            "net_income": 19135,
            "revenue": 186640,
            "common_shares": 538552,
            "book_valuer_per_share": 16.42,
            "book_valuer_per_share_4q_avg": 16.66,
            "equity": 910055,
            "current_ratio": 219.56,
            "debt_ratio": 33.19,
            "inventory_turnover_ratio": 0.48,
            "account_receivable_turnover_ratio": null,
            "reinvestment_rate": null,
            "research_to_sale_ratio": null,
            "price_fair": 64.98,
            "eps_avg_yearly": 1.97,
            "eps_latest_yearly": 1.44,
            "eps_growth_yearly": 22.96
        },
        "20041": {
            "year_quarter": 20041,
            "year": 2004,
            "quarter": 1,
            "eps": 0.45,
            "eps_growth_year": 2.27,
            "eps_4q": 2.04,
            "eps_4q_growth_year": 14.71,
            "roe": 2.7,
            "roe_4q": 12.850000000000001,
            "gross_profit": 51338,
            "gross_margin": 22.52,
            "gross_margin_4q_avg": 23.06,
            "net_income": 24446,
            "revenue": 227970,
            "common_shares": 538552,
            "book_valuer_per_share": 16.75,
            "book_valuer_per_share_4q_avg": 16.61,
            "equity": 902278,
            "current_ratio": 206.34,
            "debt_ratio": 30.86,
            "inventory_turnover_ratio": 0.58,
            "account_receivable_turnover_ratio": null,
            "reinvestment_rate": null,
            "research_to_sale_ratio": null,
            "price_fair": 68.25,
            "eps_avg_yearly": 1.95,
            "eps_latest_yearly": 1.8,
            "eps_growth_yearly": 32.59
        },
        "20042": {
            "year_quarter": 20042,
            "year": 2004,
            "quarter": 2,
            "eps": 0.48,
            "eps_growth_year": -36.84,
            "eps_4q": 1.73,
            "eps_4q_growth_year": -5.7,
            "roe": 3.03,
            "roe_4q": 11.010000000000002,
            "gross_profit": 52643,
            "gross_margin": 21.46,
            "gross_margin_4q_avg": 23.32,
            "net_income": 27011,
            "revenue": 245292,
            "common_shares": 538552,
            "book_valuer_per_share": 16.32,
            "book_valuer_per_share_4q_avg": 16.39,
            "equity": 879081,
            "current_ratio": 153.71,
            "debt_ratio": 37.54,
            "inventory_turnover_ratio": 0.78,
            "account_receivable_turnover_ratio": null,
            "reinvestment_rate": null,
            "research_to_sale_ratio": null,
            "price_fair": 68.13,
            "eps_avg_yearly": 1.95,
            "eps_latest_yearly": 1.92,
            "eps_growth_yearly": 31.93
        },
        "20043": {
            "year_quarter": 20043,
            "year": 2004,
            "quarter": 3,
            "eps": 0.38,
            "eps_growth_year": -22.45,
            "eps_4q": 1.63,
            "eps_4q_growth_year": -16.45,
            "roe": 2.41,
            "roe_4q": 10.3,
            "gross_profit": 52913,
            "gross_margin": 22.21,
            "gross_margin_4q_avg": 22.55,
            "net_income": 21438,
            "revenue": 238210,
            "common_shares": 566313,
            "book_valuer_per_share": 15.93,
            "book_valuer_per_share_4q_avg": 16.36,
            "equity": 902325,
            "current_ratio": 150.77,
            "debt_ratio": 38.19,
            "inventory_turnover_ratio": 0.7,
            "account_receivable_turnover_ratio": null,
            "reinvestment_rate": null,
            "research_to_sale_ratio": null,
            "price_fair": 57.9,
            "eps_avg_yearly": 1.9,
            "eps_latest_yearly": 1.52,
            "eps_growth_yearly": 20.41
        },
        "20044": {
            "year_quarter": 20044,
            "year": 2004,
            "quarter": 4,
            "eps": 0.79,
            "eps_growth_year": 119.44,
            "eps_4q": 2.08,
            "eps_4q_growth_year": 2.06,
            "roe": 4.88,
            "roe_4q": 13.02,
            "gross_profit": 57236,
            "gross_margin": 21.2,
            "gross_margin_4q_avg": 21.85,
            "net_income": 44734,
            "revenue": 270012,
            "common_shares": 566313,
            "book_valuer_per_share": 16.38,
            "book_valuer_per_share_4q_avg": 16.35,
            "equity": 930990,
            "current_ratio": 169.2,
            "debt_ratio": 38.94,
            "inventory_turnover_ratio": 0.58,
            "account_receivable_turnover_ratio": null,
            "reinvestment_rate": null,
            "research_to_sale_ratio": null,
            "price_fair": 70.64,
            "eps_avg_yearly": 2.02,
            "eps_latest_yearly": 3.16,
            "eps_growth_yearly": 57.79
        },
        "20051": {
            "year_quarter": 20051,
            "year": 2005,
            "quarter": 1,
            "eps": 0.61,
            "eps_growth_year": 35.56,
            "eps_4q": 2.26,
            "eps_4q_growth_year": 10.75,
            "roe": 3.59,
            "roe_4q": 13.909999999999998,
            "gross_profit": 43848,
            "gross_margin": 17.57,
            "gross_margin_4q_avg": 20.61,
            "net_income": 34423,
            "revenue": 249554,
            "common_shares": 566313,
            "book_valuer_per_share": 17.39,
            "book_valuer_per_share_4q_avg": 16.51,
            "equity": 984831,
            "current_ratio": 156.14,
            "debt_ratio": 35.31,
            "inventory_turnover_ratio": 0.48,
            "account_receivable_turnover_ratio": null,
            "reinvestment_rate": null,
            "research_to_sale_ratio": null,
            "price_fair": 71.87,
            "eps_avg_yearly": 2.05,
            "eps_latest_yearly": 2.44,
            "eps_growth_yearly": 45.38
        },
        "20052": {
            "year_quarter": 20052,
            "year": 2005,
            "quarter": 2,
            "eps": 0.62,
            "eps_growth_year": 29.17,
            "eps_4q": 2.39,
            "eps_4q_growth_year": 38.37,
            "roe": 3.62,
            "roe_4q": 14.5,
            "gross_profit": 81490,
            "gross_margin": 22.27,
            "gross_margin_4q_avg": 20.81,
            "net_income": 35229,
            "revenue": 365904,
            "common_shares": 566313,
            "book_valuer_per_share": 16.99,
            "book_valuer_per_share_4q_avg": 16.67,
            "equity": 962074,
            "current_ratio": 150.23,
            "debt_ratio": 37.09,
            "inventory_turnover_ratio": 0.7,
            "account_receivable_turnover_ratio": null,
            "reinvestment_rate": null,
            "research_to_sale_ratio": null,
            "price_fair": 73.02,
            "eps_avg_yearly": 2.09,
            "eps_latest_yearly": 2.48,
            "eps_growth_yearly": 42.39
        },
        "20053": {
            "year_quarter": 20053,
            "year": 2005,
            "quarter": 3,
            "eps": 0.26,
            "eps_growth_year": -31.58,
            "eps_4q": 2.2,
            "eps_4q_growth_year": 34.78,
            "roe": 1.57,
            "roe_4q": 13.66,
            "gross_profit": 53077,
            "gross_margin": 20.14,
            "gross_margin_4q_avg": 20.3,
            "net_income": 15341,
            "revenue": 263513,
            "common_shares": 596398,
            "book_valuer_per_share": 16.71,
            "book_valuer_per_share_4q_avg": 16.87,
            "equity": 996658,
            "current_ratio": 160.36,
            "debt_ratio": 34.05,
            "inventory_turnover_ratio": 0.54,
            "account_receivable_turnover_ratio": null,
            "reinvestment_rate": null,
            "research_to_sale_ratio": null,
            "price_fair": 65.92,
            "eps_avg_yearly": 2.01,
            "eps_latest_yearly": 1.04,
            "eps_growth_yearly": 22.77
        },
        "20054": {
            "year_quarter": 20054,
            "year": 2005,
            "quarter": 4,
            "eps": 0.61,
            "eps_growth_year": -22.78,
            "eps_4q": 2.03,
            "eps_4q_growth_year": -2.05,
            "roe": 3.58,
            "roe_4q": 12.36,
            "gross_profit": 69330,
            "gross_margin": 22.47,
            "gross_margin_4q_avg": 20.61,
            "net_income": 36392,
            "revenue": 308525,
            "common_shares": 596398,
            "book_valuer_per_share": 17.32,
            "book_valuer_per_share_4q_avg": 17.1,
            "equity": 1036562,
            "current_ratio": 222.25,
            "debt_ratio": 29.63,
            "inventory_turnover_ratio": 0.58,
            "account_receivable_turnover_ratio": null,
            "reinvestment_rate": 49.29,
            "research_to_sale_ratio": null,
            "price_fair": 71.4,
            "eps_avg_yearly": 2.04,
            "eps_latest_yearly": 2.44,
            "eps_growth_yearly": 57.15
        },
        "20061": {
            "year_quarter": 20061,
            "year": 2006,
            "quarter": 1,
            "eps": 0.44,
            "eps_growth_year": -27.87,
            "eps_4q": 1.91,
            "eps_4q_growth_year": -15.5,
            "roe": 2.48,
            "roe_4q": 11.25,
            "gross_profit": 54111,
            "gross_margin": 18.39,
            "gross_margin_4q_avg": 20.82,
            "net_income": 26015,
            "revenue": 294230,
            "common_shares": 596398,
            "book_valuer_per_share": 17.77,
            "book_valuer_per_share_4q_avg": 17.2,
            "equity": 1059821,
            "current_ratio": 205.97,
            "debt_ratio": 26.87,
            "inventory_turnover_ratio": 0.62,
            "account_receivable_turnover_ratio": null,
            "reinvestment_rate": 23.04,
            "research_to_sale_ratio": null,
            "price_fair": 70.79,
            "eps_avg_yearly": 2.02,
            "eps_latest_yearly": 1.76,
            "eps_growth_yearly": 46.61
        },
        "20062": {
            "year_quarter": 20062,
            "year": 2006,
            "quarter": 2,
            "eps": 0.55,
            "eps_growth_year": -11.29,
            "eps_4q": 1.86,
            "eps_4q_growth_year": -22.24,
            "roe": 3.12,
            "roe_4q": 10.75,
            "gross_profit": 64736,
            "gross_margin": 19.45,
            "gross_margin_4q_avg": 20.11,
            "net_income": 32674,
            "revenue": 332893,
            "common_shares": 596398,
            "book_valuer_per_share": 17.3,
            "book_valuer_per_share_4q_avg": 17.28,
            "equity": 1031757,
            "current_ratio": 182.11,
            "debt_ratio": 29.86,
            "inventory_turnover_ratio": 0.79,
            "account_receivable_turnover_ratio": null,
            "reinvestment_rate": 24.2,
            "research_to_sale_ratio": null,
            "price_fair": 69.91,
            "eps_avg_yearly": 2,
            "eps_latest_yearly": 2.2,
            "eps_growth_yearly": 39.17
        },
        "20063": {
            "year_quarter": 20063,
            "year": 2006,
            "quarter": 3,
            "eps": 0.58,
            "eps_growth_year": 123.08,
            "eps_4q": 2.17,
            "eps_4q_growth_year": -1.2,
            "roe": 3.29,
            "roe_4q": 12.47,
            "gross_profit": 72584,
            "gross_margin": 19.79,
            "gross_margin_4q_avg": 20.03,
            "net_income": 34635,
            "revenue": 366719,
            "common_shares": 596398,
            "book_valuer_per_share": 18.04,
            "book_valuer_per_share_4q_avg": 17.61,
            "equity": 1075734,
            "current_ratio": 190.81,
            "debt_ratio": 28.76,
            "inventory_turnover_ratio": 0.86,
            "account_receivable_turnover_ratio": null,
            "reinvestment_rate": 25.23,
            "research_to_sale_ratio": null,
            "price_fair": 71.49,
            "eps_avg_yearly": 2.04,
            "eps_latest_yearly": 2.32,
            "eps_growth_yearly": 50.15
        },
        "20064": {
            "year_quarter": 20064,
            "year": 2006,
            "quarter": 4,
            "eps": 0.11,
            "eps_growth_year": -81.97,
            "eps_4q": 1.58,
            "eps_4q_growth_year": -22.4,
            "roe": 0.65,
            "roe_4q": 9.540000000000001,
            "gross_profit": 44224,
            "gross_margin": 15.32,
            "gross_margin_4q_avg": 18.24,
            "net_income": 6989,
            "revenue": 288692,
            "common_shares": 609817,
            "book_valuer_per_share": 17.78,
            "book_valuer_per_share_4q_avg": 17.72,
            "equity": 1087577,
            "current_ratio": 222.64,
            "debt_ratio": 29.52,
            "inventory_turnover_ratio": 0.62,
            "account_receivable_turnover_ratio": null,
            "reinvestment_rate": 29.75,
            "research_to_sale_ratio": null,
            "price_fair": 69.39,
            "eps_avg_yearly": 1.98,
            "eps_latest_yearly": 0.44,
            "eps_growth_yearly": 33.02
        },
        "20071": {
            "year_quarter": 20071,
            "year": 2007,
            "quarter": 1,
            "eps": 0.65,
            "eps_growth_year": 47.73,
            "eps_4q": 1.86,
            "eps_4q_growth_year": -2.62,
            "roe": 3.59,
            "roe_4q": 10.65,
            "gross_profit": 69049,
            "gross_margin": 21.76,
            "gross_margin_4q_avg": 19.08,
            "net_income": 39885,
            "revenue": 317286,
            "common_shares": 609817,
            "book_valuer_per_share": 18.59,
            "book_valuer_per_share_4q_avg": 17.93,
            "equity": 1133704,
            "current_ratio": 187.26,
            "debt_ratio": 28.89,
            "inventory_turnover_ratio": 0.6,
            "account_receivable_turnover_ratio": null,
            "reinvestment_rate": 31.64,
            "research_to_sale_ratio": null,
            "price_fair": 71.23,
            "eps_avg_yearly": 2.04,
            "eps_latest_yearly": 2.6,
            "eps_growth_yearly": 149.32
        },
        "20072": {
            "year_quarter": 20072,
            "year": 2007,
            "quarter": 2,
            "eps": 0.7,
            "eps_growth_year": 27.27,
            "eps_4q": 2.04,
            "eps_4q_growth_year": 9.53,
            "roe": 3.8,
            "roe_4q": 11.329999999999998,
            "gross_profit": 76235,
            "gross_margin": 20.63,
            "gross_margin_4q_avg": 19.38,
            "net_income": 42713,
            "revenue": 369499,
            "common_shares": 609817,
            "book_valuer_per_share": 18.31,
            "book_valuer_per_share_4q_avg": 18.18,
            "equity": 1116600,
            "current_ratio": 142.29,
            "debt_ratio": 35.6,
            "inventory_turnover_ratio": 0.8,
            "account_receivable_turnover_ratio": null,
            "reinvestment_rate": 46.59,
            "research_to_sale_ratio": null,
            "price_fair": 70.7,
            "eps_avg_yearly": 2.02,
            "eps_latest_yearly": 2.8,
            "eps_growth_yearly": 133.06
        },
        "20073": {
            "year_quarter": 20073,
            "year": 2007,
            "quarter": 3,
            "eps": 0.72,
            "eps_growth_year": 24.14,
            "eps_4q": 2.15,
            "eps_4q_growth_year": -1.1,
            "roe": 3.94,
            "roe_4q": 11.98,
            "gross_profit": 76118,
            "gross_margin": 20.04,
            "gross_margin_4q_avg": 19.44,
            "net_income": 45156,
            "revenue": 379848,
            "common_shares": 624349,
            "book_valuer_per_share": 18.82,
            "book_valuer_per_share_4q_avg": 18.38,
            "equity": 1175266,
            "current_ratio": 144.65,
            "debt_ratio": 36.25,
            "inventory_turnover_ratio": 0.85,
            "account_receivable_turnover_ratio": null,
            "reinvestment_rate": 48.28,
            "research_to_sale_ratio": null,
            "price_fair": 72.71,
            "eps_avg_yearly": 2.08,
            "eps_latest_yearly": 2.88,
            "eps_growth_yearly": 142.65
        },
        "20074": {
            "year_quarter": 20074,
            "year": 2007,
            "quarter": 4,
            "eps": 0.27,
            "eps_growth_year": 145.45,
            "eps_4q": 2.24,
            "eps_4q_growth_year": 42.02,
            "roe": 1.36,
            "roe_4q": 12.69,
            "gross_profit": 72961,
            "gross_margin": 19.16,
            "gross_margin_4q_avg": 20.4,
            "net_income": 17489,
            "revenue": 380829,
            "common_shares": 684349,
            "book_valuer_per_share": 20.31,
            "book_valuer_per_share_4q_avg": 19.01,
            "equity": 1389629,
            "current_ratio": 232.64,
            "debt_ratio": 27.46,
            "inventory_turnover_ratio": 0.67,
            "account_receivable_turnover_ratio": null,
            "reinvestment_rate": 65.44,
            "research_to_sale_ratio": null,
            "price_fair": 71.93,
            "eps_avg_yearly": 2.06,
            "eps_latest_yearly": 1.08,
            "eps_growth_yearly": 133.66
        },
        "20081": {
            "year_quarter": 20081,
            "year": 2008,
            "quarter": 1,
            "eps": 0.77,
            "eps_growth_year": 18.46,
            "eps_4q": 2.31,
            "eps_4q_growth_year": 24.04,
            "roe": 3.74,
            "roe_4q": 12.84,
            "gross_profit": 122566,
            "gross_margin": 24.11,
            "gross_margin_4q_avg": 20.99,
            "net_income": 52741,
            "revenue": 508407,
            "common_shares": 684349,
            "book_valuer_per_share": 20.93,
            "book_valuer_per_share_4q_avg": 19.59,
            "equity": 1432420,
            "current_ratio": 221.8,
            "debt_ratio": 28.59,
            "inventory_turnover_ratio": 0.67,
            "account_receivable_turnover_ratio": null,
            "reinvestment_rate": 88.9,
            "research_to_sale_ratio": null,
            "price_fair": 74.73,
            "eps_avg_yearly": 2.14,
            "eps_latest_yearly": 3.08,
            "eps_growth_yearly": 173.71
        },
        "20082": {
            "year_quarter": 20082,
            "year": 2008,
            "quarter": 2,
            "eps": 0.88,
            "eps_growth_year": 25.71,
            "eps_4q": 2.56,
            "eps_4q_growth_year": 25.96,
            "roe": 4.27,
            "roe_4q": 13.309999999999999,
            "gross_profit": 130309,
            "gross_margin": 19.33,
            "gross_margin_4q_avg": 20.66,
            "net_income": 60285,
            "revenue": 674040,
            "common_shares": 684349,
            "book_valuer_per_share": 20.29,
            "book_valuer_per_share_4q_avg": 20.09,
            "equity": 1388581,
            "current_ratio": 172.91,
            "debt_ratio": 36.46,
            "inventory_turnover_ratio": 0.97,
            "account_receivable_turnover_ratio": null,
            "reinvestment_rate": 77.36,
            "research_to_sale_ratio": null,
            "price_fair": 78.23,
            "eps_avg_yearly": 2.24,
            "eps_latest_yearly": 3.52,
            "eps_growth_yearly": 175.61
        },
        "20083": {
            "year_quarter": 20083,
            "year": 2008,
            "quarter": 3,
            "eps": 0.68,
            "eps_growth_year": -5.56,
            "eps_4q": 2.56,
            "eps_4q_growth_year": 18.93,
            "roe": 3.32,
            "roe_4q": 12.69,
            "gross_profit": 113982,
            "gross_margin": 19.49,
            "gross_margin_4q_avg": 20.52,
            "net_income": 47332,
            "revenue": 584793,
            "common_shares": 694687,
            "book_valuer_per_share": 21.06,
            "book_valuer_per_share_4q_avg": 20.65,
            "equity": 1462685,
            "current_ratio": 171.64,
            "debt_ratio": 37.4,
            "inventory_turnover_ratio": 0.78,
            "account_receivable_turnover_ratio": null,
            "reinvestment_rate": 76.61,
            "research_to_sale_ratio": null,
            "price_fair": 80.85,
            "eps_avg_yearly": 2.31,
            "eps_latest_yearly": 2.72,
            "eps_growth_yearly": 175.14
        },
        "20084": {
            "year_quarter": 20084,
            "year": 2008,
            "quarter": 4,
            "eps": 0.13,
            "eps_growth_year": -51.85,
            "eps_4q": 2.42,
            "eps_4q_growth_year": 7.72,
            "roe": 0.62,
            "roe_4q": 11.95,
            "gross_profit": 55396,
            "gross_margin": 11.47,
            "gross_margin_4q_avg": 18.6,
            "net_income": 9122,
            "revenue": 483008,
            "common_shares": 694687,
            "book_valuer_per_share": 21.31,
            "book_valuer_per_share_4q_avg": 20.9,
            "equity": 1480415,
            "current_ratio": 179.93,
            "debt_ratio": 34.81,
            "inventory_turnover_ratio": 0.62,
            "account_receivable_turnover_ratio": 2.48,
            "reinvestment_rate": 63.53,
            "research_to_sale_ratio": null,
            "price_fair": 75.08,
            "eps_avg_yearly": 2.15,
            "eps_latest_yearly": 0.52,
            "eps_growth_yearly": 127.94
        },
        "20091": {
            "year_quarter": 20091,
            "year": 2009,
            "quarter": 1,
            "eps": 0.36,
            "eps_growth_year": -53.25,
            "eps_4q": 2.02,
            "eps_4q_growth_year": -12.4,
            "roe": 1.69,
            "roe_4q": 9.899999999999999,
            "gross_profit": 84997,
            "gross_margin": 16.75,
            "gross_margin_4q_avg": 16.76,
            "net_income": 25287,
            "revenue": 507584,
            "common_shares": 694687,
            "book_valuer_per_share": 21.88,
            "book_valuer_per_share_4q_avg": 21.14,
            "equity": 1520236,
            "current_ratio": 199.76,
            "debt_ratio": 31.25,
            "inventory_turnover_ratio": 0.61,
            "account_receivable_turnover_ratio": 1.4,
            "reinvestment_rate": 85.37,
            "research_to_sale_ratio": null,
            "price_fair": 72.89,
            "eps_avg_yearly": 2.08,
            "eps_latest_yearly": 1.44,
            "eps_growth_yearly": 177.87
        },
        "20092": {
            "year_quarter": 20092,
            "year": 2009,
            "quarter": 2,
            "eps": 0.6,
            "eps_growth_year": -31.82,
            "eps_4q": 1.78,
            "eps_4q_growth_year": -30.51,
            "roe": 2.8,
            "roe_4q": 8.43,
            "gross_profit": 107511,
            "gross_margin": 19.33,
            "gross_margin_4q_avg": 16.76,
            "net_income": 41496,
            "revenue": 556251,
            "common_shares": 694687,
            "book_valuer_per_share": 20.83,
            "book_valuer_per_share_4q_avg": 21.27,
            "equity": 1446907,
            "current_ratio": 169.23,
            "debt_ratio": 37.3,
            "inventory_turnover_ratio": 0.65,
            "account_receivable_turnover_ratio": 1.41,
            "reinvestment_rate": 82.14,
            "research_to_sale_ratio": null,
            "price_fair": 72.71,
            "eps_avg_yearly": 2.08,
            "eps_latest_yearly": 2.4,
            "eps_growth_yearly": 194.13
        },
        "20093": {
            "year_quarter": 20093,
            "year": 2009,
            "quarter": 3,
            "eps": 0.31,
            "eps_growth_year": -54.41,
            "eps_4q": 1.39,
            "eps_4q_growth_year": -45.54,
            "roe": 1.5,
            "roe_4q": 6.61,
            "gross_profit": 80933,
            "gross_margin": 19.53,
            "gross_margin_4q_avg": 16.77,
            "net_income": 21759,
            "revenue": 414341,
            "common_shares": 703661,
            "book_valuer_per_share": 20.75,
            "book_valuer_per_share_4q_avg": 21.19,
            "equity": 1459862,
            "current_ratio": 183.98,
            "debt_ratio": 33.94,
            "inventory_turnover_ratio": 0.47,
            "account_receivable_turnover_ratio": 1.02,
            "reinvestment_rate": 79.32,
            "research_to_sale_ratio": null,
            "price_fair": 73.15,
            "eps_avg_yearly": 2.09,
            "eps_latest_yearly": 1.24,
            "eps_growth_yearly": 196.56
        },
        "20094": {
            "year_quarter": 20094,
            "year": 2009,
            "quarter": 4,
            "eps": 0,
            "eps_growth_year": -100,
            "eps_4q": 1.25,
            "eps_4q_growth_year": -48.07,
            "roe": -0.02,
            "roe_4q": 5.969999999999999,
            "gross_profit": 37259,
            "gross_margin": 9.86,
            "gross_margin_4q_avg": 16.37,
            "net_income": -286,
            "revenue": 377929,
            "common_shares": 703661,
            "book_valuer_per_share": 20.71,
            "book_valuer_per_share_4q_avg": 21.04,
            "equity": 1457536,
            "current_ratio": 194.36,
            "debt_ratio": 32.25,
            "inventory_turnover_ratio": 0.49,
            "account_receivable_turnover_ratio": 2.28,
            "reinvestment_rate": 154.01,
            "research_to_sale_ratio": null,
            "price_fair": 72.33,
            "eps_avg_yearly": 2.07,
            "eps_latest_yearly": 1.24,
            "eps_growth_yearly": 173.77
        },
        "20101": {
            "year_quarter": 20101,
            "year": 2010,
            "quarter": 1,
            "eps": 0.68,
            "eps_growth_year": 89.07,
            "eps_4q": 1.58,
            "eps_4q_growth_year": -22.08,
            "roe": 3.24,
            "roe_4q": 7.5200000000000005,
            "gross_profit": 116174,
            "gross_margin": 21.44,
            "gross_margin_4q_avg": 17.54,
            "net_income": 47894,
            "revenue": 541833,
            "common_shares": 703661,
            "book_valuer_per_share": 21.36,
            "book_valuer_per_share_4q_avg": 20.91,
            "equity": 1503024,
            "current_ratio": 194.87,
            "debt_ratio": 33.35,
            "inventory_turnover_ratio": 0.64,
            "account_receivable_turnover_ratio": 1.41,
            "reinvestment_rate": 170.27,
            "research_to_sale_ratio": 0.8,
            "price_fair": 73.1,
            "eps_avg_yearly": 2.09,
            "eps_latest_yearly": 1.24,
            "eps_growth_yearly": 194.14
        },
        "20102": {
            "year_quarter": 20102,
            "year": 2010,
            "quarter": 2,
            "eps": 0.92,
            "eps_growth_year": 54.09,
            "eps_4q": 1.9,
            "eps_4q_growth_year": 6.38,
            "roe": 4.37,
            "roe_4q": 9.09,
            "gross_profit": 144014,
            "gross_margin": 23.43,
            "gross_margin_4q_avg": 18.57,
            "net_income": 66036,
            "revenue": 614529,
            "common_shares": 703661,
            "book_valuer_per_share": 21.57,
            "book_valuer_per_share_4q_avg": 21.1,
            "equity": 1517680,
            "current_ratio": 178.69,
            "debt_ratio": 36.58,
            "inventory_turnover_ratio": 0.68,
            "account_receivable_turnover_ratio": 1.25,
            "reinvestment_rate": 162.71,
            "research_to_sale_ratio": 0.77,
            "price_fair": 76.8,
            "eps_avg_yearly": 2.19,
            "eps_latest_yearly": 3.68,
            "eps_growth_yearly": 197.08
        },
        "20103": {
            "year_quarter": 20103,
            "year": 2010,
            "quarter": 3,
            "eps": 0.21,
            "eps_growth_year": -33.04,
            "eps_4q": 1.8,
            "eps_4q_growth_year": 29.63,
            "roe": 0.97,
            "roe_4q": 8.56,
            "gross_profit": 93372,
            "gross_margin": 17.26,
            "gross_margin_4q_avg": 18,
            "net_income": 14779,
            "revenue": 540984,
            "common_shares": 712018,
            "book_valuer_per_share": 21.43,
            "book_valuer_per_share_4q_avg": 21.27,
            "equity": 1525773,
            "current_ratio": 185.69,
            "debt_ratio": 35.36,
            "inventory_turnover_ratio": 0.66,
            "account_receivable_turnover_ratio": 0.98,
            "reinvestment_rate": 165.42,
            "research_to_sale_ratio": 1.47,
            "price_fair": 73.1,
            "eps_avg_yearly": 2.09,
            "eps_latest_yearly": 0.84,
            "eps_growth_yearly": 173.47
        },
        "20104": {
            "year_quarter": 20104,
            "year": 2010,
            "quarter": 4,
            "eps": 0.13,
            "eps_growth_year": null,
            "eps_4q": 1.93,
            "eps_4q_growth_year": 54.19,
            "roe": 0.59,
            "roe_4q": 9.17,
            "gross_profit": 82726,
            "gross_margin": 17.15,
            "gross_margin_4q_avg": 19.82,
            "net_income": 8990,
            "revenue": 482335,
            "common_shares": 712018,
            "book_valuer_per_share": 21.18,
            "book_valuer_per_share_4q_avg": 21.39,
            "equity": 1508003,
            "current_ratio": 188.91,
            "debt_ratio": 34.76,
            "inventory_turnover_ratio": 0.62,
            "account_receivable_turnover_ratio": 1.01,
            "reinvestment_rate": 136.31,
            "research_to_sale_ratio": 0.83,
            "price_fair": 73.3,
            "eps_avg_yearly": 2.09,
            "eps_latest_yearly": 0.52,
            "eps_growth_yearly": 185.74
        },
        "20111": {
            "year_quarter": 20111,
            "year": 2011,
            "quarter": 1,
            "eps": 0.68,
            "eps_growth_year": -0.09,
            "eps_4q": 1.94,
            "eps_4q_growth_year": 23.21,
            "roe": 3.15,
            "roe_4q": 9.08,
            "gross_profit": 140975,
            "gross_margin": 25.11,
            "gross_margin_4q_avg": 20.74,
            "net_income": 48411,
            "revenue": 561453,
            "common_shares": 712018,
            "book_valuer_per_share": 21.96,
            "book_valuer_per_share_4q_avg": 21.54,
            "equity": 1563643,
            "current_ratio": 197.8,
            "debt_ratio": 33.94,
            "inventory_turnover_ratio": 0.62,
            "account_receivable_turnover_ratio": 1.16,
            "reinvestment_rate": 154.96,
            "research_to_sale_ratio": 0.84,
            "price_fair": 73.6,
            "eps_avg_yearly": 2.1,
            "eps_latest_yearly": 2.72,
            "eps_growth_yearly": 166.36
        },
        "20112": {
            "year_quarter": 20112,
            "year": 2011,
            "quarter": 2,
            "eps": 0.63,
            "eps_growth_year": -31.53,
            "eps_4q": 1.62,
            "eps_4q_growth_year": -14.49,
            "roe": 3,
            "roe_4q": 7.71,
            "gross_profit": 156201,
            "gross_margin": 23.07,
            "gross_margin_4q_avg": 20.65,
            "net_income": 46250,
            "revenue": 677185,
            "common_shares": 712018,
            "book_valuer_per_share": 21.29,
            "book_valuer_per_share_4q_avg": 21.47,
            "equity": 1516222,
            "current_ratio": 174.51,
            "debt_ratio": 39.42,
            "inventory_turnover_ratio": 0.7,
            "account_receivable_turnover_ratio": 1.12,
            "reinvestment_rate": 140.12,
            "research_to_sale_ratio": 0.86,
            "price_fair": 72.9,
            "eps_avg_yearly": 2.08,
            "eps_latest_yearly": 2.52,
            "eps_growth_yearly": 162.06
        },
        "20113": {
            "year_quarter": 20113,
            "year": 2011,
            "quarter": 3,
            "eps": 0.49,
            "eps_growth_year": 133.97,
            "eps_4q": 1.91,
            "eps_4q_growth_year": 5.9,
            "roe": 2.27,
            "roe_4q": 9.01,
            "gross_profit": 92296,
            "gross_margin": 18.37,
            "gross_margin_4q_avg": 20.93,
            "net_income": 35339,
            "revenue": 502552,
            "common_shares": 727679,
            "book_valuer_per_share": 21.87,
            "book_valuer_per_share_4q_avg": 21.58,
            "equity": 1591702,
            "current_ratio": 199.71,
            "debt_ratio": 34.17,
            "inventory_turnover_ratio": 0.55,
            "account_receivable_turnover_ratio": 0.86,
            "reinvestment_rate": 150.17,
            "research_to_sale_ratio": 1.21,
            "price_fair": 70.6,
            "eps_avg_yearly": 2.02,
            "eps_latest_yearly": 1.96,
            "eps_growth_yearly": 154.9
        },
        "20114": {
            "year_quarter": 20114,
            "year": 2011,
            "quarter": 4,
            "eps": 0.3,
            "eps_growth_year": 139.02,
            "eps_4q": 2.09,
            "eps_4q_growth_year": 7.98,
            "roe": 1.37,
            "roe_4q": 9.790000000000001,
            "gross_profit": 74898,
            "gross_margin": 16.4,
            "gross_margin_4q_avg": 20.74,
            "net_income": 21961,
            "revenue": 456588,
            "common_shares": 727679,
            "book_valuer_per_share": 22.22,
            "book_valuer_per_share_4q_avg": 21.84,
            "equity": 1616983,
            "current_ratio": 217.86,
            "debt_ratio": 31.48,
            "inventory_turnover_ratio": 0.52,
            "account_receivable_turnover_ratio": 0.92,
            "reinvestment_rate": 111.59,
            "research_to_sale_ratio": 0.76,
            "price_fair": 70.9,
            "eps_avg_yearly": 2.03,
            "eps_latest_yearly": 1.2,
            "eps_growth_yearly": 161.68
        },
        "20121": {
            "year_quarter": 20121,
            "year": 2012,
            "quarter": 1,
            "eps": 0.71,
            "eps_growth_year": 4.41,
            "eps_4q": 2.13,
            "eps_4q_growth_year": 9.9,
            "roe": 3.16,
            "roe_4q": 9.8,
            "gross_profit": 143034,
            "gross_margin": 22.36,
            "gross_margin_4q_avg": 20.05,
            "net_income": 51689,
            "revenue": 639830,
            "common_shares": 727679,
            "book_valuer_per_share": 22.74,
            "book_valuer_per_share_4q_avg": 22.03,
            "equity": 1654452,
            "current_ratio": 215.2,
            "debt_ratio": 32.9,
            "inventory_turnover_ratio": 0.7,
            "account_receivable_turnover_ratio": 1.25,
            "reinvestment_rate": 103.03,
            "research_to_sale_ratio": 0.46,
            "price_fair": 70.3,
            "eps_avg_yearly": 2.01,
            "eps_latest_yearly": 2.84,
            "eps_growth_yearly": 147.81
        },
        "20122": {
            "year_quarter": 20122,
            "year": 2012,
            "quarter": 2,
            "eps": 0.87,
            "eps_growth_year": 37.77,
            "eps_4q": 2.33,
            "eps_4q_growth_year": 43.81,
            "roe": 4.02,
            "roe_4q": 10.82,
            "gross_profit": 157686,
            "gross_margin": 22.29,
            "gross_margin_4q_avg": 19.86,
            "net_income": 65151,
            "revenue": 707534,
            "common_shares": 727679,
            "book_valuer_per_share": 21.78,
            "book_valuer_per_share_4q_avg": 22.15,
            "equity": 1584711,
            "current_ratio": 184.19,
            "debt_ratio": 38.94,
            "inventory_turnover_ratio": 0.81,
            "account_receivable_turnover_ratio": 1.13,
            "reinvestment_rate": 89.83,
            "research_to_sale_ratio": 1.05,
            "price_fair": 70.2,
            "eps_avg_yearly": 2.01,
            "eps_latest_yearly": 3.48,
            "eps_growth_yearly": 150.17
        },
        "20123": {
            "year_quarter": 20123,
            "year": 2012,
            "quarter": 3,
            "eps": 0.32,
            "eps_growth_year": -33.26,
            "eps_4q": 2.19,
            "eps_4q_growth_year": 14.63,
            "roe": 1.49,
            "roe_4q": 10.04,
            "gross_profit": 100892,
            "gross_margin": 20.71,
            "gross_margin_4q_avg": 20.44,
            "net_income": 24119,
            "revenue": 487218,
            "common_shares": 744097,
            "book_valuer_per_share": 22.18,
            "book_valuer_per_share_4q_avg": 22.23,
            "equity": 1650760,
            "current_ratio": 211.05,
            "debt_ratio": 34.26,
            "inventory_turnover_ratio": 0.56,
            "account_receivable_turnover_ratio": 0.81,
            "reinvestment_rate": 95.28,
            "research_to_sale_ratio": 1.1,
            "price_fair": 66.6,
            "eps_avg_yearly": 1.9,
            "eps_latest_yearly": 1.28,
            "eps_growth_yearly": 138.6
        },
        "20124": {
            "year_quarter": 20124,
            "year": 2012,
            "quarter": 4,
            "eps": 0.12,
            "eps_growth_year": -61.1,
            "eps_4q": 2.01,
            "eps_4q_growth_year": -3.66,
            "roe": 0.53,
            "roe_4q": 9.2,
            "gross_profit": 62494,
            "gross_margin": 15.93,
            "gross_margin_4q_avg": 20.32,
            "net_income": 8736,
            "revenue": 392337,
            "common_shares": 744097,
            "book_valuer_per_share": 22.3,
            "book_valuer_per_share_4q_avg": 22.25,
            "equity": 1659399,
            "current_ratio": 232.62,
            "debt_ratio": 30.76,
            "inventory_turnover_ratio": 0.44,
            "account_receivable_turnover_ratio": 0.93,
            "reinvestment_rate": 92.44,
            "research_to_sale_ratio": 0.87,
            "price_fair": 66.5,
            "eps_avg_yearly": 1.9,
            "eps_latest_yearly": 0.48,
            "eps_growth_yearly": 143.85
        },
        "20131": {
            "year_quarter": 20131,
            "year": 2013,
            "quarter": 1,
            "eps": 0.6,
            "eps_growth_year": -15.49,
            "eps_4q": 1.91,
            "eps_4q_growth_year": -10.28,
            "roe": 2.57,
            "roe_4q": 8.61,
            "gross_profit": 132119,
            "gross_margin": 21.34,
            "gross_margin_4q_avg": 20.07,
            "net_income": 44420,
            "revenue": 619139,
            "common_shares": 744097,
            "book_valuer_per_share": 24.23,
            "book_valuer_per_share_4q_avg": 22.62,
            "equity": 1803179,
            "current_ratio": 215.1,
            "debt_ratio": 33.57,
            "inventory_turnover_ratio": 0.6,
            "account_receivable_turnover_ratio": 1.46,
            "reinvestment_rate": -18.78,
            "research_to_sale_ratio": 0.86,
            "price_fair": 68.9,
            "eps_avg_yearly": 1.97,
            "eps_latest_yearly": 2.4,
            "eps_growth_yearly": 207.59
        },
        "20132": {
            "year_quarter": 20132,
            "year": 2013,
            "quarter": 2,
            "eps": 0.74,
            "eps_growth_year": -15.15,
            "eps_4q": 1.74,
            "eps_4q_growth_year": -25.5,
            "roe": 3.09,
            "roe_4q": 7.680000000000001,
            "gross_profit": 155696,
            "gross_margin": 22.55,
            "gross_margin_4q_avg": 20.13,
            "net_income": 55354,
            "revenue": 690436,
            "common_shares": 744097,
            "book_valuer_per_share": 23.88,
            "book_valuer_per_share_4q_avg": 23.15,
            "equity": 1776813,
            "current_ratio": 195.15,
            "debt_ratio": 37.11,
            "inventory_turnover_ratio": 0.66,
            "account_receivable_turnover_ratio": 1.19,
            "reinvestment_rate": -13.64,
            "research_to_sale_ratio": 0.68,
            "price_fair": 70.3,
            "eps_avg_yearly": 2.01,
            "eps_latest_yearly": 2.96,
            "eps_growth_yearly": 195.21
        },
        "20133": {
            "year_quarter": 20133,
            "year": 2013,
            "quarter": 3,
            "eps": 0.48,
            "eps_growth_year": 48.09,
            "eps_4q": 1.91,
            "eps_4q_growth_year": -12.86,
            "roe": 2.05,
            "roe_4q": 8.239999999999998,
            "gross_profit": 96847,
            "gross_margin": 17.97,
            "gross_margin_4q_avg": 19.45,
            "net_income": 36649,
            "revenue": 538932,
            "common_shares": 760777,
            "book_valuer_per_share": 23.73,
            "book_valuer_per_share_4q_avg": 23.54,
            "equity": 1805546,
            "current_ratio": 211.12,
            "debt_ratio": 34.35,
            "inventory_turnover_ratio": 0.56,
            "account_receivable_turnover_ratio": 0.86,
            "reinvestment_rate": -9.5,
            "research_to_sale_ratio": 0.59,
            "price_fair": 72,
            "eps_avg_yearly": 2.06,
            "eps_latest_yearly": 1.92,
            "eps_growth_yearly": 198.98
        },
        "20134": {
            "year_quarter": 20134,
            "year": 2013,
            "quarter": 4,
            "eps": 0.43,
            "eps_growth_year": 267.56,
            "eps_4q": 2.22,
            "eps_4q_growth_year": 10.59,
            "roe": 1.8,
            "roe_4q": 9.51,
            "gross_profit": 84308,
            "gross_margin": 15.96,
            "gross_margin_4q_avg": 19.46,
            "net_income": 32830,
            "revenue": 528212,
            "common_shares": 760777,
            "book_valuer_per_share": 24.33,
            "book_valuer_per_share_4q_avg": 24.04,
            "equity": 1851151,
            "current_ratio": 230.23,
            "debt_ratio": 31.8,
            "inventory_turnover_ratio": 0.57,
            "account_receivable_turnover_ratio": 1,
            "reinvestment_rate": -85.22,
            "research_to_sale_ratio": -0.21,
            "price_fair": 71.21,
            "eps_avg_yearly": 2.03,
            "eps_latest_yearly": 1.72,
            "eps_growth_yearly": 182.94
        },
        "20141": {
            "year_quarter": 20141,
            "year": 2014,
            "quarter": 1,
            "eps": 0.94,
            "eps_growth_year": 56.67,
            "eps_4q": 2.58,
            "eps_4q_growth_year": 34.85,
            "roe": 3.79,
            "roe_4q": 10.73,
            "gross_profit": 173071,
            "gross_margin": 25.38,
            "gross_margin_4q_avg": 20.47,
            "net_income": 71534,
            "revenue": 681967,
            "common_shares": 760777,
            "book_valuer_per_share": 25.23,
            "book_valuer_per_share_4q_avg": 24.29,
            "equity": 1919183,
            "current_ratio": 243.31,
            "debt_ratio": 30.79,
            "inventory_turnover_ratio": 0.64,
            "account_receivable_turnover_ratio": 1.38,
            "reinvestment_rate": -83.96,
            "research_to_sale_ratio": 0.46,
            "price_fair": 74.99,
            "eps_avg_yearly": 2.14,
            "eps_latest_yearly": 3.76,
            "eps_growth_yearly": 201.16
        },
        "20142": {
            "year_quarter": 20142,
            "year": 2014,
            "quarter": 2,
            "eps": 1.01,
            "eps_growth_year": 36.49,
            "eps_4q": 2.79,
            "eps_4q_growth_year": 60.6,
            "roe": 4.05,
            "roe_4q": 11.690000000000001,
            "gross_profit": 208944,
            "gross_margin": 23.83,
            "gross_margin_4q_avg": 20.79,
            "net_income": 76913,
            "revenue": 876710,
            "common_shares": 760777,
            "book_valuer_per_share": 24.75,
            "book_valuer_per_share_4q_avg": 24.51,
            "equity": 1883238,
            "current_ratio": 215.72,
            "debt_ratio": 34.68,
            "inventory_turnover_ratio": 0.86,
            "account_receivable_turnover_ratio": 1.36,
            "reinvestment_rate": -84.62,
            "research_to_sale_ratio": 0.39,
            "price_fair": 75.78,
            "eps_avg_yearly": 2.17,
            "eps_latest_yearly": 4.04,
            "eps_growth_yearly": 194.19
        },
        "20143": {
            "year_quarter": 20143,
            "year": 2014,
            "quarter": 3,
            "eps": 0.67,
            "eps_growth_year": 39.58,
            "eps_4q": 3,
            "eps_4q_growth_year": 57.17,
            "roe": 2.7,
            "roe_4q": 12.34,
            "gross_profit": 108610,
            "gross_margin": 19.29,
            "gross_margin_4q_avg": 21.12,
            "net_income": 51880,
            "revenue": 563116,
            "common_shares": 777503,
            "book_valuer_per_share": 25.15,
            "book_valuer_per_share_4q_avg": 24.87,
            "equity": 1955200,
            "current_ratio": 235.66,
            "debt_ratio": 32.19,
            "inventory_turnover_ratio": 0.58,
            "account_receivable_turnover_ratio": 0.81,
            "reinvestment_rate": -78.56,
            "research_to_sale_ratio": 0.62,
            "price_fair": 79.8,
            "eps_avg_yearly": 2.28,
            "eps_latest_yearly": 2.68,
            "eps_growth_yearly": 205.07
        },
        "20144": {
            "year_quarter": 20144,
            "year": 2014,
            "quarter": 4,
            "eps": 0.51,
            "eps_growth_year": 18.42,
            "eps_4q": 3.09,
            "eps_4q_growth_year": 38.78,
            "roe": 2,
            "roe_4q": 12.54,
            "gross_profit": 100999,
            "gross_margin": 17.34,
            "gross_margin_4q_avg": 21.46,
            "net_income": 39732,
            "revenue": 582342,
            "common_shares": 777503,
            "book_valuer_per_share": 25.91,
            "book_valuer_per_share_4q_avg": 25.26,
            "equity": 2014262,
            "current_ratio": 247.28,
            "debt_ratio": 31.06,
            "inventory_turnover_ratio": 0.58,
            "account_receivable_turnover_ratio": 0.95,
            "reinvestment_rate": -70.8,
            "research_to_sale_ratio": 0.61,
            "price_fair": 83.13,
            "eps_avg_yearly": 2.38,
            "eps_latest_yearly": 2.04,
            "eps_growth_yearly": 208.62
        },
        "20151": {
            "year_quarter": 20151,
            "year": 2015,
            "quarter": 1,
            "eps": 0.6,
            "eps_growth_year": -36.17,
            "eps_4q": 2.77,
            "eps_4q_growth_year": 7.2,
            "roe": 2.29,
            "roe_4q": 11.04,
            "gross_profit": 153203,
            "gross_margin": 22.55,
            "gross_margin_4q_avg": 20.75,
            "net_income": 46607,
            "revenue": 679507,
            "common_shares": 777503,
            "book_valuer_per_share": 26.41,
            "book_valuer_per_share_4q_avg": 25.56,
            "equity": 2053157,
            "current_ratio": 276.54,
            "debt_ratio": 28.26,
            "inventory_turnover_ratio": 0.62,
            "account_receivable_turnover_ratio": 1.24,
            "reinvestment_rate": -74.66,
            "research_to_sale_ratio": 0.5,
            "price_fair": 82.43,
            "eps_avg_yearly": 2.36,
            "eps_latest_yearly": 2.4,
            "eps_growth_yearly": 107.27
        },
        "20152": {
            "year_quarter": 20152,
            "year": 2015,
            "quarter": 2,
            "eps": 0.77,
            "eps_growth_year": -23.76,
            "eps_4q": 2.48,
            "eps_4q_growth_year": -11.18,
            "roe": 2.99,
            "roe_4q": 9.98,
            "gross_profit": 165893,
            "gross_margin": 23.43,
            "gross_margin_4q_avg": 20.65,
            "net_income": 60130,
            "revenue": 708017,
            "common_shares": 777503,
            "book_valuer_per_share": 25.35,
            "book_valuer_per_share_4q_avg": 25.71,
            "equity": 1971228,
            "current_ratio": 234.47,
            "debt_ratio": 33,
            "inventory_turnover_ratio": 0.66,
            "account_receivable_turnover_ratio": 1.23,
            "reinvestment_rate": -74.84,
            "research_to_sale_ratio": 0.45,
            "price_fair": 83.65,
            "eps_avg_yearly": 2.39,
            "eps_latest_yearly": 3.08,
            "eps_growth_yearly": 116.19
        },
        "20153": {
            "year_quarter": 20153,
            "year": 2015,
            "quarter": 3,
            "eps": 0.56,
            "eps_growth_year": -16.42,
            "eps_4q": 2.4,
            "eps_4q_growth_year": -19.95,
            "roe": 2.22,
            "roe_4q": 9.5,
            "gross_profit": 100243,
            "gross_margin": 19.89,
            "gross_margin_4q_avg": 20.8,
            "net_income": 44534,
            "revenue": 503905,
            "common_shares": 795696,
            "book_valuer_per_share": 25.7,
            "book_valuer_per_share_4q_avg": 25.84,
            "equity": 2044951,
            "current_ratio": 246.77,
            "debt_ratio": 31.68,
            "inventory_turnover_ratio": 0.47,
            "account_receivable_turnover_ratio": 0.8,
            "reinvestment_rate": -81.34,
            "research_to_sale_ratio": 0.66,
            "price_fair": 84.26,
            "eps_avg_yearly": 2.41,
            "eps_latest_yearly": 2.24,
            "eps_growth_yearly": 114.93
        },
        "20154": {
            "year_quarter": 20154,
            "year": 2015,
            "quarter": 4,
            "eps": 0.17,
            "eps_growth_year": -66.99,
            "eps_4q": 2.07,
            "eps_4q_growth_year": -32.96,
            "roe": 0.66,
            "roe_4q": 8.16,
            "gross_profit": 67559,
            "gross_margin": 15.62,
            "gross_margin_4q_avg": 20.37,
            "net_income": 13423,
            "revenue": 432501,
            "common_shares": 795696,
            "book_valuer_per_share": 25.63,
            "book_valuer_per_share_4q_avg": 25.77,
            "equity": 2039199,
            "current_ratio": 259.01,
            "debt_ratio": 30.03,
            "inventory_turnover_ratio": 0.41,
            "account_receivable_turnover_ratio": 0.81,
            "reinvestment_rate": -80.81,
            "research_to_sale_ratio": 0.93,
            "price_fair": 83.13,
            "eps_avg_yearly": 2.38,
            "eps_latest_yearly": 0.68,
            "eps_growth_yearly": 107.21
        },
        "20161": {
            "year_quarter": 20161,
            "year": 2016,
            "quarter": 1,
            "eps": 0.64,
            "eps_growth_year": 6.67,
            "eps_4q": 2.13,
            "eps_4q_growth_year": -23.14,
            "roe": 2.48,
            "roe_4q": 8.350000000000001,
            "gross_profit": 156932,
            "gross_margin": 29.1,
            "gross_margin_4q_avg": 22.01,
            "net_income": 51138,
            "revenue": 539330,
            "common_shares": 795696,
            "book_valuer_per_share": 26.11,
            "book_valuer_per_share_4q_avg": 25.7,
            "equity": 2077722,
            "current_ratio": 256.69,
            "debt_ratio": 30.16,
            "inventory_turnover_ratio": 0.42,
            "account_receivable_turnover_ratio": 1.27,
            "reinvestment_rate": -78.91,
            "research_to_sale_ratio": 0.55,
            "price_fair": 82.51,
            "eps_avg_yearly": 2.36,
            "eps_latest_yearly": 2.56,
            "eps_growth_yearly": 142.16
        },
        "20162": {
            "year_quarter": 20162,
            "year": 2016,
            "quarter": 2,
            "eps": 0.64,
            "eps_growth_year": -16.88,
            "eps_4q": 1.96,
            "eps_4q_growth_year": -20.94,
            "roe": 2.5,
            "roe_4q": 7.860000000000001,
            "gross_profit": 175558,
            "gross_margin": 24.47,
            "gross_margin_4q_avg": 22.27,
            "net_income": 51086,
            "revenue": 717547,
            "common_shares": 795696,
            "book_valuer_per_share": 25.29,
            "book_valuer_per_share_4q_avg": 25.68,
            "equity": 2012623,
            "current_ratio": 223.4,
            "debt_ratio": 34.68,
            "inventory_turnover_ratio": 0.62,
            "account_receivable_turnover_ratio": 1.35,
            "reinvestment_rate": -78.54,
            "research_to_sale_ratio": 0.49,
            "price_fair": 80.5,
            "eps_avg_yearly": 2.3,
            "eps_latest_yearly": 2.56,
            "eps_growth_yearly": 136.53
        },
        "20163": {
            "year_quarter": 20163,
            "year": 2016,
            "quarter": 3,
            "eps": 0.39,
            "eps_growth_year": -30.36,
            "eps_4q": 1.81,
            "eps_4q_growth_year": -24.72,
            "roe": 1.56,
            "roe_4q": 7.200000000000001,
            "gross_profit": 132317,
            "gross_margin": 22.94,
            "gross_margin_4q_avg": 23.03,
            "net_income": 31431,
            "revenue": 576833,
            "common_shares": 813933,
            "book_valuer_per_share": 24.85,
            "book_valuer_per_share_4q_avg": 25.47,
            "equity": 2022707,
            "current_ratio": 242.97,
            "debt_ratio": 32.31,
            "inventory_turnover_ratio": 0.56,
            "account_receivable_turnover_ratio": 0.9,
            "reinvestment_rate": -85.51,
            "research_to_sale_ratio": 0.55,
            "price_fair": 81.11,
            "eps_avg_yearly": 2.32,
            "eps_latest_yearly": 1.56,
            "eps_growth_yearly": 142.57
        },
        "20164": {
            "year_quarter": 20164,
            "year": 2016,
            "quarter": 4,
            "eps": 0.44,
            "eps_growth_year": 159.27,
            "eps_4q": 2.08,
            "eps_4q_growth_year": 0.47,
            "roe": 1.75,
            "roe_4q": 8.290000000000001,
            "gross_profit": 81179,
            "gross_margin": 17.44,
            "gross_margin_4q_avg": 23.49,
            "net_income": 35599,
            "revenue": 465571,
            "common_shares": 813933,
            "book_valuer_per_share": 25.14,
            "book_valuer_per_share_4q_avg": 25.35,
            "equity": 2046356,
            "current_ratio": 262.3,
            "debt_ratio": 29.87,
            "inventory_turnover_ratio": 0.51,
            "account_receivable_turnover_ratio": 0.78,
            "reinvestment_rate": -81.62,
            "research_to_sale_ratio": 0.7,
            "price_fair": 83.91,
            "eps_avg_yearly": 2.4,
            "eps_latest_yearly": 1.76,
            "eps_growth_yearly": 161.4
        },
        "20171": {
            "year_quarter": 20171,
            "year": 2017,
            "quarter": 1,
            "eps": 0.32,
            "eps_growth_year": -50,
            "eps_4q": 1.78,
            "eps_4q_growth_year": -16.53,
            "roe": 1.29,
            "roe_4q": 7.1,
            "gross_profit": 154392,
            "gross_margin": 25.04,
            "gross_margin_4q_avg": 22.47,
            "net_income": 26374,
            "revenue": 616609,
            "common_shares": 813933,
            "book_valuer_per_share": 24.98,
            "book_valuer_per_share_4q_avg": 25.07,
            "equity": 2032840,
            "current_ratio": 262.75,
            "debt_ratio": 30.1,
            "inventory_turnover_ratio": 0.62,
            "account_receivable_turnover_ratio": 1.01,
            "reinvestment_rate": -4.87,
            "research_to_sale_ratio": 0.54,
            "price_fair": 81.46,
            "eps_avg_yearly": 2.33,
            "eps_latest_yearly": 1.28,
            "eps_growth_yearly": 54.58
        },
        "20172": {
            "year_quarter": 20172,
            "year": 2017,
            "quarter": 2,
            "eps": 0.56,
            "eps_growth_year": -12.5,
            "eps_4q": 1.66,
            "eps_4q_growth_year": -15.19,
            "roe": 2.26,
            "roe_4q": 6.859999999999999,
            "gross_profit": 148124,
            "gross_margin": 26.79,
            "gross_margin_4q_avg": 23.05,
            "net_income": 45551,
            "revenue": 553000,
            "common_shares": 813933,
            "book_valuer_per_share": 24.44,
            "book_valuer_per_share_4q_avg": 24.85,
            "equity": 1989609,
            "current_ratio": 231.23,
            "debt_ratio": 34.22,
            "inventory_turnover_ratio": 0.54,
            "account_receivable_turnover_ratio": 0.84,
            "reinvestment_rate": -8,
            "research_to_sale_ratio": 1.43,
            "price_fair": 79.89,
            "eps_avg_yearly": 2.28,
            "eps_latest_yearly": 2.24,
            "eps_growth_yearly": 67.49
        },
        "20173": {
            "year_quarter": 20173,
            "year": 2017,
            "quarter": 3,
            "eps": 0.57,
            "eps_growth_year": 46.15,
            "eps_4q": 1.87,
            "eps_4q_growth_year": 3.29,
            "roe": 2.37,
            "roe_4q": 7.67,
            "gross_profit": 125823,
            "gross_margin": 24.22,
            "gross_margin_4q_avg": 23.37,
            "net_income": 47857,
            "revenue": 519554,
            "common_shares": 832473,
            "book_valuer_per_share": 24.55,
            "book_valuer_per_share_4q_avg": 24.78,
            "equity": 2043911,
            "current_ratio": 239.6,
            "debt_ratio": 31.97,
            "inventory_turnover_ratio": 0.52,
            "account_receivable_turnover_ratio": 0.84,
            "reinvestment_rate": -10.48,
            "research_to_sale_ratio": 1.7,
            "price_fair": 80.68,
            "eps_avg_yearly": 2.31,
            "eps_latest_yearly": 2.28,
            "eps_growth_yearly": 76.72
        },
        "20174": {
            "year_quarter": 20174,
            "year": 2017,
            "quarter": 4,
            "eps": 0.2,
            "eps_growth_year": -53.87,
            "eps_4q": 1.64,
            "eps_4q_growth_year": -21.1,
            "roe": 0.82,
            "roe_4q": 6.739999999999999,
            "gross_profit": 70017,
            "gross_margin": 18.25,
            "gross_margin_4q_avg": 23.58,
            "net_income": 16796,
            "revenue": 383588,
            "common_shares": 832473,
            "book_valuer_per_share": 24.78,
            "book_valuer_per_share_4q_avg": 24.69,
            "equity": 2062977,
            "current_ratio": 255.84,
            "debt_ratio": 30.13,
            "inventory_turnover_ratio": 0.39,
            "account_receivable_turnover_ratio": 0.72,
            "reinvestment_rate": -11.7,
            "research_to_sale_ratio": 2.1,
            "price_fair": 78.66,
            "eps_avg_yearly": 2.25,
            "eps_latest_yearly": 0.8,
            "eps_growth_yearly": 63.1
        },
        "20181": {
            "year_quarter": 20181,
            "year": 2018,
            "quarter": 1,
            "eps": 0.32,
            "eps_growth_year": 0,
            "eps_4q": 1.64,
            "eps_4q_growth_year": -7.4,
            "roe": 1.28,
            "roe_4q": 6.73,
            "gross_profit": 140540,
            "gross_margin": 25.09,
            "gross_margin_4q_avg": 23.59,
            "net_income": 26645,
            "revenue": 560035,
            "common_shares": 832473,
            "book_valuer_per_share": 25.2,
            "book_valuer_per_share_4q_avg": 24.74,
            "equity": 2097662,
            "current_ratio": 276.14,
            "debt_ratio": 28.67,
            "inventory_turnover_ratio": 0.52,
            "account_receivable_turnover_ratio": 1.1,
            "reinvestment_rate": -11.79,
            "research_to_sale_ratio": 1.38,
            "price_fair": 73.24,
            "eps_avg_yearly": 2.09,
            "eps_latest_yearly": 1.28,
            "eps_growth_yearly": 48.45
        },
        "20182": {
            "year_quarter": 20182,
            "year": 2018,
            "quarter": 2,
            "eps": 0.97,
            "eps_growth_year": 73.21,
            "eps_4q": 2.03,
            "eps_4q_growth_year": 22.21,
            "roe": 3.89,
            "roe_4q": 8.36,
            "gross_profit": 167714,
            "gross_margin": 25.46,
            "gross_margin_4q_avg": 23.26,
            "net_income": 81038,
            "revenue": 658733,
            "common_shares": 832473,
            "book_valuer_per_share": 24.86,
            "book_valuer_per_share_4q_avg": 24.85,
            "equity": 2069729,
            "current_ratio": 259.2,
            "debt_ratio": 30.85,
            "inventory_turnover_ratio": 0.7,
            "account_receivable_turnover_ratio": 1.04,
            "reinvestment_rate": -13.67,
            "research_to_sale_ratio": 1.25,
            "price_fair": 72.89,
            "eps_avg_yearly": 2.08,
            "eps_latest_yearly": 3.88,
            "eps_growth_yearly": 97.37
        },
        "20183": {
            "year_quarter": 20183,
            "year": 2018,
            "quarter": 3,
            "eps": 0.43,
            "eps_growth_year": -24.56,
            "eps_4q": 1.9,
            "eps_4q_growth_year": 1.87,
            "roe": 1.73,
            "roe_4q": 7.720000000000001,
            "gross_profit": 98332,
            "gross_margin": 21.12,
            "gross_margin_4q_avg": 22.48,
            "net_income": 35968,
            "revenue": 465576,
            "common_shares": 843795,
            "book_valuer_per_share": 24.7,
            "book_valuer_per_share_4q_avg": 24.89,
            "equity": 2084493,
            "current_ratio": 281.88,
            "debt_ratio": 28.58,
            "inventory_turnover_ratio": 0.55,
            "account_receivable_turnover_ratio": 0.68,
            "reinvestment_rate": -14.57,
            "research_to_sale_ratio": 2.05,
            "price_fair": 70.79,
            "eps_avg_yearly": 2.02,
            "eps_latest_yearly": 1.72,
            "eps_growth_yearly": 91.87
        },
        "20184": {
            "year_quarter": 20184,
            "year": 2018,
            "quarter": 4,
            "eps": 0.46,
            "eps_growth_year": 127.16,
            "eps_4q": 2.16,
            "eps_4q_growth_year": 31.7,
            "roe": 1.84,
            "roe_4q": 8.74,
            "gross_profit": 95768,
            "gross_margin": 19.76,
            "gross_margin_4q_avg": 22.86,
            "net_income": 38673,
            "revenue": 484588,
            "common_shares": 843795,
            "book_valuer_per_share": 25.24,
            "book_valuer_per_share_4q_avg": 25,
            "equity": 2129409,
            "current_ratio": 296.56,
            "debt_ratio": 27.52,
            "inventory_turnover_ratio": 0.52,
            "account_receivable_turnover_ratio": 0.8,
            "reinvestment_rate": -16.8,
            "research_to_sale_ratio": 1.92,
            "price_fair": 70.35,
            "eps_avg_yearly": 2.01,
            "eps_latest_yearly": 1.84,
            "eps_growth_yearly": 99.58
        },
        "20191": {
            "year_quarter": 20191,
            "year": 2019,
            "quarter": 1,
            "eps": 0.8,
            "eps_growth_year": 150,
            "eps_4q": 2.64,
            "eps_4q_growth_year": 60.73,
            "roe": 3.1,
            "roe_4q": 10.56,
            "gross_profit": 165992,
            "gross_margin": 27.91,
            "gross_margin_4q_avg": 23.56,
            "net_income": 67272,
            "revenue": 594711,
            "common_shares": 843795,
            "book_valuer_per_share": 26.21,
            "book_valuer_per_share_4q_avg": 25.25,
            "equity": 2211495,
            "current_ratio": 311.38,
            "debt_ratio": 26.63,
            "inventory_turnover_ratio": 0.55,
            "account_receivable_turnover_ratio": 0.98,
            "reinvestment_rate": -13.17,
            "research_to_sale_ratio": 1.56,
            "price_fair": 72.1,
            "eps_avg_yearly": 2.06,
            "eps_latest_yearly": 3.2,
            "eps_growth_yearly": 113.65
        },
        "20192": {
            "year_quarter": 20192,
            "year": 2019,
            "quarter": 2,
            "eps": 0.94,
            "eps_growth_year": -3.09,
            "eps_4q": 2.59,
            "eps_4q_growth_year": 27.46,
            "roe": 3.62,
            "roe_4q": 10.290000000000001,
            "gross_profit": 183832,
            "gross_margin": 29.57,
            "gross_margin_4q_avg": 24.59,
            "net_income": 79374,
            "revenue": 621608,
            "common_shares": 843795,
            "book_valuer_per_share": 25.77,
            "book_valuer_per_share_4q_avg": 25.48,
            "equity": 2174083,
            "current_ratio": 269.93,
            "debt_ratio": 29.88,
            "inventory_turnover_ratio": 0.57,
            "account_receivable_turnover_ratio": 0.89,
            "reinvestment_rate": -8.01,
            "research_to_sale_ratio": 1.83,
            "price_fair": 73.59,
            "eps_avg_yearly": 2.1,
            "eps_latest_yearly": 3.76,
            "eps_growth_yearly": 110.94
        },
        "20193": {
            "year_quarter": 20193,
            "year": 2019,
            "quarter": 3,
            "eps": 0.7,
            "eps_growth_year": 62.79,
            "eps_4q": 2.88,
            "eps_4q_growth_year": 51.6,
            "roe": 2.7,
            "roe_4q": 11.26,
            "gross_profit": 146497,
            "gross_margin": 28.31,
            "gross_margin_4q_avg": 26.39,
            "net_income": 59086,
            "revenue": 517489,
            "common_shares": 847822,
            "book_valuer_per_share": 26.07,
            "book_valuer_per_share_4q_avg": 25.82,
            "equity": 2210390,
            "current_ratio": 282.54,
            "debt_ratio": 28.58,
            "inventory_turnover_ratio": 0.49,
            "account_receivable_turnover_ratio": 0.76,
            "reinvestment_rate": -4.36,
            "research_to_sale_ratio": 2.03,
            "price_fair": 74.81,
            "eps_avg_yearly": 2.14,
            "eps_latest_yearly": 2.8,
            "eps_growth_yearly": 111.37
        },
        "20194": {
            "year_quarter": 20194,
            "year": 2019,
            "quarter": 4,
            "eps": 0.24,
            "eps_growth_year": -47.03,
            "eps_4q": 2.67,
            "eps_4q_growth_year": 23.54,
            "roe": 0.93,
            "roe_4q": 10.35,
            "gross_profit": 82331,
            "gross_margin": 23.97,
            "gross_margin_4q_avg": 27.44,
            "net_income": 20582,
            "revenue": 343459,
            "common_shares": 847822,
            "book_valuer_per_share": 26.2,
            "book_valuer_per_share_4q_avg": 26.06,
            "equity": 2221208,
            "current_ratio": 303.99,
            "debt_ratio": 26.64,
            "inventory_turnover_ratio": 0.33,
            "account_receivable_turnover_ratio": 0.7,
            "reinvestment_rate": -5.84,
            "research_to_sale_ratio": 2.95,
            "price_fair": 75.43,
            "eps_avg_yearly": 2.16,
            "eps_latest_yearly": 0.96,
            "eps_growth_yearly": 112.36
        },
        "20201": {
            "year_quarter": 20201,
            "year": 2020,
            "quarter": 1,
            "eps": 1.05,
            "eps_growth_year": 31.25,
            "eps_4q": 2.88,
            "eps_4q_growth_year": 8.85,
            "roe": 4.05,
            "roe_4q": 11.3,
            "gross_profit": 201589,
            "gross_margin": 33.57,
            "gross_margin_4q_avg": 28.86,
            "net_income": 88706,
            "revenue": 600501,
            "common_shares": 847822,
            "book_valuer_per_share": 25.41,
            "book_valuer_per_share_4q_avg": 25.86,
            "equity": 2154690,
            "current_ratio": 258.17,
            "debt_ratio": 30.36,
            "inventory_turnover_ratio": 0.5,
            "account_receivable_turnover_ratio": 1.28,
            "reinvestment_rate": -3.31,
            "research_to_sale_ratio": 1.59,
            "price_fair": 79.01,
            "eps_avg_yearly": 2.26,
            "eps_latest_yearly": 4.2,
            "eps_growth_yearly": 127.61
        },
        "20202": {
            "year_quarter": 20202,
            "year": 2020,
            "quarter": 2,
            "eps": 0.71,
            "eps_growth_year": -24.47,
            "eps_4q": 2.66,
            "eps_4q_growth_year": 2.76,
            "roe": 2.78,
            "roe_4q": 10.46,
            "gross_profit": 165056,
            "gross_margin": 30.42,
            "gross_margin_4q_avg": 29.07,
            "net_income": 60694,
            "revenue": 542643,
            "common_shares": 847822,
            "book_valuer_per_share": 26.06,
            "book_valuer_per_share_4q_avg": 25.94,
            "equity": 2209044,
            "current_ratio": 266.98,
            "debt_ratio": 29.62,
            "inventory_turnover_ratio": 0.52,
            "account_receivable_turnover_ratio": 0.95,
            "reinvestment_rate": -1.8,
            "research_to_sale_ratio": 1.75,
            "price_fair": 79.63,
            "eps_avg_yearly": 2.28,
            "eps_latest_yearly": 2.84,
            "eps_growth_yearly": 119.52
        },
        "20203": {
            "year_quarter": 20203,
            "year": 2020,
            "quarter": 3,
            "eps": 0.39,
            "eps_growth_year": -44.29,
            "eps_4q": 2.38,
            "eps_4q_growth_year": -17.31,
            "roe": 1.5,
            "roe_4q": 9.259999999999998,
            "gross_profit": 108376,
            "gross_margin": 27.97,
            "gross_margin_4q_avg": 28.98,
            "net_income": 33336,
            "revenue": 387475,
            "common_shares": 852970,
            "book_valuer_per_share": 26.37,
            "book_valuer_per_share_4q_avg": 26.01,
            "equity": 2249659,
            "current_ratio": 301.85,
            "debt_ratio": 27.21,
            "inventory_turnover_ratio": 0.39,
            "account_receivable_turnover_ratio": 0.72,
            "reinvestment_rate": -5.4,
            "research_to_sale_ratio": 2.28,
            "price_fair": 79.63,
            "eps_avg_yearly": 2.28,
            "eps_latest_yearly": 1.56,
            "eps_growth_yearly": 118.02
        },
        "20204": {
            "year_quarter": 20204,
            "year": 2020,
            "quarter": 4,
            "eps": 0.08,
            "eps_growth_year": -68.85,
            "eps_4q": 2.22,
            "eps_4q_growth_year": -16.91,
            "roe": 0.29,
            "roe_4q": 8.620000000000001,
            "gross_profit": 58626,
            "gross_margin": 19.12,
            "gross_margin_4q_avg": 27.77,
            "net_income": 6450,
            "revenue": 306590,
            "common_shares": 852970,
            "book_valuer_per_share": 26.67,
            "book_valuer_per_share_4q_avg": 26.13,
            "equity": 2274801,
            "current_ratio": 280.13,
            "debt_ratio": 28.99,
            "inventory_turnover_ratio": 0.31,
            "account_receivable_turnover_ratio": 0.7,
            "reinvestment_rate": -4.96,
            "research_to_sale_ratio": 2.98,
            "price_fair": 76.48,
            "eps_avg_yearly": 2.19,
            "eps_latest_yearly": 0.32,
            "eps_growth_yearly": 94.94
        },
        "20211": {
            "year_quarter": 20211,
            "year": 2021,
            "quarter": 1,
            "eps": 0.67,
            "eps_growth_year": -36.19,
            "eps_4q": 1.82,
            "eps_4q_growth_year": -36.65,
            "roe": 2.55,
            "roe_4q": 7.119999999999999,
            "gross_profit": 175353,
            "gross_margin": 33.37,
            "gross_margin_4q_avg": 27.72,
            "net_income": 57006,
            "revenue": 525538,
            "common_shares": 852970,
            "book_valuer_per_share": 25.78,
            "book_valuer_per_share_4q_avg": 26.22,
            "equity": 2198712,
            "current_ratio": 232.18,
            "debt_ratio": 34.35,
            "inventory_turnover_ratio": 0.42,
            "account_receivable_turnover_ratio": 1.26,
            "reinvestment_rate": -1.34,
            "research_to_sale_ratio": 1.47,
            "price_fair": 79.54,
            "eps_avg_yearly": 2.27,
            "eps_latest_yearly": 2.68,
            "eps_growth_yearly": 286.13
        },
        "20212": {
            "year_quarter": 20212,
            "year": 2021,
            "quarter": 2,
            "eps": 2.34,
            "eps_growth_year": 229.58,
            "eps_4q": 3.47,
            "eps_4q_growth_year": 30.5,
            "roe": 8.75,
            "roe_4q": 13.09,
            "gross_profit": 173271,
            "gross_margin": 30.78,
            "gross_margin_4q_avg": 27.81,
            "net_income": 200497,
            "revenue": 562899,
            "common_shares": 856702,
            "book_valuer_per_share": 27.84,
            "book_valuer_per_share_4q_avg": 26.67,
            "equity": 2384656,
            "current_ratio": 288.89,
            "debt_ratio": 29.92,
            "inventory_turnover_ratio": 0.48,
            "account_receivable_turnover_ratio": 1.1,
            "reinvestment_rate": -2.07,
            "research_to_sale_ratio": 1.55,
            "price_fair": 95.11,
            "eps_avg_yearly": 2.72,
            "eps_latest_yearly": 9.36,
            "eps_growth_yearly": 329.7
        },
        "20213": {
            "year_quarter": 20213,
            "year": 2021,
            "quarter": 3,
            "eps": 0.39,
            "eps_growth_year": 0,
            "eps_4q": 3.47,
            "eps_4q_growth_year": 45.56,
            "roe": 1.39,
            "roe_4q": 12.98,
            "gross_profit": 105103,
            "gross_margin": 21.5,
            "gross_margin_4q_avg": 26.19,
            "net_income": 33289,
            "revenue": 488788,
            "common_shares": 856702,
            "book_valuer_per_share": 28.1,
            "book_valuer_per_share_4q_avg": 27.1,
            "equity": 2407316,
            "current_ratio": 322.74,
            "debt_ratio": 25.23,
            "inventory_turnover_ratio": 0.47,
            "account_receivable_turnover_ratio": 0.82,
            "reinvestment_rate": -0.71,
            "research_to_sale_ratio": 1.93,
            "price_fair": 93.54,
            "eps_avg_yearly": 2.67,
            "eps_latest_yearly": 1.56,
            "eps_growth_yearly": 308.42
        },
        "20214": {
            "year_quarter": 20214,
            "year": 2021,
            "quarter": 4,
            "eps": 0.45,
            "eps_growth_year": 491,
            "eps_4q": 3.84,
            "eps_4q_growth_year": 73.19,
            "roe": 1.58,
            "roe_4q": 14.27,
            "gross_profit": 89679,
            "gross_margin": 17.52,
            "gross_margin_4q_avg": 25.79,
            "net_income": 38286,
            "revenue": 511740,
            "common_shares": 856702,
            "book_valuer_per_share": 28.63,
            "book_valuer_per_share_4q_avg": 27.59,
            "equity": 2452352,
            "current_ratio": 353.37,
            "debt_ratio": 22.96,
            "inventory_turnover_ratio": 0.48,
            "account_receivable_turnover_ratio": 0.82,
            "reinvestment_rate": 0.43,
            "research_to_sale_ratio": 1.73,
            "price_fair": 95.73,
            "eps_avg_yearly": 2.74,
            "eps_latest_yearly": 1.8,
            "eps_growth_yearly": 328.49
        },
        "20221": {
            "year_quarter": 20221,
            "year": 2022,
            "quarter": 1,
            "eps": 1.06,
            "eps_growth_year": 58.21,
            "eps_4q": 4.15,
            "eps_4q_growth_year": 127.99,
            "roe": 3.8,
            "roe_4q": 15.52,
            "gross_profit": 163815,
            "gross_margin": 25.89,
            "gross_margin_4q_avg": 23.92,
            "net_income": 90969,
            "revenue": 632748,
            "common_shares": 856702,
            "book_valuer_per_share": 27.19,
            "book_valuer_per_share_4q_avg": 27.94,
            "equity": 2329597,
            "current_ratio": 264.14,
            "debt_ratio": 30.12,
            "inventory_turnover_ratio": 0.51,
            "account_receivable_turnover_ratio": 0.89,
            "reinvestment_rate": 0.88,
            "research_to_sale_ratio": 1.45,
            "price_fair": 102.2,
            "eps_avg_yearly": 2.92,
            "eps_latest_yearly": 4.24,
            "eps_growth_yearly": 347.38
        },
        "20222": {
            "year_quarter": 20222,
            "year": 2022,
            "quarter": 2,
            "eps": 1.24,
            "eps_growth_year": -47.01,
            "eps_4q": 3.13,
            "eps_4q_growth_year": -9.78,
            "roe": 4.5,
            "roe_4q": 11.270000000000001,
            "gross_profit": 199823,
            "gross_margin": 25.19,
            "gross_margin_4q_avg": 22.53,
            "net_income": 106898,
            "revenue": 793290,
            "common_shares": 860612,
            "book_valuer_per_share": 28.18,
            "book_valuer_per_share_4q_avg": 28.03,
            "equity": 2425167,
            "current_ratio": 274.84,
            "debt_ratio": 28.55,
            "inventory_turnover_ratio": 0.67,
            "account_receivable_turnover_ratio": 0.83,
            "reinvestment_rate": 0.37,
            "research_to_sale_ratio": 1.09,
            "price_fair": 104.56,
            "eps_avg_yearly": 2.99,
            "eps_latest_yearly": 4.96,
            "eps_growth_yearly": 300.84
        },
        "20223": {
            "year_quarter": 20223,
            "year": 2022,
            "quarter": 3,
            "eps": 1.4,
            "eps_growth_year": 258.97,
            "eps_4q": 4.15,
            "eps_4q_growth_year": 19.56,
            "roe": 4.86,
            "roe_4q": 14.74,
            "gross_profit": 177727,
            "gross_margin": 22.26,
            "gross_margin_4q_avg": 22.72,
            "net_income": 120861,
            "revenue": 798516,
            "common_shares": 860612,
            "book_valuer_per_share": 29.61,
            "book_valuer_per_share_4q_avg": 28.4,
            "equity": 2548109,
            "current_ratio": 309.02,
            "debt_ratio": 27.01,
            "inventory_turnover_ratio": 0.74,
            "account_receivable_turnover_ratio": 0.68,
            "reinvestment_rate": -0.18,
            "research_to_sale_ratio": 1.27,
            "price_fair": 113.05,
            "eps_avg_yearly": 3.23,
            "eps_latest_yearly": 5.6,
            "eps_growth_yearly": 317.99
        },
        "20224": {
            "year_quarter": 20224,
            "year": 2022,
            "quarter": 4,
            "eps": -0.05,
            "eps_growth_year": -111.09,
            "eps_4q": 3.65,
            "eps_4q_growth_year": -4.88,
            "roe": -0.17,
            "roe_4q": 12.990000000000002,
            "gross_profit": 66458,
            "gross_margin": 24.92,
            "gross_margin_4q_avg": 24.57,
            "net_income": -4266,
            "revenue": 266664,
            "common_shares": 860612,
            "book_valuer_per_share": 29.61,
            "book_valuer_per_share_4q_avg": 28.65,
            "equity": 2547999,
            "current_ratio": 378.3,
            "debt_ratio": 21.81,
            "inventory_turnover_ratio": 0.23,
            "account_receivable_turnover_ratio": 0.26,
            "reinvestment_rate": 1.01,
            "research_to_sale_ratio": 2.91,
            "price_fair": 116.29,
            "eps_avg_yearly": 3.32,
            "eps_latest_yearly": 5.6,
            "eps_growth_yearly": 337.33
        },
        "20231": {
            "year_quarter": 20231,
            "year": 2023,
            "quarter": 1,
            "eps": 0.43,
            "eps_growth_year": -59.43,
            "eps_4q": 2.96,
            "eps_4q_growth_year": -28.79,
            "roe": 1.49,
            "roe_4q": 10.68,
            "gross_profit": 128441,
            "gross_margin": 27.35,
            "gross_margin_4q_avg": 24.93,
            "net_income": 36655,
            "revenue": 469683,
            "common_shares": 860612,
            "book_valuer_per_share": 27.59,
            "book_valuer_per_share_4q_avg": 28.75,
            "equity": 2374560,
            "current_ratio": 320.26,
            "debt_ratio": 25.48,
            "inventory_turnover_ratio": 0.38,
            "account_receivable_turnover_ratio": 0.67,
            "reinvestment_rate": -1.49,
            "research_to_sale_ratio": 1.98,
            "price_fair": 116.6,
            "eps_avg_yearly": 3.33,
            "eps_latest_yearly": 5.6,
            "eps_growth_yearly": 340.3
        }
    },
    "months": {
        "2003-10": {
            "month": "2003-10",
            "price": "29.00",
            "revenue": 66439
        },
        "2003-11": {
            "month": "2003-11",
            "price": "30.17",
            "revenue": 56177
        },
        "2003-12": {
            "month": "2003-12",
            "price": "31.12",
            "revenue": 64384
        },
        "2004-01": {
            "month": "2004-01",
            "price": "31.36",
            "revenue": 45769
        },
        "2004-02": {
            "month": "2004-02",
            "price": "36.55",
            "revenue": 87733
        },
        "2004-03": {
            "month": "2004-03",
            "price": "29.88",
            "revenue": 94468
        },
        "2004-04": {
            "month": "2004-04",
            "price": "30.42",
            "revenue": 101777
        },
        "2004-05": {
            "month": "2004-05",
            "price": "29.29",
            "revenue": 65558
        },
        "2004-06": {
            "month": "2004-06",
            "price": "28.27",
            "revenue": 77957
        },
        "2004-07": {
            "month": "2004-07",
            "price": "27.79",
            "revenue": 64103
        },
        "2004-08": {
            "month": "2004-08",
            "price": "27.73",
            "revenue": 99790
        },
        "2004-09": {
            "month": "2004-09",
            "price": "24.92",
            "revenue": 74317
        },
        "2004-10": {
            "month": "2004-10",
            "price": "26.54",
            "revenue": 71403
        },
        "2004-11": {
            "month": "2004-11",
            "price": "26.41",
            "revenue": 116229
        },
        "2004-12": {
            "month": "2004-12",
            "price": "25.31",
            "revenue": 82380
        },
        "2005-01": {
            "month": "2005-01",
            "price": "23.18",
            "revenue": 57584
        },
        "2005-02": {
            "month": "2005-02",
            "price": "24.41",
            "revenue": 68055
        },
        "2005-03": {
            "month": "2005-03",
            "price": "23.65",
            "revenue": 123916
        },
        "2005-04": {
            "month": "2005-04",
            "price": "23.77",
            "revenue": 143146
        },
        "2005-05": {
            "month": "2005-05",
            "price": "22.97",
            "revenue": 125438
        },
        "2005-06": {
            "month": "2005-06",
            "price": "22.93",
            "revenue": 97321
        },
        "2005-07": {
            "month": "2005-07",
            "price": "24.54",
            "revenue": 63887
        },
        "2005-08": {
            "month": "2005-08",
            "price": "26.39",
            "revenue": 111421
        },
        "2005-09": {
            "month": "2005-09",
            "price": "24.51",
            "revenue": 88205
        },
        "2005-10": {
            "month": "2005-10",
            "price": "22.55",
            "revenue": 91021
        },
        "2005-11": {
            "month": "2005-11",
            "price": "21.24",
            "revenue": 84771
        },
        "2005-12": {
            "month": "2005-12",
            "price": "21.38",
            "revenue": 132734
        },
        "2006-01": {
            "month": "2006-01",
            "price": "21.48",
            "revenue": 75048
        },
        "2006-02": {
            "month": "2006-02",
            "price": "21.15",
            "revenue": 77531
        },
        "2006-03": {
            "month": "2006-03",
            "price": "19.72",
            "revenue": 141651
        },
        "2006-04": {
            "month": "2006-04",
            "price": "18.99",
            "revenue": 117087
        },
        "2006-05": {
            "month": "2006-05",
            "price": "18.89",
            "revenue": 118163
        },
        "2006-06": {
            "month": "2006-06",
            "price": "18.34",
            "revenue": 97643
        },
        "2006-07": {
            "month": "2006-07",
            "price": "18.23",
            "revenue": 109218
        },
        "2006-08": {
            "month": "2006-08",
            "price": "18.35",
            "revenue": 127004
        },
        "2006-09": {
            "month": "2006-09",
            "price": "18.18",
            "revenue": 130497
        },
        "2006-10": {
            "month": "2006-10",
            "price": "18.60",
            "revenue": 103655
        },
        "2006-11": {
            "month": "2006-11",
            "price": "19.88",
            "revenue": 91895
        },
        "2006-12": {
            "month": "2006-12",
            "price": "20.69",
            "revenue": 93141
        },
        "2007-01": {
            "month": "2007-01",
            "price": "20.84",
            "revenue": 84785
        },
        "2007-02": {
            "month": "2007-02",
            "price": "20.35",
            "revenue": 93843
        },
        "2007-03": {
            "month": "2007-03",
            "price": "21.25",
            "revenue": 138659
        },
        "2007-04": {
            "month": "2007-04",
            "price": "24.72",
            "revenue": 109278
        },
        "2007-05": {
            "month": "2007-05",
            "price": "29.83",
            "revenue": 126226
        },
        "2007-06": {
            "month": "2007-06",
            "price": "39.59",
            "revenue": 133995
        },
        "2007-07": {
            "month": "2007-07",
            "price": "51.97",
            "revenue": 76415
        },
        "2007-08": {
            "month": "2007-08",
            "price": "41.77",
            "revenue": 137842
        },
        "2007-09": {
            "month": "2007-09",
            "price": "39.34",
            "revenue": 165592
        },
        "2007-10": {
            "month": "2007-10",
            "price": "35.75",
            "revenue": 151982
        },
        "2007-11": {
            "month": "2007-11",
            "price": "29.15",
            "revenue": 139690
        },
        "2007-12": {
            "month": "2007-12",
            "price": "27.04",
            "revenue": 89157
        },
        "2008-01": {
            "month": "2008-01",
            "price": "29.30",
            "revenue": 130030
        },
        "2008-02": {
            "month": "2008-02",
            "price": "30.11",
            "revenue": 100606
        },
        "2008-03": {
            "month": "2008-03",
            "price": "31.00",
            "revenue": 197278
        },
        "2008-04": {
            "month": "2008-04",
            "price": "40.28",
            "revenue": 146930
        },
        "2008-05": {
            "month": "2008-05",
            "price": "46.20",
            "revenue": 169646
        },
        "2008-06": {
            "month": "2008-06",
            "price": "39.31",
            "revenue": 223131
        },
        "2008-07": {
            "month": "2008-07",
            "price": "37.12",
            "revenue": 179319
        },
        "2008-08": {
            "month": "2008-08",
            "price": "30.55",
            "revenue": 168069
        },
        "2008-09": {
            "month": "2008-09",
            "price": "23.85",
            "revenue": 153772
        },
        "2008-10": {
            "month": "2008-10",
            "price": "18.67",
            "revenue": 238456
        },
        "2008-11": {
            "month": "2008-11",
            "price": "20.66",
            "revenue": 130749
        },
        "2008-12": {
            "month": "2008-12",
            "price": "20.13",
            "revenue": 122523
        },
        "2009-01": {
            "month": "2009-01",
            "price": "19.69",
            "revenue": 77063
        },
        "2009-02": {
            "month": "2009-02",
            "price": "22.36",
            "revenue": 128081
        },
        "2009-03": {
            "month": "2009-03",
            "price": "25.98",
            "revenue": 186884
        },
        "2009-04": {
            "month": "2009-04",
            "price": "29.48",
            "revenue": 156903
        },
        "2009-05": {
            "month": "2009-05",
            "price": "28.37",
            "revenue": 123650
        },
        "2009-06": {
            "month": "2009-06",
            "price": "27.05",
            "revenue": 176265
        },
        "2009-07": {
            "month": "2009-07",
            "price": "25.73",
            "revenue": 137467
        },
        "2009-08": {
            "month": "2009-08",
            "price": "25.38",
            "revenue": 107490
        },
        "2009-09": {
            "month": "2009-09",
            "price": "25.54",
            "revenue": 95989
        },
        "2009-10": {
            "month": "2009-10",
            "price": "25.57",
            "revenue": 89069
        },
        "2009-11": {
            "month": "2009-11",
            "price": "25.69",
            "revenue": 108764
        },
        "2009-12": {
            "month": "2009-12",
            "price": "27.06",
            "revenue": 172213
        },
        "2010-01": {
            "month": "2010-01",
            "price": "30.18",
            "revenue": 133854
        },
        "2010-02": {
            "month": "2010-02",
            "price": "26.73",
            "revenue": 107795
        },
        "2010-03": {
            "month": "2010-03",
            "price": "29.42",
            "revenue": 220811
        },
        "2010-04": {
            "month": "2010-04",
            "price": "30.99",
            "revenue": 192012
        },
        "2010-05": {
            "month": "2010-05",
            "price": "31.38",
            "revenue": 158721
        },
        "2010-06": {
            "month": "2010-06",
            "price": "27.77",
            "revenue": 156457
        },
        "2010-07": {
            "month": "2010-07",
            "price": "29.53",
            "revenue": 187916
        },
        "2010-08": {
            "month": "2010-08",
            "price": "37.72",
            "revenue": 177785
        },
        "2010-09": {
            "month": "2010-09",
            "price": "39.64",
            "revenue": 114428
        },
        "2010-10": {
            "month": "2010-10",
            "price": "38.88",
            "revenue": 132391
        },
        "2010-11": {
            "month": "2010-11",
            "price": "33.75",
            "revenue": 138058
        },
        "2010-12": {
            "month": "2010-12",
            "price": "35.08",
            "revenue": 139705
        },
        "2011-01": {
            "month": "2011-01",
            "price": "36.10",
            "revenue": 134133
        },
        "2011-02": {
            "month": "2011-02",
            "price": "36.72",
            "revenue": 109669
        },
        "2011-03": {
            "month": "2011-03",
            "price": "33.82",
            "revenue": 224666
        },
        "2011-04": {
            "month": "2011-04",
            "price": "34.89",
            "revenue": 131564
        },
        "2011-05": {
            "month": "2011-05",
            "price": "34.20",
            "revenue": 230478
        },
        "2011-06": {
            "month": "2011-06",
            "price": "33.12",
            "revenue": 178213
        },
        "2011-07": {
            "month": "2011-07",
            "price": "32.04",
            "revenue": 160438
        },
        "2011-08": {
            "month": "2011-08",
            "price": "28.46",
            "revenue": 125426
        },
        "2011-09": {
            "month": "2011-09",
            "price": "25.91",
            "revenue": 121467
        },
        "2011-10": {
            "month": "2011-10",
            "price": "24.57",
            "revenue": 104292
        },
        "2011-11": {
            "month": "2011-11",
            "price": "24.82",
            "revenue": 187591
        },
        "2011-12": {
            "month": "2011-12",
            "price": "23.75",
            "revenue": 134162
        },
        "2012-01": {
            "month": "2012-01",
            "price": "24.37",
            "revenue": 90090
        },
        "2012-02": {
            "month": "2012-02",
            "price": "28.16",
            "revenue": 169341
        },
        "2012-03": {
            "month": "2012-03",
            "price": "29.00",
            "revenue": 260150
        },
        "2012-04": {
            "month": "2012-04",
            "price": "27.69",
            "revenue": 176078
        },
        "2012-05": {
            "month": "2012-05",
            "price": "28.05",
            "revenue": 247454
        },
        "2012-06": {
            "month": "2012-06",
            "price": "26.95",
            "revenue": 132396
        },
        "2012-07": {
            "month": "2012-07",
            "price": "28.00",
            "revenue": 122675
        },
        "2012-08": {
            "month": "2012-08",
            "price": "30.14",
            "revenue": 157614
        },
        "2012-09": {
            "month": "2012-09",
            "price": "30.35",
            "revenue": 125122
        },
        "2012-10": {
            "month": "2012-10",
            "price": "27.81",
            "revenue": 143278
        },
        "2012-11": {
            "month": "2012-11",
            "price": "26.58",
            "revenue": 135554
        },
        "2012-12": {
            "month": "2012-12",
            "price": "27.78",
            "revenue": 99124
        },
        "2013-01": {
            "month": "2013-01",
            "price": "27.88",
            "revenue": 171065
        },
        "2013-02": {
            "month": "2013-02",
            "price": "28.53",
            "revenue": 155360
        },
        "2013-03": {
            "month": "2013-03",
            "price": "29.35",
            "revenue": 292714
        },
        "2013-04": {
            "month": "2013-04",
            "price": "28.10",
            "revenue": 269635
        },
        "2013-05": {
            "month": "2013-05",
            "price": "28.15",
            "revenue": 236480
        },
        "2013-06": {
            "month": "2013-06",
            "price": "28.23",
            "revenue": 184321
        },
        "2013-07": {
            "month": "2013-07",
            "price": "28.49",
            "revenue": 176000
        },
        "2013-08": {
            "month": "2013-08",
            "price": "29.15",
            "revenue": 169876
        },
        "2013-09": {
            "month": "2013-09",
            "price": "28.98",
            "revenue": 193056
        },
        "2013-10": {
            "month": "2013-10",
            "price": "28.85",
            "revenue": 213323
        },
        "2013-11": {
            "month": "2013-11",
            "price": "29.04",
            "revenue": 180801
        },
        "2013-12": {
            "month": "2013-12",
            "price": "29.56",
            "revenue": 134088
        },
        "2014-01": {
            "month": "2014-01",
            "price": "29.84",
            "revenue": 167283
        },
        "2014-02": {
            "month": "2014-02",
            "price": "29.89",
            "revenue": 209041
        },
        "2014-03": {
            "month": "2014-03",
            "price": "34.17",
            "revenue": 305646
        },
        "2014-04": {
            "month": "2014-04",
            "price": "32.86",
            "revenue": 325386
        },
        "2014-05": {
            "month": "2014-05",
            "price": "35.12",
            "revenue": 347441
        },
        "2014-06": {
            "month": "2014-06",
            "price": "38.22",
            "revenue": 203879
        },
        "2014-07": {
            "month": "2014-07",
            "price": "36.56",
            "revenue": 243255
        },
        "2014-08": {
            "month": "2014-08",
            "price": "36.99",
            "revenue": 128219
        },
        "2014-09": {
            "month": "2014-09",
            "price": "33.81",
            "revenue": 191649
        },
        "2014-10": {
            "month": "2014-10",
            "price": "32.08",
            "revenue": 213489
        },
        "2014-11": {
            "month": "2014-11",
            "price": "32.69",
            "revenue": 157235
        },
        "2014-12": {
            "month": "2014-12",
            "price": "33.50",
            "revenue": 211611
        },
        "2015-01": {
            "month": "2015-01",
            "price": "34.38",
            "revenue": 216575
        },
        "2015-02": {
            "month": "2015-02",
            "price": "34.85",
            "revenue": 193746
        },
        "2015-03": {
            "month": "2015-03",
            "price": "35.29",
            "revenue": 269188
        },
        "2015-04": {
            "month": "2015-04",
            "price": "34.63",
            "revenue": 255237
        },
        "2015-05": {
            "month": "2015-05",
            "price": "32.60",
            "revenue": 266096
        },
        "2015-06": {
            "month": "2015-06",
            "price": "31.24",
            "revenue": 193892
        },
        "2015-07": {
            "month": "2015-07",
            "price": "30.51",
            "revenue": 155557
        },
        "2015-08": {
            "month": "2015-08",
            "price": "27.70",
            "revenue": 190975
        },
        "2015-09": {
            "month": "2015-09",
            "price": "27.73",
            "revenue": 150158
        },
        "2015-10": {
            "month": "2015-10",
            "price": "27.92",
            "revenue": 180920
        },
        "2015-11": {
            "month": "2015-11",
            "price": "28.30",
            "revenue": 126014
        },
        "2015-12": {
            "month": "2015-12",
            "price": "26.87",
            "revenue": 125139
        },
        "2016-01": {
            "month": "2016-01",
            "price": "24.96",
            "revenue": 166903
        },
        "2016-02": {
            "month": "2016-02",
            "price": "25.67",
            "revenue": 117690
        },
        "2016-03": {
            "month": "2016-03",
            "price": "26.57",
            "revenue": 254430
        },
        "2016-04": {
            "month": "2016-04",
            "price": "26.13",
            "revenue": 271863
        },
        "2016-05": {
            "month": "2016-05",
            "price": "26.15",
            "revenue": 188979
        },
        "2016-06": {
            "month": "2016-06",
            "price": "26.51",
            "revenue": 253862
        },
        "2016-07": {
            "month": "2016-07",
            "price": "27.10",
            "revenue": 209422
        },
        "2016-08": {
            "month": "2016-08",
            "price": "27.95",
            "revenue": 212746
        },
        "2016-09": {
            "month": "2016-09",
            "price": "26.70",
            "revenue": 157799
        },
        "2016-10": {
            "month": "2016-10",
            "price": "26.36",
            "revenue": 151434
        },
        "2016-11": {
            "month": "2016-11",
            "price": "25.27",
            "revenue": 161745
        },
        "2016-12": {
            "month": "2016-12",
            "price": "25.76",
            "revenue": 152689
        },
        "2017-01": {
            "month": "2017-01",
            "price": "26.01",
            "revenue": 200067
        },
        "2017-02": {
            "month": "2017-02",
            "price": "27.25",
            "revenue": 167522
        },
        "2017-03": {
            "month": "2017-03",
            "price": "27.72",
            "revenue": 249020
        },
        "2017-04": {
            "month": "2017-04",
            "price": "27.98",
            "revenue": 176657
        },
        "2017-05": {
            "month": "2017-05",
            "price": "26.72",
            "revenue": 171033
        },
        "2017-06": {
            "month": "2017-06",
            "price": "26.87",
            "revenue": 205417
        },
        "2017-07": {
            "month": "2017-07",
            "price": "26.89",
            "revenue": 170816
        },
        "2017-08": {
            "month": "2017-08",
            "price": "26.92",
            "revenue": 164153
        },
        "2017-09": {
            "month": "2017-09",
            "price": "25.92",
            "revenue": 182033
        },
        "2017-10": {
            "month": "2017-10",
            "price": "26.35",
            "revenue": 146076
        },
        "2017-11": {
            "month": "2017-11",
            "price": "26.59",
            "revenue": 129371
        },
        "2017-12": {
            "month": "2017-12",
            "price": "26.23",
            "revenue": 110549
        },
        "2018-01": {
            "month": "2018-01",
            "price": "27.10",
            "revenue": 188158
        },
        "2018-02": {
            "month": "2018-02",
            "price": "26.68",
            "revenue": 122530
        },
        "2018-03": {
            "month": "2018-03",
            "price": "27.02",
            "revenue": 249347
        },
        "2018-04": {
            "month": "2018-04",
            "price": "27.10",
            "revenue": 173534
        },
        "2018-05": {
            "month": "2018-05",
            "price": "26.87",
            "revenue": 227190
        },
        "2018-06": {
            "month": "2018-06",
            "price": "26.97",
            "revenue": 258006
        },
        "2018-07": {
            "month": "2018-07",
            "price": "27.21",
            "revenue": 199693
        },
        "2018-08": {
            "month": "2018-08",
            "price": "27.91",
            "revenue": 126889
        },
        "2018-09": {
            "month": "2018-09",
            "price": "27.12",
            "revenue": 138994
        },
        "2018-10": {
            "month": "2018-10",
            "price": "26.06",
            "revenue": 178799
        },
        "2018-11": {
            "month": "2018-11",
            "price": "25.98",
            "revenue": 142395
        },
        "2018-12": {
            "month": "2018-12",
            "price": "26.30",
            "revenue": 163397
        },
        "2019-01": {
            "month": "2019-01",
            "price": "26.72",
            "revenue": 190425
        },
        "2019-02": {
            "month": "2019-02",
            "price": "27.51",
            "revenue": 164914
        },
        "2019-03": {
            "month": "2019-03",
            "price": "28.08",
            "revenue": 239372
        },
        "2019-04": {
            "month": "2019-04",
            "price": "28.24",
            "revenue": 218011
        },
        "2019-05": {
            "month": "2019-05",
            "price": "29.31",
            "revenue": 225802
        },
        "2019-06": {
            "month": "2019-06",
            "price": "29.47",
            "revenue": 177795
        },
        "2019-07": {
            "month": "2019-07",
            "price": "29.31",
            "revenue": 172222
        },
        "2019-08": {
            "month": "2019-08",
            "price": "29.10",
            "revenue": 178497
        },
        "2019-09": {
            "month": "2019-09",
            "price": "29.48",
            "revenue": 167613
        },
        "2019-10": {
            "month": "2019-10",
            "price": "30.11",
            "revenue": 138083
        },
        "2019-11": {
            "month": "2019-11",
            "price": "30.42",
            "revenue": 89777
        },
        "2019-12": {
            "month": "2019-12",
            "price": "30.17",
            "revenue": 114747
        },
        "2020-01": {
            "month": "2020-01",
            "price": "29.55",
            "revenue": 160423
        },
        "2020-02": {
            "month": "2020-02",
            "price": "29.36",
            "revenue": 213839
        },
        "2020-03": {
            "month": "2020-03",
            "price": "28.09",
            "revenue": 226320
        },
        "2020-04": {
            "month": "2020-04",
            "price": "28.61",
            "revenue": 223703
        },
        "2020-05": {
            "month": "2020-05",
            "price": "32.68",
            "revenue": 181311
        },
        "2020-06": {
            "month": "2020-06",
            "price": "33.14",
            "revenue": 137549
        },
        "2020-07": {
            "month": "2020-07",
            "price": "32.52",
            "revenue": 156184
        },
        "2020-08": {
            "month": "2020-08",
            "price": "32.12",
            "revenue": 114836
        },
        "2020-09": {
            "month": "2020-09",
            "price": "29.76",
            "revenue": 117091
        },
        "2020-10": {
            "month": "2020-10",
            "price": "28.82",
            "revenue": 90434
        },
        "2020-11": {
            "month": "2020-11",
            "price": "29.39",
            "revenue": 108469
        },
        "2020-12": {
            "month": "2020-12",
            "price": "30.39",
            "revenue": 109846
        },
        "2021-01": {
            "month": "2021-01",
            "price": "30.00",
            "revenue": 167137
        },
        "2021-02": {
            "month": "2021-02",
            "price": "29.86",
            "revenue": 127490
        },
        "2021-03": {
            "month": "2021-03",
            "price": "30.59",
            "revenue": 230890
        },
        "2021-04": {
            "month": "2021-04",
            "price": "31.14",
            "revenue": 190488
        },
        "2021-05": {
            "month": "2021-05",
            "price": "30.05",
            "revenue": 227452
        },
        "2021-06": {
            "month": "2021-06",
            "price": "29.97",
            "revenue": 144515
        },
        "2021-07": {
            "month": "2021-07",
            "price": "30.58",
            "revenue": 139950
        },
        "2021-08": {
            "month": "2021-08",
            "price": "30.43",
            "revenue": 151416
        },
        "2021-09": {
            "month": "2021-09",
            "price": "30.08",
            "revenue": 197925
        },
        "2021-10": {
            "month": "2021-10",
            "price": "33.38",
            "revenue": 214165
        },
        "2021-11": {
            "month": "2021-11",
            "price": "33.40",
            "revenue": 160283
        },
        "2021-12": {
            "month": "2021-12",
            "price": "32.88",
            "revenue": 137272
        },
        "2022-01": {
            "month": "2022-01",
            "price": "32.19",
            "revenue": 216223
        },
        "2022-02": {
            "month": "2022-02",
            "price": "33.62",
            "revenue": 143542
        },
        "2022-03": {
            "month": "2022-03",
            "price": "36.71",
            "revenue": 272989
        },
        "2022-04": {
            "month": "2022-04",
            "price": "53.97",
            "revenue": 238014
        },
        "2022-05": {
            "month": "2022-05",
            "price": "48.21",
            "revenue": 303391
        },
        "2022-06": {
            "month": "2022-06",
            "price": "41.45",
            "revenue": 251923
        },
        "2022-07": {
            "month": "2022-07",
            "price": "40.14",
            "revenue": 333622
        },
        "2022-08": {
            "month": "2022-08",
            "price": "46.13",
            "revenue": 297430
        },
        "2022-09": {
            "month": "2022-09",
            "price": "46.63",
            "revenue": 167419
        },
        "2022-10": {
            "month": "2022-10",
            "price": "37.50",
            "revenue": 125372
        },
        "2022-11": {
            "month": "2022-11",
            "price": "36.84",
            "revenue": 90405
        },
        "2022-12": {
            "month": "2022-12",
            "price": "37.02",
            "revenue": 50873
        },
        "2023-01": {
            "month": "2023-01",
            "price": "36.07",
            "revenue": 112622
        },
        "2023-02": {
            "month": "2023-02",
            "price": "37.81",
            "revenue": 162635
        },
        "2023-03": {
            "month": "2023-03",
            "price": "39.57",
            "revenue": 194420
        },
        "2023-04": {
            "month": "2023-04",
            "price": "39.18",
            "revenue": 99566
        }
    }
}
