{
    "summary": {
        "stock_name": "聚和",
        "stock_id": "6509",
        "category": "化工",
        "main_business": "特用化學品<br>辦公文具用品<br>精密化學品",
        "website_url": "http://www.hopax.com",
        "ceo": "郭聰田",
        "pe_ratio": 14,
        "report_year_from": 2001,
        "report_year_to": 2023,
        "age": 23,
        "eps_negative_percentage": 5,
        "eps_growth_avg": {
            "last_all": 11.03,
            "last_2y": 16.86,
            "last_4y": 22.53,
            "last_8y": 27.5,
            "last_12y": 26.47,
            "last_16y": 5.93,
            "last_20y": null,
            "at_2006_last_3y": null,
            "at_2007_last_3y": 10.95,
            "at_2008_last_3y": -39.05,
            "at_2009_last_3y": -23.63,
            "at_2010_last_3y": -83.06,
            "at_2011_last_3y": -64.19,
            "at_2012_last_3y": 2.47,
            "at_2013_last_3y": 15.4,
            "at_2014_last_3y": 24.16,
            "at_2015_last_3y": 52.73,
            "at_2016_last_3y": 17.57,
            "at_2017_last_3y": -2.11,
            "at_2018_last_3y": 33.7,
            "at_2019_last_3y": 15.55,
            "at_2020_last_3y": 34.38,
            "at_2021_last_3y": 53.4,
            "at_2022_last_3y": 38.42,
            "at_2023_last_3y": 21.32,
            "at_2024_last_3y": 21.32,
            "at_2006_last_all": 38.23,
            "at_2007_last_all": 10.95,
            "at_2008_last_all": -11.24,
            "at_2009_last_all": -11.24,
            "at_2010_last_all": -22.42,
            "at_2011_last_all": -21.25,
            "at_2012_last_all": -6.1,
            "at_2013_last_all": 0.6,
            "at_2014_last_all": -3.79,
            "at_2015_last_all": 5.65,
            "at_2016_last_all": 1.79,
            "at_2017_last_all": -0.23,
            "at_2018_last_all": 6.93,
            "at_2019_last_all": 8.29,
            "at_2020_last_all": 9.94,
            "at_2021_last_all": 12.39,
            "at_2022_last_all": 13.93,
            "at_2023_last_all": 11.03,
            "at_2024_last_all": 11.03
        },
        "latest_eps": 2.8,
        "latest_price": 39.1,
        "latest_roe": 13.6,
        "latest_gross_margin": 27.53,
        "latest_equity": 3691711,
        "latest_revenue": 1149217,
        "latest_gross_profit": 316403,
        "latest_net_income": 105951,
        "latest_debt_ratio": 40.56,
        "latest_current_ratio": 150.64,
        "latest_account_receivable_turnover_ratio": 1.03,
        "latest_inventory_turnover_ratio": 0.68,
        "latest_reinvestment_rate": 16.55,
        "latest_research_to_sale_ratio": 3.44
    },
    "eps_dividends": {
        "2001": {
            "cash": 0,
            "stock": 0,
            "eps": 0
        },
        "2002": {
            "cash": 0.2,
            "stock": 0.8,
            "eps": 0
        },
        "2003": {
            "cash": 0.4,
            "stock": 1,
            "eps": 2.22
        },
        "2004": {
            "cash": 0.4,
            "stock": 1,
            "eps": 6.54
        },
        "2005": {
            "cash": 1,
            "stock": 1,
            "eps": 0.96
        },
        "2006": {
            "cash": 0.49,
            "stock": 0.49,
            "eps": 2.85
        },
        "2007": {
            "cash": 1.43,
            "stock": 0.95,
            "eps": 0.83
        },
        "2008": {
            "cash": 0.1,
            "stock": 0.59,
            "eps": -0.43
        },
        "2009": {
            "cash": 0,
            "stock": 0,
            "eps": 1.29
        },
        "2010": {
            "cash": 0.49,
            "stock": 0.49,
            "eps": 0.28
        },
        "2011": {
            "cash": 0.1,
            "stock": 0.2,
            "eps": 0.24
        },
        "2012": {
            "cash": 0.1,
            "stock": 0.2,
            "eps": 0.48
        },
        "2013": {
            "cash": 0.3,
            "stock": 0,
            "eps": 0.74
        },
        "2014": {
            "cash": 0.5,
            "stock": 0,
            "eps": 0.42
        },
        "2015": {
            "cash": 0.4,
            "stock": 0,
            "eps": 0.96
        },
        "2016": {
            "cash": 0.6,
            "stock": 0,
            "eps": 0.57
        },
        "2017": {
            "cash": 0.5,
            "stock": 0,
            "eps": 0.43
        },
        "2018": {
            "cash": 0.4,
            "stock": 0,
            "eps": 0.95
        },
        "2019": {
            "cash": 0.6,
            "stock": 0,
            "eps": 1.21
        },
        "2020": {
            "cash": 0.7,
            "stock": 0,
            "eps": 1.63
        },
        "2021": {
            "cash": 1,
            "stock": 0,
            "eps": 2.47
        },
        "2022": {
            "cash": 1.25,
            "stock": 0,
            "eps": 3.46
        },
        "2023": {
            "cash": 1.38,
            "stock": 0,
            "eps": 2.04
        }
    },
    "dividends": {
        "2002-05-31": {
            "cash": 0.2,
            "stock": 0.8
        },
        "2003-06-26": {
            "cash": 0.4,
            "stock": 1
        },
        "2004-03-19": {
            "cash": 0.4,
            "stock": 1
        },
        "2005-04-01": {
            "cash": 1,
            "stock": 1
        },
        "2006-04-04": {
            "cash": 0.49,
            "stock": 0.49
        },
        "2007-04-02": {
            "cash": 1.43,
            "stock": 0.95
        },
        "2008-04-01": {
            "cash": 0.1,
            "stock": 0.59
        },
        "2010-04-01": {
            "cash": 0.49,
            "stock": 0.49
        },
        "2011-04-06": {
            "cash": 0.1,
            "stock": 0.2
        },
        "2012-06-15": {
            "cash": 0.1,
            "stock": 0.2
        },
        "2013-06-20": {
            "cash": 0.3,
            "stock": 0
        },
        "2014-10-01": {
            "cash": 0.5,
            "stock": 0
        },
        "2015-10-07": {
            "cash": 0.4,
            "stock": 0
        },
        "2016-09-09": {
            "cash": 0.6,
            "stock": 0
        },
        "2017-08-23": {
            "cash": 0.5,
            "stock": 0
        },
        "2018-08-22": {
            "cash": 0.4,
            "stock": 0
        },
        "2019-08-28": {
            "cash": 0.6,
            "stock": 0
        },
        "2020-09-09": {
            "cash": 0.7,
            "stock": 0
        },
        "2021-09-01": {
            "cash": 1,
            "stock": 0
        },
        "2022-09-28": {
            "cash": 1.25,
            "stock": 0
        },
        "2023-09-08": {
            "cash": 1.38,
            "stock": 0
        }
    },
    "prices": {
        "200101": "無",
        "200102": "無",
        "200103": "無",
        "200104": "無",
        "200105": "無",
        "200106": "無",
        "200107": "無",
        "200108": "無",
        "200109": "無",
        "200110": "無",
        "200111": "無",
        "200112": "無",
        "200201": "無",
        "200202": "無",
        "200203": "無",
        "200204": "無",
        "200205": "無",
        "200206": "無",
        "200207": "無",
        "200208": "無",
        "200209": "無",
        "200210": "無",
        "200211": "無",
        "200212": "無",
        "200301": "無",
        "200302": "無",
        "200303": "無",
        "200304": "無",
        "200305": "無",
        "200306": "無",
        "200307": "無",
        "200308": "無",
        "200309": "無",
        "200310": "無",
        "200311": "19.35",
        "200312": "20.37",
        "200401": "24.51",
        "200402": "31.02",
        "200403": "33.96",
        "200404": "28.24",
        "200405": "22.70",
        "200406": "21.10",
        "200407": "21.59",
        "200408": "19.56",
        "200409": "22.72",
        "200410": "23.32",
        "200411": "21.67",
        "200412": "20.76",
        "200501": "20.61",
        "200502": "21.75",
        "200503": "22.51",
        "200504": "19.96",
        "200505": "19.50",
        "200506": "19.28",
        "200507": "18.08",
        "200508": "17.53",
        "200509": "14.23",
        "200510": "11.65",
        "200511": "10.23",
        "200512": "11.15",
        "200601": "11.70",
        "200602": "11.51",
        "200603": "10.57",
        "200604": "11.43",
        "200605": "16.89",
        "200606": "14.92",
        "200607": "15.28",
        "200608": "16.36",
        "200609": "16.32",
        "200610": "17.13",
        "200611": "19.61",
        "200612": "20.20",
        "200701": "25.95",
        "200702": "30.58",
        "200703": "27.15",
        "200704": "30.30",
        "200705": "26.94",
        "200706": "28.66",
        "200707": "49.76",
        "200708": "44.80",
        "200709": "39.62",
        "200710": "32.79",
        "200711": "22.84",
        "200712": "19.71",
        "200801": "17.40",
        "200802": "16.76",
        "200803": "18.79",
        "200804": "24.99",
        "200805": "24.54",
        "200806": "21.01",
        "200807": "16.39",
        "200808": "16.62",
        "200809": "12.47",
        "200810": "12.63",
        "200811": "11.54",
        "200812": "10.45",
        "200901": "10.42",
        "200902": "10.20",
        "200903": "13.06",
        "200904": "20.75",
        "200905": "18.68",
        "200906": "17.72",
        "200907": "20.07",
        "200908": "18.48",
        "200909": "19.96",
        "200910": "23.80",
        "200911": "23.73",
        "200912": "27.66",
        "201001": "26.16",
        "201002": "23.21",
        "201003": "28.82",
        "201004": "30.62",
        "201005": "27.37",
        "201006": "25.84",
        "201007": "27.83",
        "201008": "29.07",
        "201009": "29.77",
        "201010": "29.98",
        "201011": "25.76",
        "201012": "26.64",
        "201101": "26.50",
        "201102": "25.76",
        "201103": "23.50",
        "201104": "23.38",
        "201105": "22.58",
        "201106": "21.53",
        "201107": "18.72",
        "201108": "14.90",
        "201109": "13.55",
        "201110": "13.14",
        "201111": "13.09",
        "201112": "11.74",
        "201201": "12.95",
        "201202": "15.03",
        "201203": "14.40",
        "201204": "12.89",
        "201205": "12.29",
        "201206": "12.05",
        "201207": "11.99",
        "201208": "12.43",
        "201209": "13.67",
        "201210": "13.57",
        "201211": "12.88",
        "201212": "15.81",
        "201301": "18.36",
        "201302": "19.01",
        "201303": "18.76",
        "201304": "17.03",
        "201305": "18.16",
        "201306": "18.06",
        "201307": "17.98",
        "201308": "17.75",
        "201309": "18.40",
        "201310": "20.00",
        "201311": "20.48",
        "201312": "20.38",
        "201401": "19.59",
        "201402": "21.19",
        "201403": "25.97",
        "201404": "26.20",
        "201405": "26.30",
        "201406": "26.89",
        "201407": "26.85",
        "201408": "24.96",
        "201409": "23.71",
        "201410": "21.38",
        "201411": "20.79",
        "201412": "21.70",
        "201501": "20.72",
        "201502": "20.18",
        "201503": "20.24",
        "201504": "19.56",
        "201505": "18.64",
        "201506": "18.61",
        "201507": "19.50",
        "201508": "16.91",
        "201509": "17.89",
        "201510": "19.42",
        "201511": "19.51",
        "201512": "20.03",
        "201601": "18.68",
        "201602": "19.08",
        "201603": "20.03",
        "201604": "20.46",
        "201605": "19.51",
        "201606": "19.44",
        "201607": "19.95",
        "201608": "18.65",
        "201609": "17.86",
        "201610": "18.13",
        "201611": "18.22",
        "201612": "18.08",
        "201701": "18.64",
        "201702": "18.59",
        "201703": "18.51",
        "201704": "17.65",
        "201705": "17.45",
        "201706": "17.89",
        "201707": "17.65",
        "201708": "18.10",
        "201709": "20.15",
        "201710": "19.46",
        "201711": "18.69",
        "201712": "19.52",
        "201801": "20.06",
        "201802": "19.30",
        "201803": "19.57",
        "201804": "18.52",
        "201805": "19.14",
        "201806": "20.26",
        "201807": "20.83",
        "201808": "19.49",
        "201809": "20.03",
        "201810": "18.66",
        "201811": "18.72",
        "201812": "19.06",
        "201901": "18.74",
        "201902": "20.17",
        "201903": "19.42",
        "201904": "19.40",
        "201905": "18.57",
        "201906": "18.45",
        "201907": "18.90",
        "201908": "18.43",
        "201909": "18.79",
        "201910": "19.12",
        "201911": "18.85",
        "201912": "18.45",
        "202001": "18.36",
        "202002": "18.61",
        "202003": "16.32",
        "202004": "16.68",
        "202005": "19.59",
        "202006": "20.44",
        "202007": "23.67",
        "202008": "22.05",
        "202009": "23.06",
        "202010": "24.13",
        "202011": "25.90",
        "202012": "26.88",
        "202101": "25.67",
        "202102": "25.90",
        "202103": "26.52",
        "202104": "29.26",
        "202105": "28.53",
        "202106": "32.90",
        "202107": "56.07",
        "202108": "57.03",
        "202109": "57.04",
        "202110": "60.36",
        "202111": "69.40",
        "202112": "67.23",
        "202201": "62.74",
        "202202": "61.95",
        "202203": "57.97",
        "202204": "54.66",
        "202205": "47.03",
        "202206": "45.25",
        "202207": "39.48",
        "202208": "42.17",
        "202209": "40.71",
        "202210": "36.21",
        "202211": "38.38",
        "202212": "41.55",
        "202301": "40.93",
        "202302": "45.33",
        "202303": "46.02",
        "202304": "45.49",
        "202305": "43.92",
        "202306": "44.71",
        "202307": "41.66",
        "202308": "37.89",
        "202309": "38.34",
        "202310": "36.70",
        "202311": "37.95",
        "202312": "38.76"
    },
    "quarters": {
        "20011": {
            "year_quarter": 20011,
            "year": 2001,
            "quarter": 1,
            "eps": null,
            "eps_growth_year": null,
            "eps_4q": null,
            "eps_4q_growth_year": null,
            "roe": null,
            "roe_4q": 0,
            "gross_profit": null,
            "gross_margin": null,
            "gross_margin_4q_avg": 0,
            "net_income": null,
            "net_income_4q": null,
            "revenue": null,
            "revenue_4q": null,
            "common_shares": null,
            "book_valuer_per_share": null,
            "book_valuer_per_share_4q_avg": 0,
            "equity": null,
            "current_ratio": null,
            "debt_ratio": null,
            "inventory_turnover_ratio": null,
            "account_receivable_turnover_ratio": null,
            "reinvestment_rate": null,
            "research_to_sale_ratio": null,
            "price_fair": 0,
            "eps_avg_yearly": 0,
            "eps_latest_yearly": 0,
            "eps_growth_yearly": 0
        },
        "20012": {
            "year_quarter": 20012,
            "year": 2001,
            "quarter": 2,
            "eps": null,
            "eps_growth_year": null,
            "eps_4q": null,
            "eps_4q_growth_year": null,
            "roe": null,
            "roe_4q": 0,
            "gross_profit": null,
            "gross_margin": null,
            "gross_margin_4q_avg": 0,
            "net_income": null,
            "net_income_4q": null,
            "revenue": null,
            "revenue_4q": null,
            "common_shares": null,
            "book_valuer_per_share": null,
            "book_valuer_per_share_4q_avg": 0,
            "equity": null,
            "current_ratio": null,
            "debt_ratio": null,
            "inventory_turnover_ratio": null,
            "account_receivable_turnover_ratio": null,
            "reinvestment_rate": null,
            "research_to_sale_ratio": null,
            "price_fair": 0,
            "eps_avg_yearly": 0,
            "eps_latest_yearly": 0,
            "eps_growth_yearly": 0
        },
        "20013": {
            "year_quarter": 20013,
            "year": 2001,
            "quarter": 3,
            "eps": null,
            "eps_growth_year": null,
            "eps_4q": null,
            "eps_4q_growth_year": null,
            "roe": null,
            "roe_4q": 0,
            "gross_profit": null,
            "gross_margin": null,
            "gross_margin_4q_avg": 0,
            "net_income": null,
            "net_income_4q": null,
            "revenue": null,
            "revenue_4q": null,
            "common_shares": null,
            "book_valuer_per_share": null,
            "book_valuer_per_share_4q_avg": 0,
            "equity": null,
            "current_ratio": null,
            "debt_ratio": null,
            "inventory_turnover_ratio": null,
            "account_receivable_turnover_ratio": null,
            "reinvestment_rate": null,
            "research_to_sale_ratio": null,
            "price_fair": 0,
            "eps_avg_yearly": 0,
            "eps_latest_yearly": 0,
            "eps_growth_yearly": 0
        },
        "20014": {
            "year_quarter": 20014,
            "year": 2001,
            "quarter": 4,
            "eps": null,
            "eps_growth_year": null,
            "eps_4q": null,
            "eps_4q_growth_year": null,
            "roe": null,
            "roe_4q": 0,
            "gross_profit": null,
            "gross_margin": null,
            "gross_margin_4q_avg": 0,
            "net_income": null,
            "net_income_4q": null,
            "revenue": null,
            "revenue_4q": null,
            "common_shares": 645300,
            "book_valuer_per_share": 13.88,
            "book_valuer_per_share_4q_avg": 3.47,
            "equity": 895568,
            "current_ratio": 164.72,
            "debt_ratio": 42.13,
            "inventory_turnover_ratio": null,
            "account_receivable_turnover_ratio": null,
            "reinvestment_rate": null,
            "research_to_sale_ratio": null,
            "price_fair": 0,
            "eps_avg_yearly": 0,
            "eps_latest_yearly": 0,
            "eps_growth_yearly": 0
        },
        "20021": {
            "year_quarter": 20021,
            "year": 2002,
            "quarter": 1,
            "eps": null,
            "eps_growth_year": null,
            "eps_4q": null,
            "eps_4q_growth_year": null,
            "roe": null,
            "roe_4q": 0,
            "gross_profit": null,
            "gross_margin": null,
            "gross_margin_4q_avg": 0,
            "net_income": null,
            "net_income_4q": null,
            "revenue": null,
            "revenue_4q": null,
            "common_shares": null,
            "book_valuer_per_share": null,
            "book_valuer_per_share_4q_avg": 3.47,
            "equity": null,
            "current_ratio": null,
            "debt_ratio": null,
            "inventory_turnover_ratio": null,
            "account_receivable_turnover_ratio": null,
            "reinvestment_rate": null,
            "research_to_sale_ratio": null,
            "price_fair": 0,
            "eps_avg_yearly": 0,
            "eps_latest_yearly": 0,
            "eps_growth_yearly": 0
        },
        "20022": {
            "year_quarter": 20022,
            "year": 2002,
            "quarter": 2,
            "eps": null,
            "eps_growth_year": null,
            "eps_4q": null,
            "eps_4q_growth_year": null,
            "roe": null,
            "roe_4q": 0,
            "gross_profit": null,
            "gross_margin": null,
            "gross_margin_4q_avg": 0,
            "net_income": null,
            "net_income_4q": null,
            "revenue": null,
            "revenue_4q": null,
            "common_shares": null,
            "book_valuer_per_share": null,
            "book_valuer_per_share_4q_avg": 3.47,
            "equity": null,
            "current_ratio": null,
            "debt_ratio": null,
            "inventory_turnover_ratio": null,
            "account_receivable_turnover_ratio": null,
            "reinvestment_rate": null,
            "research_to_sale_ratio": null,
            "price_fair": 0,
            "eps_avg_yearly": 0,
            "eps_latest_yearly": 0,
            "eps_growth_yearly": 0
        },
        "20023": {
            "year_quarter": 20023,
            "year": 2002,
            "quarter": 3,
            "eps": null,
            "eps_growth_year": null,
            "eps_4q": null,
            "eps_4q_growth_year": null,
            "roe": null,
            "roe_4q": 0,
            "gross_profit": null,
            "gross_margin": null,
            "gross_margin_4q_avg": 0,
            "net_income": null,
            "net_income_4q": null,
            "revenue": null,
            "revenue_4q": null,
            "common_shares": null,
            "book_valuer_per_share": null,
            "book_valuer_per_share_4q_avg": 3.47,
            "equity": null,
            "current_ratio": null,
            "debt_ratio": null,
            "inventory_turnover_ratio": null,
            "account_receivable_turnover_ratio": null,
            "reinvestment_rate": null,
            "research_to_sale_ratio": null,
            "price_fair": 0,
            "eps_avg_yearly": 0,
            "eps_latest_yearly": 0,
            "eps_growth_yearly": 0
        },
        "20024": {
            "year_quarter": 20024,
            "year": 2002,
            "quarter": 4,
            "eps": null,
            "eps_growth_year": null,
            "eps_4q": null,
            "eps_4q_growth_year": null,
            "roe": null,
            "roe_4q": 0,
            "gross_profit": null,
            "gross_margin": null,
            "gross_margin_4q_avg": 0,
            "net_income": null,
            "net_income_4q": null,
            "revenue": null,
            "revenue_4q": null,
            "common_shares": 696924,
            "book_valuer_per_share": 14.61,
            "book_valuer_per_share_4q_avg": 3.65,
            "equity": 1018381,
            "current_ratio": 210.5,
            "debt_ratio": 32.4,
            "inventory_turnover_ratio": null,
            "account_receivable_turnover_ratio": null,
            "reinvestment_rate": null,
            "research_to_sale_ratio": null,
            "price_fair": 0,
            "eps_avg_yearly": 0,
            "eps_latest_yearly": 0,
            "eps_growth_yearly": 0
        },
        "20031": {
            "year_quarter": 20031,
            "year": 2003,
            "quarter": 1,
            "eps": 0.6,
            "eps_growth_year": null,
            "eps_4q": null,
            "eps_4q_growth_year": null,
            "roe": 4.03,
            "roe_4q": 4.03,
            "gross_profit": 74715,
            "gross_margin": 26.3,
            "gross_margin_4q_avg": 6.58,
            "net_income": 41897,
            "net_income_4q": null,
            "revenue": 284072,
            "revenue_4q": null,
            "common_shares": 696924,
            "book_valuer_per_share": 15.2,
            "book_valuer_per_share_4q_avg": 7.45,
            "equity": 1059669,
            "current_ratio": 165.27,
            "debt_ratio": 31.09,
            "inventory_turnover_ratio": 0.82,
            "account_receivable_turnover_ratio": null,
            "reinvestment_rate": null,
            "research_to_sale_ratio": null,
            "price_fair": 0,
            "eps_avg_yearly": 0,
            "eps_latest_yearly": 0,
            "eps_growth_yearly": 0
        },
        "20032": {
            "year_quarter": 20032,
            "year": 2003,
            "quarter": 2,
            "eps": 0.53,
            "eps_growth_year": null,
            "eps_4q": null,
            "eps_4q_growth_year": null,
            "roe": 3.45,
            "roe_4q": 7.48,
            "gross_profit": 108115,
            "gross_margin": 30.04,
            "gross_margin_4q_avg": 14.09,
            "net_income": 36982,
            "net_income_4q": null,
            "revenue": 359856,
            "revenue_4q": null,
            "common_shares": 696924,
            "book_valuer_per_share": 15.52,
            "book_valuer_per_share_4q_avg": 11.33,
            "equity": 1081364,
            "current_ratio": 154.59,
            "debt_ratio": 34.48,
            "inventory_turnover_ratio": 1.03,
            "account_receivable_turnover_ratio": null,
            "reinvestment_rate": null,
            "research_to_sale_ratio": null,
            "price_fair": 6.36,
            "eps_avg_yearly": 2.12,
            "eps_latest_yearly": 2.12,
            "eps_growth_yearly": -46.67
        },
        "20033": {
            "year_quarter": 20033,
            "year": 2003,
            "quarter": 3,
            "eps": 0.3,
            "eps_growth_year": null,
            "eps_4q": null,
            "eps_4q_growth_year": null,
            "roe": 2.12,
            "roe_4q": 9.600000000000001,
            "gross_profit": 75354,
            "gross_margin": 25.88,
            "gross_margin_4q_avg": 20.56,
            "net_income": 22998,
            "net_income_4q": null,
            "revenue": 291136,
            "revenue_4q": null,
            "common_shares": 766616,
            "book_valuer_per_share": 14.22,
            "book_valuer_per_share_4q_avg": 14.89,
            "equity": 1089762,
            "current_ratio": 135.37,
            "debt_ratio": 33.09,
            "inventory_turnover_ratio": 0.87,
            "account_receivable_turnover_ratio": null,
            "reinvestment_rate": null,
            "research_to_sale_ratio": null,
            "price_fair": 4.98,
            "eps_avg_yearly": 1.66,
            "eps_latest_yearly": 1.2,
            "eps_growth_yearly": -110.13
        },
        "20034": {
            "year_quarter": 20034,
            "year": 2003,
            "quarter": 4,
            "eps": 0.79,
            "eps_growth_year": null,
            "eps_4q": 2.12,
            "eps_4q_growth_year": null,
            "roe": 5.42,
            "roe_4q": 15.02,
            "gross_profit": 104422,
            "gross_margin": 29.87,
            "gross_margin_4q_avg": 28.02,
            "net_income": 60685,
            "net_income_4q": null,
            "revenue": 349556,
            "revenue_4q": null,
            "common_shares": 766616,
            "book_valuer_per_share": 15,
            "book_valuer_per_share_4q_avg": 14.99,
            "equity": 1149778,
            "current_ratio": 162.86,
            "debt_ratio": 34.19,
            "inventory_turnover_ratio": 0.87,
            "account_receivable_turnover_ratio": null,
            "reinvestment_rate": null,
            "research_to_sale_ratio": null,
            "price_fair": 75.6,
            "eps_avg_yearly": 2.16,
            "eps_latest_yearly": 3.16,
            "eps_growth_yearly": 144.36
        },
        "20041": {
            "year_quarter": 20041,
            "year": 2004,
            "quarter": 1,
            "eps": 0.48,
            "eps_growth_year": -20,
            "eps_4q": 2.06,
            "eps_4q_growth_year": null,
            "roe": 3.16,
            "roe_4q": 14.149999999999999,
            "gross_profit": 100129,
            "gross_margin": 26.99,
            "gross_margin_4q_avg": 28.2,
            "net_income": 36672,
            "net_income_4q": null,
            "revenue": 371021,
            "revenue_4q": null,
            "common_shares": 766616,
            "book_valuer_per_share": 15.28,
            "book_valuer_per_share_4q_avg": 15.01,
            "equity": 1171128,
            "current_ratio": 109.07,
            "debt_ratio": 39.81,
            "inventory_turnover_ratio": 0.94,
            "account_receivable_turnover_ratio": null,
            "reinvestment_rate": null,
            "research_to_sale_ratio": null,
            "price_fair": 73.5,
            "eps_avg_yearly": 2.1,
            "eps_latest_yearly": 1.92,
            "eps_growth_yearly": 69.03
        },
        "20042": {
            "year_quarter": 20042,
            "year": 2004,
            "quarter": 2,
            "eps": 0.49,
            "eps_growth_year": -7.55,
            "eps_4q": 2.06,
            "eps_4q_growth_year": null,
            "roe": 3.22,
            "roe_4q": 13.920000000000002,
            "gross_profit": 102804,
            "gross_margin": 24.65,
            "gross_margin_4q_avg": 26.85,
            "net_income": 37514,
            "net_income_4q": null,
            "revenue": 417009,
            "revenue_4q": null,
            "common_shares": 766616,
            "book_valuer_per_share": 15.14,
            "book_valuer_per_share_4q_avg": 14.91,
            "equity": 1160939,
            "current_ratio": 115.39,
            "debt_ratio": 41.32,
            "inventory_turnover_ratio": 1.11,
            "account_receivable_turnover_ratio": null,
            "reinvestment_rate": null,
            "research_to_sale_ratio": null,
            "price_fair": 72.52,
            "eps_avg_yearly": 2.07,
            "eps_latest_yearly": 1.96,
            "eps_growth_yearly": 56.89
        },
        "20043": {
            "year_quarter": 20043,
            "year": 2004,
            "quarter": 3,
            "eps": 5.18,
            "eps_growth_year": 1626.67,
            "eps_4q": 6.77,
            "eps_4q_growth_year": null,
            "roe": 31.82,
            "roe_4q": 43.620000000000005,
            "gross_profit": 66675,
            "gross_margin": 18.1,
            "gross_margin_4q_avg": 24.9,
            "net_income": 440573,
            "net_income_4q": null,
            "revenue": 368437,
            "revenue_4q": null,
            "common_shares": 850242,
            "book_valuer_per_share": 18.91,
            "book_valuer_per_share_4q_avg": 16.08,
            "equity": 1607788,
            "current_ratio": 194.25,
            "debt_ratio": 28.38,
            "inventory_turnover_ratio": 0.95,
            "account_receivable_turnover_ratio": null,
            "reinvestment_rate": null,
            "research_to_sale_ratio": null,
            "price_fair": 181.3,
            "eps_avg_yearly": 5.18,
            "eps_latest_yearly": 20.72,
            "eps_growth_yearly": 685.5
        },
        "20044": {
            "year_quarter": 20044,
            "year": 2004,
            "quarter": 4,
            "eps": 0.39,
            "eps_growth_year": -50.63,
            "eps_4q": 6.47,
            "eps_4q_growth_year": 205.79,
            "roe": 2.05,
            "roe_4q": 40.25,
            "gross_profit": 77724,
            "gross_margin": 19.5,
            "gross_margin_4q_avg": 22.31,
            "net_income": 33012,
            "net_income_4q": null,
            "revenue": 398572,
            "revenue_4q": null,
            "common_shares": 850242,
            "book_valuer_per_share": 18.91,
            "book_valuer_per_share_4q_avg": 17.06,
            "equity": 1607448,
            "current_ratio": 232.17,
            "debt_ratio": 27.46,
            "inventory_turnover_ratio": 0.9,
            "account_receivable_turnover_ratio": null,
            "reinvestment_rate": null,
            "research_to_sale_ratio": null,
            "price_fair": 163.2,
            "eps_avg_yearly": 4.66,
            "eps_latest_yearly": 1.56,
            "eps_growth_yearly": 534.73
        },
        "20051": {
            "year_quarter": 20051,
            "year": 2005,
            "quarter": 1,
            "eps": 0.13,
            "eps_growth_year": -72.92,
            "eps_4q": 6.12,
            "eps_4q_growth_year": 197.24,
            "roe": 0.69,
            "roe_4q": 37.78,
            "gross_profit": 58712,
            "gross_margin": 14.76,
            "gross_margin_4q_avg": 19.25,
            "net_income": 11090,
            "net_income_4q": null,
            "revenue": 397746,
            "revenue_4q": null,
            "common_shares": 850242,
            "book_valuer_per_share": 18.89,
            "book_valuer_per_share_4q_avg": 17.96,
            "equity": 1605945,
            "current_ratio": 246.61,
            "debt_ratio": 27.8,
            "inventory_turnover_ratio": 0.86,
            "account_receivable_turnover_ratio": null,
            "reinvestment_rate": null,
            "research_to_sale_ratio": null,
            "price_fair": 145.08,
            "eps_avg_yearly": 4.15,
            "eps_latest_yearly": 0.52,
            "eps_growth_yearly": 434.56
        },
        "20052": {
            "year_quarter": 20052,
            "year": 2005,
            "quarter": 2,
            "eps": 0.11,
            "eps_growth_year": -77.55,
            "eps_4q": 5.97,
            "eps_4q_growth_year": 189.61,
            "roe": 0.58,
            "roe_4q": 35.14,
            "gross_profit": 104242,
            "gross_margin": 20.86,
            "gross_margin_4q_avg": 18.31,
            "net_income": 9095,
            "net_income_4q": null,
            "revenue": 499659,
            "revenue_4q": null,
            "common_shares": 850242,
            "book_valuer_per_share": 17.89,
            "book_valuer_per_share_4q_avg": 18.65,
            "equity": 1520960,
            "current_ratio": 192.7,
            "debt_ratio": 36.21,
            "inventory_turnover_ratio": 0.96,
            "account_receivable_turnover_ratio": null,
            "reinvestment_rate": null,
            "research_to_sale_ratio": null,
            "price_fair": 130.67,
            "eps_avg_yearly": 3.73,
            "eps_latest_yearly": 0.44,
            "eps_growth_yearly": 379.44
        },
        "20053": {
            "year_quarter": 20053,
            "year": 2005,
            "quarter": 3,
            "eps": 0.33,
            "eps_growth_year": -93.63,
            "eps_4q": 0.87,
            "eps_4q_growth_year": -87.13,
            "roe": 2.1,
            "roe_4q": 5.42,
            "gross_profit": 93873,
            "gross_margin": 22.08,
            "gross_margin_4q_avg": 19.3,
            "net_income": 32467,
            "net_income_4q": null,
            "revenue": 425073,
            "revenue_4q": null,
            "common_shares": 970259,
            "book_valuer_per_share": 16.18,
            "book_valuer_per_share_4q_avg": 17.97,
            "equity": 1569902,
            "current_ratio": 163.72,
            "debt_ratio": 37.76,
            "inventory_turnover_ratio": 0.79,
            "account_receivable_turnover_ratio": null,
            "reinvestment_rate": null,
            "research_to_sale_ratio": null,
            "price_fair": 122.22,
            "eps_avg_yearly": 3.49,
            "eps_latest_yearly": 1.32,
            "eps_growth_yearly": 421.49
        },
        "20054": {
            "year_quarter": 20054,
            "year": 2005,
            "quarter": 4,
            "eps": 0.39,
            "eps_growth_year": 0,
            "eps_4q": 0.93,
            "eps_4q_growth_year": -85.65,
            "roe": 2.39,
            "roe_4q": 5.76,
            "gross_profit": 125828,
            "gross_margin": 25.18,
            "gross_margin_4q_avg": 20.72,
            "net_income": 38120,
            "net_income_4q": null,
            "revenue": 499713,
            "revenue_4q": null,
            "common_shares": 970259,
            "book_valuer_per_share": 16.65,
            "book_valuer_per_share_4q_avg": 17.4,
            "equity": 1615962,
            "current_ratio": 166.96,
            "debt_ratio": 38,
            "inventory_turnover_ratio": 0.84,
            "account_receivable_turnover_ratio": null,
            "reinvestment_rate": null,
            "research_to_sale_ratio": null,
            "price_fair": 116.07,
            "eps_avg_yearly": 3.32,
            "eps_latest_yearly": 1.56,
            "eps_growth_yearly": 389.79
        },
        "20061": {
            "year_quarter": 20061,
            "year": 2006,
            "quarter": 1,
            "eps": 1.45,
            "eps_growth_year": 1015.38,
            "eps_4q": 2.27,
            "eps_4q_growth_year": -62.89,
            "roe": 8.32,
            "roe_4q": 13.39,
            "gross_profit": 107724,
            "gross_margin": 22.51,
            "gross_margin_4q_avg": 22.66,
            "net_income": 140577,
            "net_income_4q": null,
            "revenue": 478472,
            "revenue_4q": null,
            "common_shares": 970259,
            "book_valuer_per_share": 18.17,
            "book_valuer_per_share_4q_avg": 17.22,
            "equity": 1762860,
            "current_ratio": 138.39,
            "debt_ratio": 35.92,
            "inventory_turnover_ratio": 0.88,
            "account_receivable_turnover_ratio": null,
            "reinvestment_rate": null,
            "research_to_sale_ratio": null,
            "price_fair": 123.32,
            "eps_avg_yearly": 3.52,
            "eps_latest_yearly": 5.8,
            "eps_growth_yearly": 447.9
        },
        "20062": {
            "year_quarter": 20062,
            "year": 2006,
            "quarter": 2,
            "eps": 0.5,
            "eps_growth_year": 354.55,
            "eps_4q": 2.67,
            "eps_4q_growth_year": -55.21,
            "roe": 2.76,
            "roe_4q": 15.57,
            "gross_profit": 141640,
            "gross_margin": 23.78,
            "gross_margin_4q_avg": 23.39,
            "net_income": 48548,
            "net_income_4q": null,
            "revenue": 595746,
            "revenue_4q": null,
            "common_shares": 970259,
            "book_valuer_per_share": 18.11,
            "book_valuer_per_share_4q_avg": 17.28,
            "equity": 1757155,
            "current_ratio": 125.41,
            "debt_ratio": 40.91,
            "inventory_turnover_ratio": 1.44,
            "account_receivable_turnover_ratio": null,
            "reinvestment_rate": null,
            "research_to_sale_ratio": null,
            "price_fair": 119.22,
            "eps_avg_yearly": 3.41,
            "eps_latest_yearly": 2,
            "eps_growth_yearly": 393.29
        },
        "20063": {
            "year_quarter": 20063,
            "year": 2006,
            "quarter": 3,
            "eps": 0.75,
            "eps_growth_year": 127.27,
            "eps_4q": 2.97,
            "eps_4q_growth_year": 240.83,
            "roe": 4.23,
            "roe_4q": 17.7,
            "gross_profit": 130565,
            "gross_margin": 23.85,
            "gross_margin_4q_avg": 23.83,
            "net_income": 76853,
            "net_income_4q": null,
            "revenue": 547336,
            "revenue_4q": null,
            "common_shares": 970259,
            "book_valuer_per_share": 19.35,
            "book_valuer_per_share_4q_avg": 18.07,
            "equity": 1877869,
            "current_ratio": 103.63,
            "debt_ratio": 41.49,
            "inventory_turnover_ratio": 1.61,
            "account_receivable_turnover_ratio": null,
            "reinvestment_rate": null,
            "research_to_sale_ratio": null,
            "price_fair": 118.2,
            "eps_avg_yearly": 3.38,
            "eps_latest_yearly": 3,
            "eps_growth_yearly": 379.48
        },
        "20064": {
            "year_quarter": 20064,
            "year": 2006,
            "quarter": 4,
            "eps": 0.15,
            "eps_growth_year": -61.54,
            "eps_4q": 2.66,
            "eps_4q_growth_year": 186.35,
            "roe": 0.84,
            "roe_4q": 16.15,
            "gross_profit": 116857,
            "gross_margin": 21.94,
            "gross_margin_4q_avg": 23.02,
            "net_income": 15900,
            "net_income_4q": null,
            "revenue": 532525,
            "revenue_4q": null,
            "common_shares": 1039309,
            "book_valuer_per_share": 18.3,
            "book_valuer_per_share_4q_avg": 18.48,
            "equity": 1901525,
            "current_ratio": 114.86,
            "debt_ratio": 49.5,
            "inventory_turnover_ratio": 1.1,
            "account_receivable_turnover_ratio": null,
            "reinvestment_rate": 129.51,
            "research_to_sale_ratio": null,
            "price_fair": 111.72,
            "eps_avg_yearly": 3.19,
            "eps_latest_yearly": 0.6,
            "eps_growth_yearly": 332.85
        },
        "20071": {
            "year_quarter": 20071,
            "year": 2007,
            "quarter": 1,
            "eps": 0.34,
            "eps_growth_year": -76.55,
            "eps_4q": 1.67,
            "eps_4q_growth_year": -26.38,
            "roe": 1.87,
            "roe_4q": 9.7,
            "gross_profit": 121337,
            "gross_margin": 21.61,
            "gross_margin_4q_avg": 22.8,
            "net_income": 36051,
            "net_income_4q": null,
            "revenue": 561408,
            "revenue_4q": null,
            "common_shares": 1050009,
            "book_valuer_per_share": 18.63,
            "book_valuer_per_share_4q_avg": 18.6,
            "equity": 1955723,
            "current_ratio": 110.32,
            "debt_ratio": 40.19,
            "inventory_turnover_ratio": 1.15,
            "account_receivable_turnover_ratio": null,
            "reinvestment_rate": 69.65,
            "research_to_sale_ratio": null,
            "price_fair": 107.71,
            "eps_avg_yearly": 3.08,
            "eps_latest_yearly": 1.36,
            "eps_growth_yearly": 343.71
        },
        "20072": {
            "year_quarter": 20072,
            "year": 2007,
            "quarter": 2,
            "eps": 0.28,
            "eps_growth_year": -44,
            "eps_4q": 1.52,
            "eps_4q_growth_year": -43.04,
            "roe": 1.5,
            "roe_4q": 8.440000000000001,
            "gross_profit": 146149,
            "gross_margin": 20.64,
            "gross_margin_4q_avg": 22.01,
            "net_income": 29000,
            "net_income_4q": null,
            "revenue": 708126,
            "revenue_4q": null,
            "common_shares": 1051952,
            "book_valuer_per_share": 18.11,
            "book_valuer_per_share_4q_avg": 18.6,
            "equity": 1905065,
            "current_ratio": 145.61,
            "debt_ratio": 46.27,
            "inventory_turnover_ratio": 1.83,
            "account_receivable_turnover_ratio": null,
            "reinvestment_rate": 72.6,
            "research_to_sale_ratio": null,
            "price_fair": 105.53,
            "eps_avg_yearly": 3.02,
            "eps_latest_yearly": 1.12,
            "eps_growth_yearly": 342.22
        },
        "20073": {
            "year_quarter": 20073,
            "year": 2007,
            "quarter": 3,
            "eps": 0,
            "eps_growth_year": -100,
            "eps_4q": 0.69,
            "eps_4q_growth_year": -76.87,
            "roe": -0,
            "roe_4q": 4.21,
            "gross_profit": 84912,
            "gross_margin": 13.77,
            "gross_margin_4q_avg": 19.49,
            "net_income": -37,
            "net_income_4q": null,
            "revenue": 616634,
            "revenue_4q": null,
            "common_shares": 1178916,
            "book_valuer_per_share": 18.4,
            "book_valuer_per_share_4q_avg": 18.36,
            "equity": 2168741,
            "current_ratio": 126.57,
            "debt_ratio": 40.45,
            "inventory_turnover_ratio": 1.43,
            "account_receivable_turnover_ratio": null,
            "reinvestment_rate": 74.69,
            "research_to_sale_ratio": null,
            "price_fair": 109.76,
            "eps_avg_yearly": 3.14,
            "eps_latest_yearly": 1.12,
            "eps_growth_yearly": 376.61
        },
        "20074": {
            "year_quarter": 20074,
            "year": 2007,
            "quarter": 4,
            "eps": 0.21,
            "eps_growth_year": 40,
            "eps_4q": 0.75,
            "eps_4q_growth_year": -71.97,
            "roe": 1.15,
            "roe_4q": 4.52,
            "gross_profit": 74488,
            "gross_margin": 13.89,
            "gross_margin_4q_avg": 17.48,
            "net_income": 25505,
            "net_income_4q": null,
            "revenue": 536082,
            "revenue_4q": null,
            "common_shares": 1316253,
            "book_valuer_per_share": 17.14,
            "book_valuer_per_share_4q_avg": 18.07,
            "equity": 2256127,
            "current_ratio": 133.86,
            "debt_ratio": 51.28,
            "inventory_turnover_ratio": 0.73,
            "account_receivable_turnover_ratio": null,
            "reinvestment_rate": 154.19,
            "research_to_sale_ratio": null,
            "price_fair": 109.7,
            "eps_avg_yearly": 3.13,
            "eps_latest_yearly": 1.12,
            "eps_growth_yearly": 356.84
        },
        "20081": {
            "year_quarter": 20081,
            "year": 2008,
            "quarter": 1,
            "eps": -0.25,
            "eps_growth_year": -173.53,
            "eps_4q": 0.16,
            "eps_4q_growth_year": -90.5,
            "roe": -1.5,
            "roe_4q": 1.15,
            "gross_profit": 117698,
            "gross_margin": 15.87,
            "gross_margin_4q_avg": 16.04,
            "net_income": -33301,
            "net_income_4q": null,
            "revenue": 741810,
            "revenue_4q": null,
            "common_shares": 1348269,
            "book_valuer_per_share": 16.25,
            "book_valuer_per_share_4q_avg": 17.48,
            "equity": 2191028,
            "current_ratio": 125.99,
            "debt_ratio": 51.91,
            "inventory_turnover_ratio": 0.73,
            "account_receivable_turnover_ratio": null,
            "reinvestment_rate": 185.68,
            "research_to_sale_ratio": null,
            "price_fair": 112.97,
            "eps_avg_yearly": 3.23,
            "eps_latest_yearly": 1.12,
            "eps_growth_yearly": 396.36
        },
        "20082": {
            "year_quarter": 20082,
            "year": 2008,
            "quarter": 2,
            "eps": -0.06,
            "eps_growth_year": -121.43,
            "eps_4q": -0.12,
            "eps_4q_growth_year": -107.69,
            "roe": -0.37,
            "roe_4q": -0.7200000000000002,
            "gross_profit": 129952,
            "gross_margin": 16.21,
            "gross_margin_4q_avg": 14.94,
            "net_income": -8045,
            "net_income_4q": null,
            "revenue": 801793,
            "revenue_4q": null,
            "common_shares": 1354349,
            "book_valuer_per_share": 16.25,
            "book_valuer_per_share_4q_avg": 17.01,
            "equity": 2200254,
            "current_ratio": 97.51,
            "debt_ratio": 53.5,
            "inventory_turnover_ratio": 0.78,
            "account_receivable_turnover_ratio": null,
            "reinvestment_rate": 204.93,
            "research_to_sale_ratio": null,
            "price_fair": 116.67,
            "eps_avg_yearly": 3.33,
            "eps_latest_yearly": 1.12,
            "eps_growth_yearly": 428.7
        },
        "20083": {
            "year_quarter": 20083,
            "year": 2008,
            "quarter": 3,
            "eps": 0.02,
            "eps_growth_year": null,
            "eps_4q": -0.11,
            "eps_4q_growth_year": -116.34,
            "roe": 0.11,
            "roe_4q": -0.6100000000000001,
            "gross_profit": 122765,
            "gross_margin": 15.51,
            "gross_margin_4q_avg": 15.37,
            "net_income": 2398,
            "net_income_4q": null,
            "revenue": 791516,
            "revenue_4q": null,
            "common_shares": 1450661,
            "book_valuer_per_share": 15.47,
            "book_valuer_per_share_4q_avg": 16.28,
            "equity": 2244121,
            "current_ratio": 113.27,
            "debt_ratio": 52.91,
            "inventory_turnover_ratio": 0.74,
            "account_receivable_turnover_ratio": null,
            "reinvestment_rate": 405.98,
            "research_to_sale_ratio": null,
            "price_fair": 61.35,
            "eps_avg_yearly": 1.75,
            "eps_latest_yearly": 1.12,
            "eps_growth_yearly": 119.62
        },
        "20084": {
            "year_quarter": 20084,
            "year": 2008,
            "quarter": 4,
            "eps": -0.14,
            "eps_growth_year": -166.67,
            "eps_4q": -0.41,
            "eps_4q_growth_year": -155.01,
            "roe": -0.9,
            "roe_4q": -2.66,
            "gross_profit": 92823,
            "gross_margin": 14.93,
            "gross_margin_4q_avg": 15.63,
            "net_income": -20195,
            "net_income_4q": null,
            "revenue": 621917,
            "revenue_4q": null,
            "common_shares": 1451816,
            "book_valuer_per_share": 15.42,
            "book_valuer_per_share_4q_avg": 15.85,
            "equity": 2239084,
            "current_ratio": 112.45,
            "debt_ratio": 52,
            "inventory_turnover_ratio": 0.59,
            "account_receivable_turnover_ratio": 1.84,
            "reinvestment_rate": 435.48,
            "research_to_sale_ratio": null,
            "price_fair": 62.02,
            "eps_avg_yearly": 1.77,
            "eps_latest_yearly": 1.12,
            "eps_growth_yearly": 168.57
        },
        "20091": {
            "year_quarter": 20091,
            "year": 2009,
            "quarter": 1,
            "eps": 0.19,
            "eps_growth_year": null,
            "eps_4q": 0.01,
            "eps_4q_growth_year": -92.93,
            "roe": 1.21,
            "roe_4q": 0.04999999999999993,
            "gross_profit": 126587,
            "gross_margin": 19.32,
            "gross_margin_4q_avg": 16.49,
            "net_income": 27466,
            "net_income_4q": null,
            "revenue": 655208,
            "revenue_4q": null,
            "common_shares": 1454238,
            "book_valuer_per_share": 15.78,
            "book_valuer_per_share_4q_avg": 15.73,
            "equity": 2294808,
            "current_ratio": 109.92,
            "debt_ratio": 49.39,
            "inventory_turnover_ratio": 0.67,
            "account_receivable_turnover_ratio": 1,
            "reinvestment_rate": 462.51,
            "research_to_sale_ratio": null,
            "price_fair": 66.89,
            "eps_avg_yearly": 1.91,
            "eps_latest_yearly": 1.12,
            "eps_growth_yearly": 216.93
        },
        "20092": {
            "year_quarter": 20092,
            "year": 2009,
            "quarter": 2,
            "eps": 0.38,
            "eps_growth_year": null,
            "eps_4q": 0.45,
            "eps_4q_growth_year": null,
            "roe": 2.36,
            "roe_4q": 2.78,
            "gross_profit": 202264,
            "gross_margin": 25.38,
            "gross_margin_4q_avg": 18.79,
            "net_income": 55380,
            "net_income_4q": null,
            "revenue": 796881,
            "revenue_4q": null,
            "common_shares": 1455116,
            "book_valuer_per_share": 16.42,
            "book_valuer_per_share_4q_avg": 15.77,
            "equity": 2389098,
            "current_ratio": 116.7,
            "debt_ratio": 46.44,
            "inventory_turnover_ratio": 0.85,
            "account_receivable_turnover_ratio": 1.22,
            "reinvestment_rate": 405.58,
            "research_to_sale_ratio": null,
            "price_fair": 71.09,
            "eps_avg_yearly": 2.03,
            "eps_latest_yearly": 1.52,
            "eps_growth_yearly": 268.21
        },
        "20093": {
            "year_quarter": 20093,
            "year": 2009,
            "quarter": 3,
            "eps": 0.26,
            "eps_growth_year": 1200,
            "eps_4q": 0.68,
            "eps_4q_growth_year": null,
            "roe": 1.59,
            "roe_4q": 4.26,
            "gross_profit": 199200,
            "gross_margin": 30.08,
            "gross_margin_4q_avg": 22.43,
            "net_income": 38368,
            "net_income_4q": null,
            "revenue": 662140,
            "revenue_4q": null,
            "common_shares": 1485264,
            "book_valuer_per_share": 16.36,
            "book_valuer_per_share_4q_avg": 16,
            "equity": 2430597,
            "current_ratio": 114.02,
            "debt_ratio": 45.76,
            "inventory_turnover_ratio": 0.68,
            "account_receivable_turnover_ratio": 0.93,
            "reinvestment_rate": 364.62,
            "research_to_sale_ratio": null,
            "price_fair": 70,
            "eps_avg_yearly": 2,
            "eps_latest_yearly": 1.04,
            "eps_growth_yearly": 165.29
        },
        "20094": {
            "year_quarter": 20094,
            "year": 2009,
            "quarter": 4,
            "eps": 0.46,
            "eps_growth_year": null,
            "eps_4q": 1.26,
            "eps_4q_growth_year": null,
            "roe": 2.72,
            "roe_4q": 7.88,
            "gross_profit": 228947,
            "gross_margin": 26.9,
            "gross_margin_4q_avg": 25.42,
            "net_income": 67478,
            "net_income_4q": null,
            "revenue": 851029,
            "revenue_4q": null,
            "common_shares": 1495028,
            "book_valuer_per_share": 16.88,
            "book_valuer_per_share_4q_avg": 16.36,
            "equity": 2523659,
            "current_ratio": 150.37,
            "debt_ratio": 46.13,
            "inventory_turnover_ratio": 0.94,
            "account_receivable_turnover_ratio": 1.54,
            "reinvestment_rate": 541.39,
            "research_to_sale_ratio": null,
            "price_fair": 71.09,
            "eps_avg_yearly": 2.03,
            "eps_latest_yearly": 1.84,
            "eps_growth_yearly": 191.4
        },
        "20101": {
            "year_quarter": 20101,
            "year": 2010,
            "quarter": 1,
            "eps": 0.31,
            "eps_growth_year": 63.16,
            "eps_4q": 1.36,
            "eps_4q_growth_year": 12002.61,
            "roe": 1.8,
            "roe_4q": 8.47,
            "gross_profit": 210006,
            "gross_margin": 24.51,
            "gross_margin_4q_avg": 26.72,
            "net_income": 45798,
            "net_income_4q": null,
            "revenue": 856899,
            "revenue_4q": null,
            "common_shares": 1495028,
            "book_valuer_per_share": 16.78,
            "book_valuer_per_share_4q_avg": 16.61,
            "equity": 2555341,
            "current_ratio": 139.6,
            "debt_ratio": 47.48,
            "inventory_turnover_ratio": 0.98,
            "account_receivable_turnover_ratio": 0.79,
            "reinvestment_rate": 677.33,
            "research_to_sale_ratio": 3.02,
            "price_fair": 53.36,
            "eps_avg_yearly": 1.52,
            "eps_latest_yearly": 1.24,
            "eps_growth_yearly": 56.11
        },
        "20102": {
            "year_quarter": 20102,
            "year": 2010,
            "quarter": 2,
            "eps": 0.26,
            "eps_growth_year": -31.73,
            "eps_4q": 1.25,
            "eps_4q_growth_year": 178.99,
            "roe": 1.54,
            "roe_4q": 7.65,
            "gross_profit": 242605,
            "gross_margin": 28.37,
            "gross_margin_4q_avg": 27.47,
            "net_income": 39904,
            "net_income_4q": null,
            "revenue": 855185,
            "revenue_4q": null,
            "common_shares": 1522675,
            "book_valuer_per_share": 17.18,
            "book_valuer_per_share_4q_avg": 16.8,
            "equity": 2642693,
            "current_ratio": 141.12,
            "debt_ratio": 45,
            "inventory_turnover_ratio": 0.86,
            "account_receivable_turnover_ratio": 0.75,
            "reinvestment_rate": 704.95,
            "research_to_sale_ratio": 3.28,
            "price_fair": 49.62,
            "eps_avg_yearly": 1.42,
            "eps_latest_yearly": 1.04,
            "eps_growth_yearly": 78.06
        },
        "20103": {
            "year_quarter": 20103,
            "year": 2010,
            "quarter": 3,
            "eps": 0.13,
            "eps_growth_year": -51.72,
            "eps_4q": 1.06,
            "eps_4q_growth_year": 55.2,
            "roe": 0.77,
            "roe_4q": 6.83,
            "gross_profit": 163435,
            "gross_margin": 18.07,
            "gross_margin_4q_avg": 24.46,
            "net_income": 20523,
            "net_income_4q": null,
            "revenue": 904390,
            "revenue_4q": null,
            "common_shares": 1613065,
            "book_valuer_per_share": 16.5,
            "book_valuer_per_share_4q_avg": 16.84,
            "equity": 2697989,
            "current_ratio": 144.08,
            "debt_ratio": 42.44,
            "inventory_turnover_ratio": 0.98,
            "account_receivable_turnover_ratio": 0.79,
            "reinvestment_rate": 780.67,
            "research_to_sale_ratio": 3.32,
            "price_fair": 39.98,
            "eps_avg_yearly": 1.14,
            "eps_latest_yearly": 0.52,
            "eps_growth_yearly": 33.61
        },
        "20104": {
            "year_quarter": 20104,
            "year": 2010,
            "quarter": 4,
            "eps": -0.42,
            "eps_growth_year": -190.7,
            "eps_4q": 0.23,
            "eps_4q_growth_year": -81.84,
            "roe": -2.6,
            "roe_4q": 1.51,
            "gross_profit": 149717,
            "gross_margin": 17.36,
            "gross_margin_4q_avg": 22.08,
            "net_income": -68566,
            "net_income_4q": null,
            "revenue": 862603,
            "revenue_4q": null,
            "common_shares": 1634923,
            "book_valuer_per_share": 15.71,
            "book_valuer_per_share_4q_avg": 16.54,
            "equity": 2581647,
            "current_ratio": 128.17,
            "debt_ratio": 43.65,
            "inventory_turnover_ratio": 0.97,
            "account_receivable_turnover_ratio": 0.83,
            "reinvestment_rate": 626.77,
            "research_to_sale_ratio": 3.68,
            "price_fair": 42.35,
            "eps_avg_yearly": 1.21,
            "eps_latest_yearly": 0.52,
            "eps_growth_yearly": 77.81
        },
        "20111": {
            "year_quarter": 20111,
            "year": 2011,
            "quarter": 1,
            "eps": -0.02,
            "eps_growth_year": -106.45,
            "eps_4q": -0.07,
            "eps_4q_growth_year": -104.86,
            "roe": -0.1,
            "roe_4q": -0.3900000000000001,
            "gross_profit": 152100,
            "gross_margin": 18.8,
            "gross_margin_4q_avg": 20.65,
            "net_income": -2719,
            "net_income_4q": null,
            "revenue": 809032,
            "revenue_4q": null,
            "common_shares": 1643398,
            "book_valuer_per_share": 15.88,
            "book_valuer_per_share_4q_avg": 16.32,
            "equity": 2611610,
            "current_ratio": 149.09,
            "debt_ratio": 45.54,
            "inventory_turnover_ratio": 0.87,
            "account_receivable_turnover_ratio": 0.78,
            "reinvestment_rate": 1144.02,
            "research_to_sale_ratio": 3.47,
            "price_fair": 31.55,
            "eps_avg_yearly": 1.19,
            "eps_latest_yearly": 0.52,
            "eps_growth_yearly": 16.55
        },
        "20112": {
            "year_quarter": 20112,
            "year": 2011,
            "quarter": 2,
            "eps": -0.11,
            "eps_growth_year": -142.69,
            "eps_4q": -0.42,
            "eps_4q_growth_year": -133.68,
            "roe": -0.7,
            "roe_4q": -2.63,
            "gross_profit": 145729,
            "gross_margin": 16.12,
            "gross_margin_4q_avg": 17.59,
            "net_income": -18211,
            "net_income_4q": null,
            "revenue": 903833,
            "revenue_4q": null,
            "common_shares": 1644474,
            "book_valuer_per_share": 15.6,
            "book_valuer_per_share_4q_avg": 15.92,
            "equity": 2566189,
            "current_ratio": 174.95,
            "debt_ratio": 47.29,
            "inventory_turnover_ratio": 0.93,
            "account_receivable_turnover_ratio": 0.78,
            "reinvestment_rate": 1462.72,
            "research_to_sale_ratio": 2.91,
            "price_fair": 42,
            "eps_avg_yearly": 1.2,
            "eps_latest_yearly": 0.52,
            "eps_growth_yearly": 31.07
        },
        "20113": {
            "year_quarter": 20113,
            "year": 2011,
            "quarter": 3,
            "eps": 0.36,
            "eps_growth_year": 183.6,
            "eps_4q": -0.19,
            "eps_4q_growth_year": -117.72,
            "roe": 2.22,
            "roe_4q": -1.18,
            "gross_profit": 192613,
            "gross_margin": 20.39,
            "gross_margin_4q_avg": 18.17,
            "net_income": 58544,
            "net_income_4q": null,
            "revenue": 944581,
            "revenue_4q": null,
            "common_shares": 1644474,
            "book_valuer_per_share": 16.5,
            "book_valuer_per_share_4q_avg": 15.92,
            "equity": 2714031,
            "current_ratio": 181.6,
            "debt_ratio": 45.88,
            "inventory_turnover_ratio": 0.87,
            "account_receivable_turnover_ratio": 0.76,
            "reinvestment_rate": 1127.48,
            "research_to_sale_ratio": 2.75,
            "price_fair": 42,
            "eps_avg_yearly": 1.2,
            "eps_latest_yearly": 0.52,
            "eps_growth_yearly": 31.07
        },
        "20114": {
            "year_quarter": 20114,
            "year": 2011,
            "quarter": 4,
            "eps": 0.01,
            "eps_growth_year": null,
            "eps_4q": 0.24,
            "eps_4q_growth_year": 2.64,
            "roe": 0.06,
            "roe_4q": 1.4800000000000002,
            "gross_profit": 150202,
            "gross_margin": 18,
            "gross_margin_4q_avg": 18.33,
            "net_income": 1717,
            "net_income_4q": null,
            "revenue": 834348,
            "revenue_4q": null,
            "common_shares": 1677363,
            "book_valuer_per_share": 16.13,
            "book_valuer_per_share_4q_avg": 16.03,
            "equity": 2697248,
            "current_ratio": 183.08,
            "debt_ratio": 45.58,
            "inventory_turnover_ratio": 0.79,
            "account_receivable_turnover_ratio": 0.71,
            "reinvestment_rate": -31.29,
            "research_to_sale_ratio": 2.91,
            "price_fair": 3.1,
            "eps_avg_yearly": 1.03,
            "eps_latest_yearly": 0.04,
            "eps_growth_yearly": -28.92
        },
        "20121": {
            "year_quarter": 20121,
            "year": 2012,
            "quarter": 1,
            "eps": 0.03,
            "eps_growth_year": null,
            "eps_4q": 0.28,
            "eps_4q_growth_year": null,
            "roe": 0.19,
            "roe_4q": 1.7700000000000002,
            "gross_profit": 163905,
            "gross_margin": 20.71,
            "gross_margin_4q_avg": 18.81,
            "net_income": 4959,
            "net_income_4q": null,
            "revenue": 791581,
            "revenue_4q": null,
            "common_shares": 1677363,
            "book_valuer_per_share": 15.95,
            "book_valuer_per_share_4q_avg": 16.05,
            "equity": 2660098,
            "current_ratio": 169.67,
            "debt_ratio": 47.92,
            "inventory_turnover_ratio": 0.77,
            "account_receivable_turnover_ratio": 0.74,
            "reinvestment_rate": 660.94,
            "research_to_sale_ratio": 2.94,
            "price_fair": 32.2,
            "eps_avg_yearly": 0.92,
            "eps_latest_yearly": 0.12,
            "eps_growth_yearly": 74.69
        },
        "20122": {
            "year_quarter": 20122,
            "year": 2012,
            "quarter": 2,
            "eps": 0.23,
            "eps_growth_year": null,
            "eps_4q": 0.62,
            "eps_4q_growth_year": null,
            "roe": 1.48,
            "roe_4q": 3.95,
            "gross_profit": 204720,
            "gross_margin": 22.27,
            "gross_margin_4q_avg": 20.34,
            "net_income": 39609,
            "net_income_4q": null,
            "revenue": 919217,
            "revenue_4q": null,
            "common_shares": 1677363,
            "book_valuer_per_share": 16.08,
            "book_valuer_per_share_4q_avg": 16.17,
            "equity": 2680722,
            "current_ratio": 165.94,
            "debt_ratio": 50.01,
            "inventory_turnover_ratio": 0.89,
            "account_receivable_turnover_ratio": 0.88,
            "reinvestment_rate": 605.52,
            "research_to_sale_ratio": 2.52,
            "price_fair": 32.2,
            "eps_avg_yearly": 0.92,
            "eps_latest_yearly": 0.92,
            "eps_growth_yearly": 362.69
        },
        "20123": {
            "year_quarter": 20123,
            "year": 2012,
            "quarter": 3,
            "eps": 0.16,
            "eps_growth_year": -54.78,
            "eps_4q": 0.44,
            "eps_4q_growth_year": null,
            "roe": 1.02,
            "roe_4q": 2.75,
            "gross_profit": 170963,
            "gross_margin": 21.05,
            "gross_margin_4q_avg": 20.51,
            "net_income": 27152,
            "net_income_4q": null,
            "revenue": 812059,
            "revenue_4q": null,
            "common_shares": 1710710,
            "book_valuer_per_share": 15.75,
            "book_valuer_per_share_4q_avg": 15.98,
            "equity": 2656261,
            "current_ratio": 169.58,
            "debt_ratio": 47.82,
            "inventory_turnover_ratio": 0.82,
            "account_receivable_turnover_ratio": 0.83,
            "reinvestment_rate": 561.4,
            "research_to_sale_ratio": 3.09,
            "price_fair": 31.22,
            "eps_avg_yearly": 0.89,
            "eps_latest_yearly": 0.64,
            "eps_growth_yearly": 314.25
        },
        "20124": {
            "year_quarter": 20124,
            "year": 2012,
            "quarter": 4,
            "eps": 0.06,
            "eps_growth_year": 495.92,
            "eps_4q": 0.49,
            "eps_4q_growth_year": 108.56,
            "roe": 0.39,
            "roe_4q": 3.08,
            "gross_profit": 154259,
            "gross_margin": 19.38,
            "gross_margin_4q_avg": 20.85,
            "net_income": 10221,
            "net_income_4q": null,
            "revenue": 795831,
            "revenue_4q": null,
            "common_shares": 1681201,
            "book_valuer_per_share": 15.73,
            "book_valuer_per_share_4q_avg": 15.88,
            "equity": 2627031,
            "current_ratio": 169.49,
            "debt_ratio": 47.71,
            "inventory_turnover_ratio": 0.86,
            "account_receivable_turnover_ratio": 0.85,
            "reinvestment_rate": 513.05,
            "research_to_sale_ratio": 2.86,
            "price_fair": 29.15,
            "eps_avg_yearly": 0.83,
            "eps_latest_yearly": 0.24,
            "eps_growth_yearly": 262.95
        },
        "20131": {
            "year_quarter": 20131,
            "year": 2013,
            "quarter": 1,
            "eps": 0.21,
            "eps_growth_year": 600,
            "eps_4q": 0.68,
            "eps_4q_growth_year": 140.47,
            "roe": 1.34,
            "roe_4q": 4.23,
            "gross_profit": 184204,
            "gross_margin": 21.85,
            "gross_margin_4q_avg": 21.14,
            "net_income": 35106,
            "net_income_4q": null,
            "revenue": 843134,
            "revenue_4q": null,
            "common_shares": 1681201,
            "book_valuer_per_share": 15.89,
            "book_valuer_per_share_4q_avg": 15.86,
            "equity": 2626844,
            "current_ratio": 158.58,
            "debt_ratio": 50.51,
            "inventory_turnover_ratio": 0.85,
            "account_receivable_turnover_ratio": 0.92,
            "reinvestment_rate": -79.88,
            "research_to_sale_ratio": 2.22,
            "price_fair": 29.17,
            "eps_avg_yearly": 0.83,
            "eps_latest_yearly": 0.84,
            "eps_growth_yearly": 324.37
        },
        "20132": {
            "year_quarter": 20132,
            "year": 2013,
            "quarter": 2,
            "eps": 0.24,
            "eps_growth_year": 3.05,
            "eps_4q": 0.68,
            "eps_4q_growth_year": 10.55,
            "roe": 1.53,
            "roe_4q": 4.28,
            "gross_profit": 206685,
            "gross_margin": 21.59,
            "gross_margin_4q_avg": 20.97,
            "net_income": 40178,
            "net_income_4q": null,
            "revenue": 957133,
            "revenue_4q": null,
            "common_shares": 1665241,
            "book_valuer_per_share": 15.96,
            "book_valuer_per_share_4q_avg": 15.83,
            "equity": 2638945,
            "current_ratio": 156.62,
            "debt_ratio": 50.46,
            "inventory_turnover_ratio": 0.92,
            "account_receivable_turnover_ratio": 0.97,
            "reinvestment_rate": -87.96,
            "research_to_sale_ratio": 2.02,
            "price_fair": 27.53,
            "eps_avg_yearly": 0.79,
            "eps_latest_yearly": 0.96,
            "eps_growth_yearly": 295.8
        },
        "20133": {
            "year_quarter": 20133,
            "year": 2013,
            "quarter": 3,
            "eps": 0.3,
            "eps_growth_year": 86.34,
            "eps_4q": 0.82,
            "eps_4q_growth_year": 88.4,
            "roe": 1.9,
            "roe_4q": 5.159999999999999,
            "gross_profit": 206047,
            "gross_margin": 24.26,
            "gross_margin_4q_avg": 21.77,
            "net_income": 50120,
            "net_income_4q": null,
            "revenue": 849323,
            "revenue_4q": null,
            "common_shares": 1665241,
            "book_valuer_per_share": 15.87,
            "book_valuer_per_share_4q_avg": 15.86,
            "equity": 2624420,
            "current_ratio": 141.82,
            "debt_ratio": 50.8,
            "inventory_turnover_ratio": 0.81,
            "account_receivable_turnover_ratio": 0.84,
            "reinvestment_rate": -1.71,
            "research_to_sale_ratio": 3.14,
            "price_fair": 28,
            "eps_avg_yearly": 0.8,
            "eps_latest_yearly": 1.2,
            "eps_growth_yearly": 314.66
        },
        "20134": {
            "year_quarter": 20134,
            "year": 2013,
            "quarter": 4,
            "eps": -0.01,
            "eps_growth_year": -118,
            "eps_4q": 0.75,
            "eps_4q_growth_year": 52.38,
            "roe": -0.07,
            "roe_4q": 4.7,
            "gross_profit": 144043,
            "gross_margin": 17.7,
            "gross_margin_4q_avg": 21.35,
            "net_income": -1821,
            "net_income_4q": null,
            "revenue": 813700,
            "revenue_4q": null,
            "common_shares": 1663261,
            "book_valuer_per_share": 15.78,
            "book_valuer_per_share_4q_avg": 15.88,
            "equity": 2608403,
            "current_ratio": 127.92,
            "debt_ratio": 52.93,
            "inventory_turnover_ratio": 0.85,
            "account_receivable_turnover_ratio": 0.81,
            "reinvestment_rate": -425.54,
            "research_to_sale_ratio": 2.56,
            "price_fair": 24.69,
            "eps_avg_yearly": 0.71,
            "eps_latest_yearly": 1.2,
            "eps_growth_yearly": 315.29
        },
        "20141": {
            "year_quarter": 20141,
            "year": 2014,
            "quarter": 1,
            "eps": 0.03,
            "eps_growth_year": -85.71,
            "eps_4q": 0.56,
            "eps_4q_growth_year": -16.92,
            "roe": 0.2,
            "roe_4q": 3.5599999999999996,
            "gross_profit": 145187,
            "gross_margin": 17.36,
            "gross_margin_4q_avg": 20.23,
            "net_income": 5282,
            "net_income_4q": null,
            "revenue": 836202,
            "revenue_4q": null,
            "common_shares": 1664531,
            "book_valuer_per_share": 15.95,
            "book_valuer_per_share_4q_avg": 15.89,
            "equity": 2654355,
            "current_ratio": 142.02,
            "debt_ratio": 51.64,
            "inventory_turnover_ratio": 0.88,
            "account_receivable_turnover_ratio": 0.86,
            "reinvestment_rate": -487.62,
            "research_to_sale_ratio": 2.17,
            "price_fair": 22.82,
            "eps_avg_yearly": 0.65,
            "eps_latest_yearly": 1.2,
            "eps_growth_yearly": 359.87
        },
        "20142": {
            "year_quarter": 20142,
            "year": 2014,
            "quarter": 2,
            "eps": 0.13,
            "eps_growth_year": -45.83,
            "eps_4q": 0.45,
            "eps_4q_growth_year": -33.26,
            "roe": 0.85,
            "roe_4q": 2.88,
            "gross_profit": 177991,
            "gross_margin": 20.89,
            "gross_margin_4q_avg": 20.05,
            "net_income": 22251,
            "net_income_4q": null,
            "revenue": 851858,
            "revenue_4q": null,
            "common_shares": 1674512,
            "book_valuer_per_share": 15.36,
            "book_valuer_per_share_4q_avg": 15.74,
            "equity": 2560849,
            "current_ratio": 134.98,
            "debt_ratio": 53.33,
            "inventory_turnover_ratio": 0.86,
            "account_receivable_turnover_ratio": 0.92,
            "reinvestment_rate": -579.56,
            "research_to_sale_ratio": 2.66,
            "price_fair": 21,
            "eps_avg_yearly": 0.6,
            "eps_latest_yearly": 0.52,
            "eps_growth_yearly": 499.65
        },
        "20143": {
            "year_quarter": 20143,
            "year": 2014,
            "quarter": 3,
            "eps": 0.11,
            "eps_growth_year": -63.33,
            "eps_4q": 0.26,
            "eps_4q_growth_year": -67.72,
            "roe": 0.72,
            "roe_4q": 1.6999999999999997,
            "gross_profit": 165354,
            "gross_margin": 20.15,
            "gross_margin_4q_avg": 19.03,
            "net_income": 18514,
            "net_income_4q": null,
            "revenue": 820711,
            "revenue_4q": null,
            "common_shares": 1677445,
            "book_valuer_per_share": 15.67,
            "book_valuer_per_share_4q_avg": 15.69,
            "equity": 2617664,
            "current_ratio": 134.1,
            "debt_ratio": 51.75,
            "inventory_turnover_ratio": 0.8,
            "account_receivable_turnover_ratio": 0.89,
            "reinvestment_rate": -549.18,
            "research_to_sale_ratio": 2.37,
            "price_fair": 20.72,
            "eps_avg_yearly": 0.59,
            "eps_latest_yearly": 0.44,
            "eps_growth_yearly": 513.5
        },
        "20144": {
            "year_quarter": 20144,
            "year": 2014,
            "quarter": 4,
            "eps": 0.15,
            "eps_growth_year": null,
            "eps_4q": 0.42,
            "eps_4q_growth_year": -43.24,
            "roe": 0.94,
            "roe_4q": 2.71,
            "gross_profit": 170651,
            "gross_margin": 20.78,
            "gross_margin_4q_avg": 19.8,
            "net_income": 24815,
            "net_income_4q": null,
            "revenue": 821143,
            "revenue_4q": null,
            "common_shares": 1680056,
            "book_valuer_per_share": 16.08,
            "book_valuer_per_share_4q_avg": 15.77,
            "equity": 2688572,
            "current_ratio": 163.8,
            "debt_ratio": 50.87,
            "inventory_turnover_ratio": 0.78,
            "account_receivable_turnover_ratio": 0.88,
            "reinvestment_rate": -341.8,
            "research_to_sale_ratio": 2.72,
            "price_fair": 20.75,
            "eps_avg_yearly": 0.59,
            "eps_latest_yearly": 0.6,
            "eps_growth_yearly": 480.04
        },
        "20151": {
            "year_quarter": 20151,
            "year": 2015,
            "quarter": 1,
            "eps": 0.27,
            "eps_growth_year": 800,
            "eps_4q": 0.66,
            "eps_4q_growth_year": 17.12,
            "roe": 1.66,
            "roe_4q": 4.169999999999999,
            "gross_profit": 175181,
            "gross_margin": 23.03,
            "gross_margin_4q_avg": 21.21,
            "net_income": 44792,
            "net_income_4q": null,
            "revenue": 760659,
            "revenue_4q": null,
            "common_shares": 1670206,
            "book_valuer_per_share": 16.15,
            "book_valuer_per_share_4q_avg": 15.82,
            "equity": 2701385,
            "current_ratio": 173.88,
            "debt_ratio": 49.32,
            "inventory_turnover_ratio": 0.7,
            "account_receivable_turnover_ratio": 0.84,
            "reinvestment_rate": -332.11,
            "research_to_sale_ratio": 2.43,
            "price_fair": 22.17,
            "eps_avg_yearly": 0.63,
            "eps_latest_yearly": 1.08,
            "eps_growth_yearly": 466.7
        },
        "20152": {
            "year_quarter": 20152,
            "year": 2015,
            "quarter": 2,
            "eps": 0.21,
            "eps_growth_year": 61.54,
            "eps_4q": 0.74,
            "eps_4q_growth_year": 63.35,
            "roe": 1.29,
            "roe_4q": 4.61,
            "gross_profit": 199822,
            "gross_margin": 24.55,
            "gross_margin_4q_avg": 22.13,
            "net_income": 34216,
            "net_income_4q": null,
            "revenue": 813842,
            "revenue_4q": null,
            "common_shares": 1673056,
            "book_valuer_per_share": 15.71,
            "book_valuer_per_share_4q_avg": 15.9,
            "equity": 2586576,
            "current_ratio": 166.59,
            "debt_ratio": 51,
            "inventory_turnover_ratio": 0.73,
            "account_receivable_turnover_ratio": 0.98,
            "reinvestment_rate": -313.88,
            "research_to_sale_ratio": 2.59,
            "price_fair": 22.72,
            "eps_avg_yearly": 0.65,
            "eps_latest_yearly": 0.84,
            "eps_growth_yearly": 423.96
        },
        "20153": {
            "year_quarter": 20153,
            "year": 2015,
            "quarter": 3,
            "eps": 0.29,
            "eps_growth_year": 163.64,
            "eps_4q": 0.93,
            "eps_4q_growth_year": 250.89,
            "roe": 1.86,
            "roe_4q": 5.75,
            "gross_profit": 182664,
            "gross_margin": 24.55,
            "gross_margin_4q_avg": 23.23,
            "net_income": 49068,
            "net_income_4q": null,
            "revenue": 744185,
            "revenue_4q": null,
            "common_shares": 1643796,
            "book_valuer_per_share": 16.31,
            "book_valuer_per_share_4q_avg": 16.06,
            "equity": 2683281,
            "current_ratio": 178.04,
            "debt_ratio": 48.65,
            "inventory_turnover_ratio": 0.63,
            "account_receivable_turnover_ratio": 0.93,
            "reinvestment_rate": -367.77,
            "research_to_sale_ratio": 2.28,
            "price_fair": 24,
            "eps_avg_yearly": 0.69,
            "eps_latest_yearly": 1.16,
            "eps_growth_yearly": 404.57
        },
        "20154": {
            "year_quarter": 20154,
            "year": 2015,
            "quarter": 4,
            "eps": 0.19,
            "eps_growth_year": 30.64,
            "eps_4q": 0.97,
            "eps_4q_growth_year": 129.22,
            "roe": 1.2,
            "roe_4q": 6.01,
            "gross_profit": 190169,
            "gross_margin": 23.23,
            "gross_margin_4q_avg": 23.84,
            "net_income": 31937,
            "net_income_4q": null,
            "revenue": 818788,
            "revenue_4q": null,
            "common_shares": 1645386,
            "book_valuer_per_share": 16.16,
            "book_valuer_per_share_4q_avg": 16.08,
            "equity": 2658788,
            "current_ratio": 156.7,
            "debt_ratio": 47.12,
            "inventory_turnover_ratio": 0.68,
            "account_receivable_turnover_ratio": 1.03,
            "reinvestment_rate": 12.3,
            "research_to_sale_ratio": 2.29,
            "price_fair": 25.8,
            "eps_avg_yearly": 0.74,
            "eps_latest_yearly": 0.76,
            "eps_growth_yearly": 422.49
        },
        "20161": {
            "year_quarter": 20161,
            "year": 2016,
            "quarter": 1,
            "eps": 0.23,
            "eps_growth_year": -14.81,
            "eps_4q": 0.94,
            "eps_4q_growth_year": 42.72,
            "roe": 1.43,
            "roe_4q": 5.78,
            "gross_profit": 206785,
            "gross_margin": 26.2,
            "gross_margin_4q_avg": 24.63,
            "net_income": 38032,
            "net_income_4q": null,
            "revenue": 789402,
            "revenue_4q": null,
            "common_shares": 1627656,
            "book_valuer_per_share": 16.31,
            "book_valuer_per_share_4q_avg": 16.12,
            "equity": 2654845,
            "current_ratio": 147.93,
            "debt_ratio": 47.22,
            "inventory_turnover_ratio": 0.63,
            "account_receivable_turnover_ratio": 0.98,
            "reinvestment_rate": -360.06,
            "research_to_sale_ratio": 2.41,
            "price_fair": 27.8,
            "eps_avg_yearly": 0.79,
            "eps_latest_yearly": 0.92,
            "eps_growth_yearly": 371.36
        },
        "20162": {
            "year_quarter": 20162,
            "year": 2016,
            "quarter": 2,
            "eps": 0.2,
            "eps_growth_year": -4.76,
            "eps_4q": 0.93,
            "eps_4q_growth_year": 25.64,
            "roe": 1.26,
            "roe_4q": 5.75,
            "gross_profit": 178835,
            "gross_margin": 22.79,
            "gross_margin_4q_avg": 24.19,
            "net_income": 32885,
            "net_income_4q": null,
            "revenue": 784681,
            "revenue_4q": null,
            "common_shares": 1627656,
            "book_valuer_per_share": 15.66,
            "book_valuer_per_share_4q_avg": 16.11,
            "equity": 2548295,
            "current_ratio": 126.8,
            "debt_ratio": 51.69,
            "inventory_turnover_ratio": 0.65,
            "account_receivable_turnover_ratio": 0.96,
            "reinvestment_rate": -341.23,
            "research_to_sale_ratio": 2.88,
            "price_fair": 27.5,
            "eps_avg_yearly": 0.79,
            "eps_latest_yearly": 0.8,
            "eps_growth_yearly": 177.16
        },
        "20163": {
            "year_quarter": 20163,
            "year": 2016,
            "quarter": 3,
            "eps": -0.03,
            "eps_growth_year": -110.34,
            "eps_4q": 0.6,
            "eps_4q_growth_year": -35.49,
            "roe": -0.21,
            "roe_4q": 3.6799999999999997,
            "gross_profit": 146078,
            "gross_margin": 20.24,
            "gross_margin_4q_avg": 23.12,
            "net_income": -5281,
            "net_income_4q": null,
            "revenue": 721809,
            "revenue_4q": null,
            "common_shares": 1627656,
            "book_valuer_per_share": 15.34,
            "book_valuer_per_share_4q_avg": 15.87,
            "equity": 2496171,
            "current_ratio": 133.48,
            "debt_ratio": 52.14,
            "inventory_turnover_ratio": 0.64,
            "account_receivable_turnover_ratio": 0.89,
            "reinvestment_rate": -394.41,
            "research_to_sale_ratio": 2.8,
            "price_fair": 27.89,
            "eps_avg_yearly": 0.8,
            "eps_latest_yearly": 0.8,
            "eps_growth_yearly": 200.15
        },
        "20164": {
            "year_quarter": 20164,
            "year": 2016,
            "quarter": 4,
            "eps": 0.17,
            "eps_growth_year": -14.47,
            "eps_4q": 0.57,
            "eps_4q_growth_year": -41.46,
            "roe": 1.09,
            "roe_4q": 3.5700000000000003,
            "gross_profit": 178338,
            "gross_margin": 23.39,
            "gross_margin_4q_avg": 23.16,
            "net_income": 27020,
            "net_income_4q": null,
            "revenue": 762542,
            "revenue_4q": null,
            "common_shares": 1627656,
            "book_valuer_per_share": 15.25,
            "book_valuer_per_share_4q_avg": 15.64,
            "equity": 2481443,
            "current_ratio": 129.49,
            "debt_ratio": 51.71,
            "inventory_turnover_ratio": 0.66,
            "account_receivable_turnover_ratio": 0.95,
            "reinvestment_rate": -416.12,
            "research_to_sale_ratio": 2.79,
            "price_fair": 29.52,
            "eps_avg_yearly": 0.84,
            "eps_latest_yearly": 0.8,
            "eps_growth_yearly": 237.67
        },
        "20171": {
            "year_quarter": 20171,
            "year": 2017,
            "quarter": 1,
            "eps": -0.02,
            "eps_growth_year": -108.7,
            "eps_4q": 0.32,
            "eps_4q_growth_year": -66.39,
            "roe": -0.13,
            "roe_4q": 2.0100000000000002,
            "gross_profit": 151702,
            "gross_margin": 20.88,
            "gross_margin_4q_avg": 21.83,
            "net_income": -3116,
            "net_income_4q": null,
            "revenue": 726669,
            "revenue_4q": null,
            "common_shares": 1627656,
            "book_valuer_per_share": 14.76,
            "book_valuer_per_share_4q_avg": 15.25,
            "equity": 2402758,
            "current_ratio": 134.02,
            "debt_ratio": 51.03,
            "inventory_turnover_ratio": 0.65,
            "account_receivable_turnover_ratio": 0.94,
            "reinvestment_rate": 38.85,
            "research_to_sale_ratio": 2.7,
            "price_fair": 29.53,
            "eps_avg_yearly": 0.84,
            "eps_latest_yearly": 0.8,
            "eps_growth_yearly": 168.36
        },
        "20172": {
            "year_quarter": 20172,
            "year": 2017,
            "quarter": 2,
            "eps": 0.19,
            "eps_growth_year": -5,
            "eps_4q": 0.31,
            "eps_4q_growth_year": -66.66,
            "roe": 1.33,
            "roe_4q": 2.08,
            "gross_profit": 180611,
            "gross_margin": 22.31,
            "gross_margin_4q_avg": 21.71,
            "net_income": 31461,
            "net_income_4q": null,
            "revenue": 809477,
            "revenue_4q": null,
            "common_shares": 1627656,
            "book_valuer_per_share": 14.58,
            "book_valuer_per_share_4q_avg": 14.98,
            "equity": 2345604,
            "current_ratio": 128.87,
            "debt_ratio": 52.15,
            "inventory_turnover_ratio": 0.76,
            "account_receivable_turnover_ratio": 1.06,
            "reinvestment_rate": 48.4,
            "research_to_sale_ratio": 2.9,
            "price_fair": 29.12,
            "eps_avg_yearly": 0.83,
            "eps_latest_yearly": 0.8,
            "eps_growth_yearly": 179.48
        },
        "20173": {
            "year_quarter": 20173,
            "year": 2017,
            "quarter": 3,
            "eps": 0.08,
            "eps_growth_year": null,
            "eps_4q": 0.41,
            "eps_4q_growth_year": -31.8,
            "roe": 0.5,
            "roe_4q": 2.79,
            "gross_profit": 159893,
            "gross_margin": 20.05,
            "gross_margin_4q_avg": 21.66,
            "net_income": 11852,
            "net_income_4q": null,
            "revenue": 797400,
            "revenue_4q": null,
            "common_shares": 1605236,
            "book_valuer_per_share": 14.79,
            "book_valuer_per_share_4q_avg": 14.85,
            "equity": 2431867,
            "current_ratio": 136.37,
            "debt_ratio": 50.64,
            "inventory_turnover_ratio": 0.8,
            "account_receivable_turnover_ratio": 1,
            "reinvestment_rate": -19.08,
            "research_to_sale_ratio": 2.8,
            "price_fair": 26.04,
            "eps_avg_yearly": 0.74,
            "eps_latest_yearly": 0.32,
            "eps_growth_yearly": 146.33
        },
        "20174": {
            "year_quarter": 20174,
            "year": 2017,
            "quarter": 4,
            "eps": 0.18,
            "eps_growth_year": 6.07,
            "eps_4q": 0.4,
            "eps_4q_growth_year": -28.98,
            "roe": 1.22,
            "roe_4q": 2.92,
            "gross_profit": 179211,
            "gross_margin": 21.03,
            "gross_margin_4q_avg": 21.07,
            "net_income": 31013,
            "net_income_4q": null,
            "revenue": 852201,
            "revenue_4q": null,
            "common_shares": 1761331,
            "book_valuer_per_share": 15.16,
            "book_valuer_per_share_4q_avg": 14.82,
            "equity": 2669910,
            "current_ratio": 153.7,
            "debt_ratio": 46.58,
            "inventory_turnover_ratio": 0.85,
            "account_receivable_turnover_ratio": 1.05,
            "reinvestment_rate": -65.15,
            "research_to_sale_ratio": 2.72,
            "price_fair": 25.96,
            "eps_avg_yearly": 0.74,
            "eps_latest_yearly": 0.72,
            "eps_growth_yearly": 178.48
        },
        "20181": {
            "year_quarter": 20181,
            "year": 2018,
            "quarter": 1,
            "eps": 0.17,
            "eps_growth_year": null,
            "eps_4q": 0.59,
            "eps_4q_growth_year": 88,
            "roe": 1.13,
            "roe_4q": 4.18,
            "gross_profit": 175962,
            "gross_margin": 21.24,
            "gross_margin_4q_avg": 21.16,
            "net_income": 30462,
            "net_income_4q": null,
            "revenue": 828584,
            "revenue_4q": null,
            "common_shares": 1761331,
            "book_valuer_per_share": 15.48,
            "book_valuer_per_share_4q_avg": 15,
            "equity": 2725830,
            "current_ratio": 160.95,
            "debt_ratio": 46.08,
            "inventory_turnover_ratio": 0.83,
            "account_receivable_turnover_ratio": 0.99,
            "reinvestment_rate": -59.77,
            "research_to_sale_ratio": 2.75,
            "price_fair": 25.78,
            "eps_avg_yearly": 0.74,
            "eps_latest_yearly": 0.68,
            "eps_growth_yearly": 161.75
        },
        "20182": {
            "year_quarter": 20182,
            "year": 2018,
            "quarter": 2,
            "eps": 0.25,
            "eps_growth_year": 31.58,
            "eps_4q": 0.67,
            "eps_4q_growth_year": 115.53,
            "roe": 1.66,
            "roe_4q": 4.51,
            "gross_profit": 178440,
            "gross_margin": 21.15,
            "gross_margin_4q_avg": 20.87,
            "net_income": 44821,
            "net_income_4q": null,
            "revenue": 843724,
            "revenue_4q": null,
            "common_shares": 1761331,
            "book_valuer_per_share": 15.23,
            "book_valuer_per_share_4q_avg": 15.17,
            "equity": 2682600,
            "current_ratio": 172.57,
            "debt_ratio": 47.93,
            "inventory_turnover_ratio": 0.81,
            "account_receivable_turnover_ratio": 0.97,
            "reinvestment_rate": -54.78,
            "research_to_sale_ratio": 2.53,
            "price_fair": 27.18,
            "eps_avg_yearly": 0.78,
            "eps_latest_yearly": 1,
            "eps_growth_yearly": 66.33
        },
        "20183": {
            "year_quarter": 20183,
            "year": 2018,
            "quarter": 3,
            "eps": 0.32,
            "eps_growth_year": 300,
            "eps_4q": 0.93,
            "eps_4q_growth_year": 126.69,
            "roe": 2.12,
            "roe_4q": 6.13,
            "gross_profit": 213093,
            "gross_margin": 23.21,
            "gross_margin_4q_avg": 21.66,
            "net_income": 56954,
            "net_income_4q": null,
            "revenue": 918189,
            "revenue_4q": null,
            "common_shares": 1761331,
            "book_valuer_per_share": 15.22,
            "book_valuer_per_share_4q_avg": 15.27,
            "equity": 2681280,
            "current_ratio": 162.01,
            "debt_ratio": 47.54,
            "inventory_turnover_ratio": 0.82,
            "account_receivable_turnover_ratio": 1.04,
            "reinvestment_rate": -54.44,
            "research_to_sale_ratio": 2.3,
            "price_fair": 29.63,
            "eps_avg_yearly": 0.85,
            "eps_latest_yearly": 1.28,
            "eps_growth_yearly": 80.79
        },
        "20184": {
            "year_quarter": 20184,
            "year": 2018,
            "quarter": 4,
            "eps": 0.21,
            "eps_growth_year": 18.59,
            "eps_4q": 0.96,
            "eps_4q_growth_year": 137.35,
            "roe": 1.36,
            "roe_4q": 6.2700000000000005,
            "gross_profit": 187311,
            "gross_margin": 21.55,
            "gross_margin_4q_avg": 21.79,
            "net_income": 36777,
            "net_income_4q": null,
            "revenue": 869059,
            "revenue_4q": null,
            "common_shares": 1761331,
            "book_valuer_per_share": 15.47,
            "book_valuer_per_share_4q_avg": 15.35,
            "equity": 2724403,
            "current_ratio": 149.23,
            "debt_ratio": 47.77,
            "inventory_turnover_ratio": 0.75,
            "account_receivable_turnover_ratio": 1.01,
            "reinvestment_rate": -52.66,
            "research_to_sale_ratio": 3.41,
            "price_fair": 30.33,
            "eps_avg_yearly": 0.87,
            "eps_latest_yearly": 0.84,
            "eps_growth_yearly": 57.21
        },
        "20191": {
            "year_quarter": 20191,
            "year": 2019,
            "quarter": 1,
            "eps": 0.2,
            "eps_growth_year": 17.65,
            "eps_4q": 0.99,
            "eps_4q_growth_year": 66.57,
            "roe": 1.3,
            "roe_4q": 6.44,
            "gross_profit": 188353,
            "gross_margin": 22.17,
            "gross_margin_4q_avg": 22.02,
            "net_income": 35994,
            "net_income_4q": null,
            "revenue": 849398,
            "revenue_4q": null,
            "common_shares": 1761331,
            "book_valuer_per_share": 15.91,
            "book_valuer_per_share_4q_avg": 15.46,
            "equity": 2803042,
            "current_ratio": 134.11,
            "debt_ratio": 47.75,
            "inventory_turnover_ratio": 0.68,
            "account_receivable_turnover_ratio": 0.99,
            "reinvestment_rate": -22.98,
            "research_to_sale_ratio": 2.98,
            "price_fair": 29.52,
            "eps_avg_yearly": 0.84,
            "eps_latest_yearly": 0.8,
            "eps_growth_yearly": 28.96
        },
        "20192": {
            "year_quarter": 20192,
            "year": 2019,
            "quarter": 2,
            "eps": 0.39,
            "eps_growth_year": 56,
            "eps_4q": 1.13,
            "eps_4q_growth_year": 68.31,
            "roe": 2.49,
            "roe_4q": 7.2700000000000005,
            "gross_profit": 246721,
            "gross_margin": 25.66,
            "gross_margin_4q_avg": 23.15,
            "net_income": 69126,
            "net_income_4q": null,
            "revenue": 961417,
            "revenue_4q": null,
            "common_shares": 1761331,
            "book_valuer_per_share": 15.63,
            "book_valuer_per_share_4q_avg": 15.56,
            "equity": 2753243,
            "current_ratio": 127.85,
            "debt_ratio": 50.78,
            "inventory_turnover_ratio": 0.73,
            "account_receivable_turnover_ratio": 1.04,
            "reinvestment_rate": 2.43,
            "research_to_sale_ratio": 2.76,
            "price_fair": 31.62,
            "eps_avg_yearly": 0.9,
            "eps_latest_yearly": 1.56,
            "eps_growth_yearly": 68.03
        },
        "20193": {
            "year_quarter": 20193,
            "year": 2019,
            "quarter": 3,
            "eps": 0.31,
            "eps_growth_year": -3.12,
            "eps_4q": 1.11,
            "eps_4q_growth_year": 20.09,
            "roe": 1.97,
            "roe_4q": 7.12,
            "gross_profit": 246823,
            "gross_margin": 24.72,
            "gross_margin_4q_avg": 23.53,
            "net_income": 54146,
            "net_income_4q": null,
            "revenue": 998523,
            "revenue_4q": null,
            "common_shares": 1761331,
            "book_valuer_per_share": 15.57,
            "book_valuer_per_share_4q_avg": 15.65,
            "equity": 2741933,
            "current_ratio": 129.11,
            "debt_ratio": 51.18,
            "inventory_turnover_ratio": 0.79,
            "account_receivable_turnover_ratio": 0.95,
            "reinvestment_rate": 3.95,
            "research_to_sale_ratio": 2.91,
            "price_fair": 31.85,
            "eps_avg_yearly": 0.91,
            "eps_latest_yearly": 1.24,
            "eps_growth_yearly": 48.5
        },
        "20194": {
            "year_quarter": 20194,
            "year": 2019,
            "quarter": 4,
            "eps": 0.31,
            "eps_growth_year": 48.83,
            "eps_4q": 1.21,
            "eps_4q_growth_year": 26.62,
            "roe": 1.99,
            "roe_4q": 7.75,
            "gross_profit": 234946,
            "gross_margin": 25.04,
            "gross_margin_4q_avg": 24.4,
            "net_income": 54735,
            "net_income_4q": null,
            "revenue": 938346,
            "revenue_4q": null,
            "common_shares": 1761331,
            "book_valuer_per_share": 15.65,
            "book_valuer_per_share_4q_avg": 15.69,
            "equity": 2757276,
            "current_ratio": 118.39,
            "debt_ratio": 52.39,
            "inventory_turnover_ratio": 0.76,
            "account_receivable_turnover_ratio": 0.85,
            "reinvestment_rate": 37.35,
            "research_to_sale_ratio": 3.25,
            "price_fair": 33.25,
            "eps_avg_yearly": 0.95,
            "eps_latest_yearly": 1.24,
            "eps_growth_yearly": 59.99
        },
        "20201": {
            "year_quarter": 20201,
            "year": 2020,
            "quarter": 1,
            "eps": 0.46,
            "eps_growth_year": 130,
            "eps_4q": 1.47,
            "eps_4q_growth_year": 48.52,
            "roe": 2.99,
            "roe_4q": 9.440000000000001,
            "gross_profit": 243367,
            "gross_margin": 27.45,
            "gross_margin_4q_avg": 25.72,
            "net_income": 80997,
            "net_income_4q": null,
            "revenue": 886553,
            "revenue_4q": null,
            "common_shares": 1761331,
            "book_valuer_per_share": 15.11,
            "book_valuer_per_share_4q_avg": 15.49,
            "equity": 2659346,
            "current_ratio": 110.48,
            "debt_ratio": 53.43,
            "inventory_turnover_ratio": 0.7,
            "account_receivable_turnover_ratio": 0.82,
            "reinvestment_rate": 41.83,
            "research_to_sale_ratio": 3.33,
            "price_fair": 35.93,
            "eps_avg_yearly": 1.03,
            "eps_latest_yearly": 1.84,
            "eps_growth_yearly": 69.1
        },
        "20202": {
            "year_quarter": 20202,
            "year": 2020,
            "quarter": 2,
            "eps": 0.45,
            "eps_growth_year": 15.38,
            "eps_4q": 1.55,
            "eps_4q_growth_year": 37.31,
            "roe": 2.94,
            "roe_4q": 9.89,
            "gross_profit": 259281,
            "gross_margin": 28.64,
            "gross_margin_4q_avg": 26.46,
            "net_income": 78622,
            "net_income_4q": null,
            "revenue": 905332,
            "revenue_4q": null,
            "common_shares": 1761331,
            "book_valuer_per_share": 15.53,
            "book_valuer_per_share_4q_avg": 15.47,
            "equity": 2689691,
            "current_ratio": 107.76,
            "debt_ratio": 52.63,
            "inventory_turnover_ratio": 0.71,
            "account_receivable_turnover_ratio": 0.85,
            "reinvestment_rate": -8.13,
            "research_to_sale_ratio": 3.37,
            "price_fair": 38.85,
            "eps_avg_yearly": 1.11,
            "eps_latest_yearly": 1.8,
            "eps_growth_yearly": 72.72
        },
        "20203": {
            "year_quarter": 20203,
            "year": 2020,
            "quarter": 3,
            "eps": 0.4,
            "eps_growth_year": 29.03,
            "eps_4q": 1.64,
            "eps_4q_growth_year": 47.24,
            "roe": 2.54,
            "roe_4q": 10.46,
            "gross_profit": 257722,
            "gross_margin": 29.08,
            "gross_margin_4q_avg": 27.55,
            "net_income": 69496,
            "net_income_4q": null,
            "revenue": 886364,
            "revenue_4q": null,
            "common_shares": 1732041,
            "book_valuer_per_share": 16.01,
            "book_valuer_per_share_4q_avg": 15.58,
            "equity": 2772619,
            "current_ratio": 122.63,
            "debt_ratio": 50.25,
            "inventory_turnover_ratio": 0.69,
            "account_receivable_turnover_ratio": 0.84,
            "reinvestment_rate": 13.19,
            "research_to_sale_ratio": 3.6,
            "price_fair": 40.17,
            "eps_avg_yearly": 1.15,
            "eps_latest_yearly": 1.6,
            "eps_growth_yearly": 63.71
        },
        "20204": {
            "year_quarter": 20204,
            "year": 2020,
            "quarter": 4,
            "eps": 0.32,
            "eps_growth_year": 2.51,
            "eps_4q": 1.64,
            "eps_4q_growth_year": 35.09,
            "roe": 1.95,
            "roe_4q": 10.42,
            "gross_profit": 257340,
            "gross_margin": 28.27,
            "gross_margin_4q_avg": 28.36,
            "net_income": 55178,
            "net_income_4q": null,
            "revenue": 910452,
            "revenue_4q": null,
            "common_shares": 1732041,
            "book_valuer_per_share": 16.63,
            "book_valuer_per_share_4q_avg": 15.82,
            "equity": 2879916,
            "current_ratio": 122.77,
            "debt_ratio": 50.02,
            "inventory_turnover_ratio": 0.69,
            "account_receivable_turnover_ratio": 0.87,
            "reinvestment_rate": 18.75,
            "research_to_sale_ratio": 3.71,
            "price_fair": 40.5,
            "eps_avg_yearly": 1.16,
            "eps_latest_yearly": 1.28,
            "eps_growth_yearly": 53.45
        },
        "20211": {
            "year_quarter": 20211,
            "year": 2021,
            "quarter": 1,
            "eps": 0.77,
            "eps_growth_year": 67.39,
            "eps_4q": 1.95,
            "eps_4q_growth_year": 32.24,
            "roe": 4.69,
            "roe_4q": 12.12,
            "gross_profit": 339912,
            "gross_margin": 29.01,
            "gross_margin_4q_avg": 28.75,
            "net_income": 133811,
            "net_income_4q": null,
            "revenue": 1171718,
            "revenue_4q": null,
            "common_shares": 1732041,
            "book_valuer_per_share": 16.3,
            "book_valuer_per_share_4q_avg": 16.12,
            "equity": 2822665,
            "current_ratio": 116.82,
            "debt_ratio": 51.89,
            "inventory_turnover_ratio": 0.85,
            "account_receivable_turnover_ratio": 1.06,
            "reinvestment_rate": 25.21,
            "research_to_sale_ratio": 2.86,
            "price_fair": 44.99,
            "eps_avg_yearly": 1.29,
            "eps_latest_yearly": 3.08,
            "eps_growth_yearly": 87.38
        },
        "20212": {
            "year_quarter": 20212,
            "year": 2021,
            "quarter": 2,
            "eps": 0.7,
            "eps_growth_year": 55.56,
            "eps_4q": 2.19,
            "eps_4q_growth_year": 41.3,
            "roe": 4.2,
            "roe_4q": 13.379999999999999,
            "gross_profit": 348531,
            "gross_margin": 28.99,
            "gross_margin_4q_avg": 28.84,
            "net_income": 120899,
            "net_income_4q": null,
            "revenue": 1202257,
            "revenue_4q": null,
            "common_shares": 1732041,
            "book_valuer_per_share": 16.91,
            "book_valuer_per_share_4q_avg": 16.46,
            "equity": 2928667,
            "current_ratio": 135.31,
            "debt_ratio": 49.75,
            "inventory_turnover_ratio": 0.86,
            "account_receivable_turnover_ratio": 0.99,
            "reinvestment_rate": 21.54,
            "research_to_sale_ratio": 3.35,
            "price_fair": 48.3,
            "eps_avg_yearly": 1.38,
            "eps_latest_yearly": 2.8,
            "eps_growth_yearly": 79.65
        },
        "20213": {
            "year_quarter": 20213,
            "year": 2021,
            "quarter": 3,
            "eps": 0.51,
            "eps_growth_year": 27.5,
            "eps_4q": 2.3,
            "eps_4q_growth_year": 40.48,
            "roe": 2.99,
            "roe_4q": 13.83,
            "gross_profit": 303476,
            "gross_margin": 26.39,
            "gross_margin_4q_avg": 28.17,
            "net_income": 88875,
            "net_income_4q": null,
            "revenue": 1150156,
            "revenue_4q": null,
            "common_shares": 1732041,
            "book_valuer_per_share": 17.42,
            "book_valuer_per_share_4q_avg": 16.82,
            "equity": 3016386,
            "current_ratio": 144.31,
            "debt_ratio": 50.07,
            "inventory_turnover_ratio": 0.79,
            "account_receivable_turnover_ratio": 0.92,
            "reinvestment_rate": 22.24,
            "research_to_sale_ratio": 3.22,
            "price_fair": 52.06,
            "eps_avg_yearly": 1.49,
            "eps_latest_yearly": 2.04,
            "eps_growth_yearly": 87.34
        },
        "20214": {
            "year_quarter": 20214,
            "year": 2021,
            "quarter": 4,
            "eps": 0.49,
            "eps_growth_year": 54.45,
            "eps_4q": 2.48,
            "eps_4q_growth_year": 50.83,
            "roe": 2.77,
            "roe_4q": 14.650000000000002,
            "gross_profit": 323934,
            "gross_margin": 26.89,
            "gross_margin_4q_avg": 27.82,
            "net_income": 85221,
            "net_income_4q": null,
            "revenue": 1204872,
            "revenue_4q": null,
            "common_shares": 1732041,
            "book_valuer_per_share": 18.15,
            "book_valuer_per_share_4q_avg": 17.2,
            "equity": 3142915,
            "current_ratio": 168.77,
            "debt_ratio": 49.75,
            "inventory_turnover_ratio": 0.74,
            "account_receivable_turnover_ratio": 0.94,
            "reinvestment_rate": 23.44,
            "research_to_sale_ratio": 3.64,
            "price_fair": 54.78,
            "eps_avg_yearly": 1.57,
            "eps_latest_yearly": 1.96,
            "eps_growth_yearly": 55.11
        },
        "20221": {
            "year_quarter": 20221,
            "year": 2022,
            "quarter": 1,
            "eps": 0.71,
            "eps_growth_year": -7.79,
            "eps_4q": 2.41,
            "eps_4q_growth_year": 24.05,
            "roe": 3.95,
            "roe_4q": 13.91,
            "gross_profit": 344112,
            "gross_margin": 24.08,
            "gross_margin_4q_avg": 26.59,
            "net_income": 123886,
            "net_income_4q": null,
            "revenue": 1428885,
            "revenue_4q": null,
            "common_shares": 1734903,
            "book_valuer_per_share": 18.02,
            "book_valuer_per_share_4q_avg": 17.63,
            "equity": 3125994,
            "current_ratio": 151.95,
            "debt_ratio": 52.68,
            "inventory_turnover_ratio": 0.85,
            "account_receivable_turnover_ratio": 0.98,
            "reinvestment_rate": 26.23,
            "research_to_sale_ratio": 2.77,
            "price_fair": 59.5,
            "eps_avg_yearly": 1.7,
            "eps_latest_yearly": 2.84,
            "eps_growth_yearly": 67.72
        },
        "20222": {
            "year_quarter": 20222,
            "year": 2022,
            "quarter": 2,
            "eps": 0.86,
            "eps_growth_year": 22.86,
            "eps_4q": 2.57,
            "eps_4q_growth_year": 17.5,
            "roe": 4.67,
            "roe_4q": 14.38,
            "gross_profit": 378147,
            "gross_margin": 27.47,
            "gross_margin_4q_avg": 26.21,
            "net_income": 148547,
            "net_income_4q": null,
            "revenue": 1376473,
            "revenue_4q": null,
            "common_shares": 1734903,
            "book_valuer_per_share": 18.65,
            "book_valuer_per_share_4q_avg": 18.06,
            "equity": 3234923,
            "current_ratio": 154.94,
            "debt_ratio": 52.4,
            "inventory_turnover_ratio": 0.75,
            "account_receivable_turnover_ratio": 0.85,
            "reinvestment_rate": 30.64,
            "research_to_sale_ratio": 2.75,
            "price_fair": 64.84,
            "eps_avg_yearly": 1.85,
            "eps_latest_yearly": 3.44,
            "eps_growth_yearly": 61.24
        },
        "20223": {
            "year_quarter": 20223,
            "year": 2022,
            "quarter": 3,
            "eps": 1.13,
            "eps_growth_year": 121.57,
            "eps_4q": 3.19,
            "eps_4q_growth_year": 38.42,
            "roe": 5.84,
            "roe_4q": 17.23,
            "gross_profit": 414568,
            "gross_margin": 28.83,
            "gross_margin_4q_avg": 26.82,
            "net_income": 195212,
            "net_income_4q": null,
            "revenue": 1438122,
            "revenue_4q": null,
            "common_shares": 1734903,
            "book_valuer_per_share": 19.88,
            "book_valuer_per_share_4q_avg": 18.68,
            "equity": 3449650,
            "current_ratio": 182.04,
            "debt_ratio": 49.92,
            "inventory_turnover_ratio": 0.73,
            "account_receivable_turnover_ratio": 0.91,
            "reinvestment_rate": 30.88,
            "research_to_sale_ratio": 2.57,
            "price_fair": 71.93,
            "eps_avg_yearly": 2.06,
            "eps_latest_yearly": 4.52,
            "eps_growth_yearly": 62.09
        },
        "20224": {
            "year_quarter": 20224,
            "year": 2022,
            "quarter": 4,
            "eps": 0.76,
            "eps_growth_year": 54.29,
            "eps_4q": 3.45,
            "eps_4q_growth_year": 39.54,
            "roe": 3.76,
            "roe_4q": 18.22,
            "gross_profit": 376903,
            "gross_margin": 30.98,
            "gross_margin_4q_avg": 27.84,
            "net_income": 131706,
            "net_income_4q": null,
            "revenue": 1216750,
            "revenue_4q": null,
            "common_shares": 1734903,
            "book_valuer_per_share": 20.54,
            "book_valuer_per_share_4q_avg": 19.27,
            "equity": 3563072,
            "current_ratio": 166.64,
            "debt_ratio": 46.63,
            "inventory_turnover_ratio": 0.57,
            "account_receivable_turnover_ratio": 0.86,
            "reinvestment_rate": 29.08,
            "research_to_sale_ratio": 3.75,
            "price_fair": 76.74,
            "eps_avg_yearly": 2.19,
            "eps_latest_yearly": 3.04,
            "eps_growth_yearly": 62.49
        },
        "20231": {
            "year_quarter": 20231,
            "year": 2023,
            "quarter": 1,
            "eps": 0.79,
            "eps_growth_year": 11.27,
            "eps_4q": 3.53,
            "eps_4q_growth_year": 46.25,
            "roe": 3.89,
            "roe_4q": 18.16,
            "gross_profit": 369952,
            "gross_margin": 30.72,
            "gross_margin_4q_avg": 29.5,
            "net_income": 137147,
            "net_income_4q": null,
            "revenue": 1204096,
            "revenue_4q": null,
            "common_shares": 1734903,
            "book_valuer_per_share": 20.1,
            "book_valuer_per_share_4q_avg": 19.79,
            "equity": 3486613,
            "current_ratio": 165.02,
            "debt_ratio": 46.78,
            "inventory_turnover_ratio": 0.57,
            "account_receivable_turnover_ratio": 0.95,
            "reinvestment_rate": 21.45,
            "research_to_sale_ratio": 3.31,
            "price_fair": 81.9,
            "eps_avg_yearly": 2.34,
            "eps_latest_yearly": 3.16,
            "eps_growth_yearly": 64.67
        },
        "20232": {
            "year_quarter": 20232,
            "year": 2023,
            "quarter": 2,
            "eps": 0.64,
            "eps_growth_year": -25.58,
            "eps_4q": 3.31,
            "eps_4q_growth_year": 28.74,
            "roe": 3.16,
            "roe_4q": 16.65,
            "gross_profit": 279682,
            "gross_margin": 24.52,
            "gross_margin_4q_avg": 28.76,
            "net_income": 110797,
            "net_income_4q": null,
            "revenue": 1140786,
            "revenue_4q": null,
            "common_shares": 1734903,
            "book_valuer_per_share": 20.3,
            "book_valuer_per_share_4q_avg": 20.21,
            "equity": 3522176,
            "current_ratio": 164.46,
            "debt_ratio": 42.64,
            "inventory_turnover_ratio": 0.64,
            "account_receivable_turnover_ratio": 0.99,
            "reinvestment_rate": 15.41,
            "research_to_sale_ratio": 3.3,
            "price_fair": 84.09,
            "eps_avg_yearly": 2.4,
            "eps_latest_yearly": 2.56,
            "eps_growth_yearly": 36.17
        },
        "20233": {
            "year_quarter": 20233,
            "year": 2023,
            "quarter": 3,
            "eps": 0.61,
            "eps_growth_year": -46.02,
            "eps_4q": 2.8,
            "eps_4q_growth_year": -12.17,
            "roe": 2.94,
            "roe_4q": 13.75,
            "gross_profit": 316403,
            "gross_margin": 27.53,
            "gross_margin_4q_avg": 28.44,
            "net_income": 105951,
            "net_income_4q": null,
            "revenue": 1149217,
            "revenue_4q": null,
            "common_shares": 1734903,
            "book_valuer_per_share": 21.28,
            "book_valuer_per_share_4q_avg": 20.56,
            "equity": 3691711,
            "current_ratio": 150.64,
            "debt_ratio": 40.56,
            "inventory_turnover_ratio": 0.68,
            "account_receivable_turnover_ratio": 1.03,
            "reinvestment_rate": 16.55,
            "research_to_sale_ratio": 3.44,
            "price_fair": 86.71,
            "eps_avg_yearly": 2.48,
            "eps_latest_yearly": 2.44,
            "eps_growth_yearly": 40.13
        }
    },
    "months": {
        "2003-11": {
            "month": "2003-11",
            "price": "19.35",
            "revenue": 113312
        },
        "2003-12": {
            "month": "2003-12",
            "price": "20.37",
            "revenue": 114550
        },
        "2004-01": {
            "month": "2004-01",
            "price": "24.51",
            "revenue": 129480
        },
        "2004-02": {
            "month": "2004-02",
            "price": "31.02",
            "revenue": 111902
        },
        "2004-03": {
            "month": "2004-03",
            "price": "33.96",
            "revenue": 131027
        },
        "2004-04": {
            "month": "2004-04",
            "price": "28.24",
            "revenue": 153017
        },
        "2004-05": {
            "month": "2004-05",
            "price": "22.70",
            "revenue": 144994
        },
        "2004-06": {
            "month": "2004-06",
            "price": "21.10",
            "revenue": 119497
        },
        "2004-07": {
            "month": "2004-07",
            "price": "21.59",
            "revenue": 136548
        },
        "2004-08": {
            "month": "2004-08",
            "price": "19.56",
            "revenue": 116234
        },
        "2004-09": {
            "month": "2004-09",
            "price": "22.72",
            "revenue": 113744
        },
        "2004-10": {
            "month": "2004-10",
            "price": "23.32",
            "revenue": 161763
        },
        "2004-11": {
            "month": "2004-11",
            "price": "21.67",
            "revenue": 111637
        },
        "2004-12": {
            "month": "2004-12",
            "price": "20.76",
            "revenue": 125395
        },
        "2005-01": {
            "month": "2005-01",
            "price": "20.61",
            "revenue": 156688
        },
        "2005-02": {
            "month": "2005-02",
            "price": "21.75",
            "revenue": 105981
        },
        "2005-03": {
            "month": "2005-03",
            "price": "22.51",
            "revenue": 134853
        },
        "2005-04": {
            "month": "2005-04",
            "price": "19.96",
            "revenue": 197673
        },
        "2005-05": {
            "month": "2005-05",
            "price": "19.50",
            "revenue": 167793
        },
        "2005-06": {
            "month": "2005-06",
            "price": "19.28",
            "revenue": 134380
        },
        "2005-07": {
            "month": "2005-07",
            "price": "18.08",
            "revenue": 158129
        },
        "2005-08": {
            "month": "2005-08",
            "price": "17.53",
            "revenue": 138626
        },
        "2005-09": {
            "month": "2005-09",
            "price": "14.23",
            "revenue": 130389
        },
        "2005-10": {
            "month": "2005-10",
            "price": "11.65",
            "revenue": 199056
        },
        "2005-11": {
            "month": "2005-11",
            "price": "10.23",
            "revenue": 162398
        },
        "2005-12": {
            "month": "2005-12",
            "price": "11.15",
            "revenue": 135995
        },
        "2006-01": {
            "month": "2006-01",
            "price": "11.70",
            "revenue": 186099
        },
        "2006-02": {
            "month": "2006-02",
            "price": "11.51",
            "revenue": 115569
        },
        "2006-03": {
            "month": "2006-03",
            "price": "10.57",
            "revenue": 179105
        },
        "2006-04": {
            "month": "2006-04",
            "price": "11.43",
            "revenue": 212748
        },
        "2006-05": {
            "month": "2006-05",
            "price": "16.89",
            "revenue": 208007
        },
        "2006-06": {
            "month": "2006-06",
            "price": "14.92",
            "revenue": 174396
        },
        "2006-07": {
            "month": "2006-07",
            "price": "15.28",
            "revenue": 208812
        },
        "2006-08": {
            "month": "2006-08",
            "price": "16.36",
            "revenue": 182435
        },
        "2006-09": {
            "month": "2006-09",
            "price": "16.32",
            "revenue": 157459
        },
        "2006-10": {
            "month": "2006-10",
            "price": "17.13",
            "revenue": 192933
        },
        "2006-11": {
            "month": "2006-11",
            "price": "19.61",
            "revenue": 163484
        },
        "2006-12": {
            "month": "2006-12",
            "price": "20.20",
            "revenue": 173031
        },
        "2007-01": {
            "month": "2007-01",
            "price": "25.95",
            "revenue": 201860
        },
        "2007-02": {
            "month": "2007-02",
            "price": "30.58",
            "revenue": 162261
        },
        "2007-03": {
            "month": "2007-03",
            "price": "27.15",
            "revenue": 227114
        },
        "2007-04": {
            "month": "2007-04",
            "price": "30.30",
            "revenue": 257997
        },
        "2007-05": {
            "month": "2007-05",
            "price": "26.94",
            "revenue": 273698
        },
        "2007-06": {
            "month": "2007-06",
            "price": "28.66",
            "revenue": 256891
        },
        "2007-07": {
            "month": "2007-07",
            "price": "49.76",
            "revenue": 261244
        },
        "2007-08": {
            "month": "2007-08",
            "price": "44.80",
            "revenue": 234761
        },
        "2007-09": {
            "month": "2007-09",
            "price": "39.62",
            "revenue": 248208
        },
        "2007-10": {
            "month": "2007-10",
            "price": "32.79",
            "revenue": 211340
        },
        "2007-11": {
            "month": "2007-11",
            "price": "22.84",
            "revenue": 259496
        },
        "2007-12": {
            "month": "2007-12",
            "price": "19.71",
            "revenue": 265041
        },
        "2008-01": {
            "month": "2008-01",
            "price": "17.40",
            "revenue": 277288
        },
        "2008-02": {
            "month": "2008-02",
            "price": "16.76",
            "revenue": 205562
        },
        "2008-03": {
            "month": "2008-03",
            "price": "18.79",
            "revenue": 259349
        },
        "2008-04": {
            "month": "2008-04",
            "price": "24.99",
            "revenue": 264102
        },
        "2008-05": {
            "month": "2008-05",
            "price": "24.54",
            "revenue": 282679
        },
        "2008-06": {
            "month": "2008-06",
            "price": "21.01",
            "revenue": 265558
        },
        "2008-07": {
            "month": "2008-07",
            "price": "16.39",
            "revenue": 256171
        },
        "2008-08": {
            "month": "2008-08",
            "price": "16.62",
            "revenue": 263024
        },
        "2008-09": {
            "month": "2008-09",
            "price": "12.47",
            "revenue": 255200
        },
        "2008-10": {
            "month": "2008-10",
            "price": "12.63",
            "revenue": 221322
        },
        "2008-11": {
            "month": "2008-11",
            "price": "11.54",
            "revenue": 229343
        },
        "2008-12": {
            "month": "2008-12",
            "price": "10.45",
            "revenue": 187285
        },
        "2009-01": {
            "month": "2009-01",
            "price": "10.42",
            "revenue": 182497
        },
        "2009-02": {
            "month": "2009-02",
            "price": "10.20",
            "revenue": 205719
        },
        "2009-03": {
            "month": "2009-03",
            "price": "13.06",
            "revenue": 256755
        },
        "2009-04": {
            "month": "2009-04",
            "price": "20.75",
            "revenue": 264244
        },
        "2009-05": {
            "month": "2009-05",
            "price": "18.68",
            "revenue": 258228
        },
        "2009-06": {
            "month": "2009-06",
            "price": "17.72",
            "revenue": 271564
        },
        "2009-07": {
            "month": "2009-07",
            "price": "20.07",
            "revenue": 263047
        },
        "2009-08": {
            "month": "2009-08",
            "price": "18.48",
            "revenue": 279751
        },
        "2009-09": {
            "month": "2009-09",
            "price": "19.96",
            "revenue": 261449
        },
        "2009-10": {
            "month": "2009-10",
            "price": "23.80",
            "revenue": 264903
        },
        "2009-11": {
            "month": "2009-11",
            "price": "23.73",
            "revenue": 312631
        },
        "2009-12": {
            "month": "2009-12",
            "price": "27.66",
            "revenue": 311523
        },
        "2010-01": {
            "month": "2010-01",
            "price": "26.16",
            "revenue": 282674
        },
        "2010-02": {
            "month": "2010-02",
            "price": "23.21",
            "revenue": 237229
        },
        "2010-03": {
            "month": "2010-03",
            "price": "28.82",
            "revenue": 324190
        },
        "2010-04": {
            "month": "2010-04",
            "price": "30.62",
            "revenue": 335077
        },
        "2010-05": {
            "month": "2010-05",
            "price": "27.37",
            "revenue": 308543
        },
        "2010-06": {
            "month": "2010-06",
            "price": "25.84",
            "revenue": 302589
        },
        "2010-07": {
            "month": "2010-07",
            "price": "27.83",
            "revenue": 280858
        },
        "2010-08": {
            "month": "2010-08",
            "price": "29.07",
            "revenue": 299287
        },
        "2010-09": {
            "month": "2010-09",
            "price": "29.77",
            "revenue": 247938
        },
        "2010-10": {
            "month": "2010-10",
            "price": "29.98",
            "revenue": 278166
        },
        "2010-11": {
            "month": "2010-11",
            "price": "25.76",
            "revenue": 288881
        },
        "2010-12": {
            "month": "2010-12",
            "price": "26.64",
            "revenue": 295871
        },
        "2011-01": {
            "month": "2011-01",
            "price": "26.50",
            "revenue": 299818
        },
        "2011-02": {
            "month": "2011-02",
            "price": "25.76",
            "revenue": 209260
        },
        "2011-03": {
            "month": "2011-03",
            "price": "23.50",
            "revenue": 302132
        },
        "2011-04": {
            "month": "2011-04",
            "price": "23.38",
            "revenue": 266462
        },
        "2011-05": {
            "month": "2011-05",
            "price": "22.58",
            "revenue": 323412
        },
        "2011-06": {
            "month": "2011-06",
            "price": "21.53",
            "revenue": 317174
        },
        "2011-07": {
            "month": "2011-07",
            "price": "18.72",
            "revenue": 310749
        },
        "2011-08": {
            "month": "2011-08",
            "price": "14.90",
            "revenue": 322600
        },
        "2011-09": {
            "month": "2011-09",
            "price": "13.55",
            "revenue": 316354
        },
        "2011-10": {
            "month": "2011-10",
            "price": "13.14",
            "revenue": 279694
        },
        "2011-11": {
            "month": "2011-11",
            "price": "13.09",
            "revenue": 269042
        },
        "2011-12": {
            "month": "2011-12",
            "price": "11.74",
            "revenue": 277805
        },
        "2012-01": {
            "month": "2012-01",
            "price": "12.95",
            "revenue": 259730
        },
        "2012-02": {
            "month": "2012-02",
            "price": "15.03",
            "revenue": 253010
        },
        "2012-03": {
            "month": "2012-03",
            "price": "14.40",
            "revenue": 274310
        },
        "2012-04": {
            "month": "2012-04",
            "price": "12.89",
            "revenue": 336820
        },
        "2012-05": {
            "month": "2012-05",
            "price": "12.29",
            "revenue": 301104
        },
        "2012-06": {
            "month": "2012-06",
            "price": "12.05",
            "revenue": 286049
        },
        "2012-07": {
            "month": "2012-07",
            "price": "11.99",
            "revenue": 268542
        },
        "2012-08": {
            "month": "2012-08",
            "price": "12.43",
            "revenue": 276031
        },
        "2012-09": {
            "month": "2012-09",
            "price": "13.67",
            "revenue": 266666
        },
        "2012-10": {
            "month": "2012-10",
            "price": "13.57",
            "revenue": 272902
        },
        "2012-11": {
            "month": "2012-11",
            "price": "12.88",
            "revenue": 251925
        },
        "2012-12": {
            "month": "2012-12",
            "price": "15.81",
            "revenue": 279150
        },
        "2013-01": {
            "month": "2013-01",
            "price": "18.36",
            "revenue": 315080
        },
        "2013-02": {
            "month": "2013-02",
            "price": "19.01",
            "revenue": 239159
        },
        "2013-03": {
            "month": "2013-03",
            "price": "18.76",
            "revenue": 291322
        },
        "2013-04": {
            "month": "2013-04",
            "price": "17.03",
            "revenue": 327068
        },
        "2013-05": {
            "month": "2013-05",
            "price": "18.16",
            "revenue": 318251
        },
        "2013-06": {
            "month": "2013-06",
            "price": "18.06",
            "revenue": 312157
        },
        "2013-07": {
            "month": "2013-07",
            "price": "17.98",
            "revenue": 287374
        },
        "2013-08": {
            "month": "2013-08",
            "price": "17.75",
            "revenue": 266806
        },
        "2013-09": {
            "month": "2013-09",
            "price": "18.40",
            "revenue": 294541
        },
        "2013-10": {
            "month": "2013-10",
            "price": "20.00",
            "revenue": 281409
        },
        "2013-11": {
            "month": "2013-11",
            "price": "20.48",
            "revenue": 261472
        },
        "2013-12": {
            "month": "2013-12",
            "price": "20.38",
            "revenue": 270459
        },
        "2014-01": {
            "month": "2014-01",
            "price": "19.59",
            "revenue": 317241
        },
        "2014-02": {
            "month": "2014-02",
            "price": "21.19",
            "revenue": 251019
        },
        "2014-03": {
            "month": "2014-03",
            "price": "25.97",
            "revenue": 267942
        },
        "2014-04": {
            "month": "2014-04",
            "price": "26.20",
            "revenue": 309415
        },
        "2014-05": {
            "month": "2014-05",
            "price": "26.30",
            "revenue": 282843
        },
        "2014-06": {
            "month": "2014-06",
            "price": "26.89",
            "revenue": 257906
        },
        "2014-07": {
            "month": "2014-07",
            "price": "26.85",
            "revenue": 285569
        },
        "2014-08": {
            "month": "2014-08",
            "price": "24.96",
            "revenue": 261768
        },
        "2014-09": {
            "month": "2014-09",
            "price": "23.71",
            "revenue": 275068
        },
        "2014-10": {
            "month": "2014-10",
            "price": "21.38",
            "revenue": 291274
        },
        "2014-11": {
            "month": "2014-11",
            "price": "20.79",
            "revenue": 274782
        },
        "2014-12": {
            "month": "2014-12",
            "price": "21.70",
            "revenue": 255579
        },
        "2015-01": {
            "month": "2015-01",
            "price": "20.72",
            "revenue": 300925
        },
        "2015-02": {
            "month": "2015-02",
            "price": "20.18",
            "revenue": 218838
        },
        "2015-03": {
            "month": "2015-03",
            "price": "20.24",
            "revenue": 240897
        },
        "2015-04": {
            "month": "2015-04",
            "price": "19.56",
            "revenue": 276338
        },
        "2015-05": {
            "month": "2015-05",
            "price": "18.64",
            "revenue": 246071
        },
        "2015-06": {
            "month": "2015-06",
            "price": "18.61",
            "revenue": 291432
        },
        "2015-07": {
            "month": "2015-07",
            "price": "19.50",
            "revenue": 253642
        },
        "2015-08": {
            "month": "2015-08",
            "price": "16.91",
            "revenue": 251327
        },
        "2015-09": {
            "month": "2015-09",
            "price": "17.89",
            "revenue": 239216
        },
        "2015-10": {
            "month": "2015-10",
            "price": "19.42",
            "revenue": 279294
        },
        "2015-11": {
            "month": "2015-11",
            "price": "19.51",
            "revenue": 254677
        },
        "2015-12": {
            "month": "2015-12",
            "price": "20.03",
            "revenue": 282489
        },
        "2016-01": {
            "month": "2016-01",
            "price": "18.68",
            "revenue": 275279
        },
        "2016-02": {
            "month": "2016-02",
            "price": "19.08",
            "revenue": 212397
        },
        "2016-03": {
            "month": "2016-03",
            "price": "20.03",
            "revenue": 301726
        },
        "2016-04": {
            "month": "2016-04",
            "price": "20.46",
            "revenue": 256525
        },
        "2016-05": {
            "month": "2016-05",
            "price": "19.51",
            "revenue": 261145
        },
        "2016-06": {
            "month": "2016-06",
            "price": "19.44",
            "revenue": 267010
        },
        "2016-07": {
            "month": "2016-07",
            "price": "19.95",
            "revenue": 208184
        },
        "2016-08": {
            "month": "2016-08",
            "price": "18.65",
            "revenue": 271980
        },
        "2016-09": {
            "month": "2016-09",
            "price": "17.86",
            "revenue": 241645
        },
        "2016-10": {
            "month": "2016-10",
            "price": "18.13",
            "revenue": 244227
        },
        "2016-11": {
            "month": "2016-11",
            "price": "18.22",
            "revenue": 255411
        },
        "2016-12": {
            "month": "2016-12",
            "price": "18.08",
            "revenue": 263041
        },
        "2017-01": {
            "month": "2017-01",
            "price": "18.64",
            "revenue": 257399
        },
        "2017-02": {
            "month": "2017-02",
            "price": "18.59",
            "revenue": 219261
        },
        "2017-03": {
            "month": "2017-03",
            "price": "18.51",
            "revenue": 250009
        },
        "2017-04": {
            "month": "2017-04",
            "price": "17.65",
            "revenue": 273224
        },
        "2017-05": {
            "month": "2017-05",
            "price": "17.45",
            "revenue": 267967
        },
        "2017-06": {
            "month": "2017-06",
            "price": "17.89",
            "revenue": 268286
        },
        "2017-07": {
            "month": "2017-07",
            "price": "17.65",
            "revenue": 237170
        },
        "2017-08": {
            "month": "2017-08",
            "price": "18.10",
            "revenue": 273005
        },
        "2017-09": {
            "month": "2017-09",
            "price": "20.15",
            "revenue": 287225
        },
        "2017-10": {
            "month": "2017-10",
            "price": "19.46",
            "revenue": 308723
        },
        "2017-11": {
            "month": "2017-11",
            "price": "18.69",
            "revenue": 291659
        },
        "2017-12": {
            "month": "2017-12",
            "price": "19.52",
            "revenue": 251819
        },
        "2018-01": {
            "month": "2018-01",
            "price": "20.06",
            "revenue": 314849
        },
        "2018-02": {
            "month": "2018-02",
            "price": "19.30",
            "revenue": 235149
        },
        "2018-03": {
            "month": "2018-03",
            "price": "19.57",
            "revenue": 278586
        },
        "2018-04": {
            "month": "2018-04",
            "price": "18.52",
            "revenue": 274118
        },
        "2018-05": {
            "month": "2018-05",
            "price": "19.14",
            "revenue": 311948
        },
        "2018-06": {
            "month": "2018-06",
            "price": "20.26",
            "revenue": 257659
        },
        "2018-07": {
            "month": "2018-07",
            "price": "20.83",
            "revenue": 281001
        },
        "2018-08": {
            "month": "2018-08",
            "price": "19.49",
            "revenue": 316001
        },
        "2018-09": {
            "month": "2018-09",
            "price": "20.03",
            "revenue": 321186
        },
        "2018-10": {
            "month": "2018-10",
            "price": "18.66",
            "revenue": 311878
        },
        "2018-11": {
            "month": "2018-11",
            "price": "18.72",
            "revenue": 272295
        },
        "2018-12": {
            "month": "2018-12",
            "price": "19.06",
            "revenue": 284886
        },
        "2019-01": {
            "month": "2019-01",
            "price": "18.74",
            "revenue": 345750
        },
        "2019-02": {
            "month": "2019-02",
            "price": "20.17",
            "revenue": 184938
        },
        "2019-03": {
            "month": "2019-03",
            "price": "19.42",
            "revenue": 318710
        },
        "2019-04": {
            "month": "2019-04",
            "price": "19.40",
            "revenue": 300394
        },
        "2019-05": {
            "month": "2019-05",
            "price": "18.57",
            "revenue": 325151
        },
        "2019-06": {
            "month": "2019-06",
            "price": "18.45",
            "revenue": 335872
        },
        "2019-07": {
            "month": "2019-07",
            "price": "18.90",
            "revenue": 320610
        },
        "2019-08": {
            "month": "2019-08",
            "price": "18.43",
            "revenue": 322455
        },
        "2019-09": {
            "month": "2019-09",
            "price": "18.79",
            "revenue": 355458
        },
        "2019-10": {
            "month": "2019-10",
            "price": "19.12",
            "revenue": 317952
        },
        "2019-11": {
            "month": "2019-11",
            "price": "18.85",
            "revenue": 297117
        },
        "2019-12": {
            "month": "2019-12",
            "price": "18.45",
            "revenue": 323278
        },
        "2020-01": {
            "month": "2020-01",
            "price": "18.36",
            "revenue": 319722
        },
        "2020-02": {
            "month": "2020-02",
            "price": "18.61",
            "revenue": 229510
        },
        "2020-03": {
            "month": "2020-03",
            "price": "16.32",
            "revenue": 337321
        },
        "2020-04": {
            "month": "2020-04",
            "price": "16.68",
            "revenue": 331117
        },
        "2020-05": {
            "month": "2020-05",
            "price": "19.59",
            "revenue": 284979
        },
        "2020-06": {
            "month": "2020-06",
            "price": "20.44",
            "revenue": 289235
        },
        "2020-07": {
            "month": "2020-07",
            "price": "23.67",
            "revenue": 263170
        },
        "2020-08": {
            "month": "2020-08",
            "price": "22.05",
            "revenue": 274839
        },
        "2020-09": {
            "month": "2020-09",
            "price": "23.06",
            "revenue": 348356
        },
        "2020-10": {
            "month": "2020-10",
            "price": "24.13",
            "revenue": 292205
        },
        "2020-11": {
            "month": "2020-11",
            "price": "25.90",
            "revenue": 336957
        },
        "2020-12": {
            "month": "2020-12",
            "price": "26.88",
            "revenue": 281290
        },
        "2021-01": {
            "month": "2021-01",
            "price": "25.67",
            "revenue": 451530
        },
        "2021-02": {
            "month": "2021-02",
            "price": "25.90",
            "revenue": 298350
        },
        "2021-03": {
            "month": "2021-03",
            "price": "26.52",
            "revenue": 421839
        },
        "2021-04": {
            "month": "2021-04",
            "price": "29.26",
            "revenue": 378066
        },
        "2021-05": {
            "month": "2021-05",
            "price": "28.53",
            "revenue": 375646
        },
        "2021-06": {
            "month": "2021-06",
            "price": "32.90",
            "revenue": 448545
        },
        "2021-07": {
            "month": "2021-07",
            "price": "56.07",
            "revenue": 366145
        },
        "2021-08": {
            "month": "2021-08",
            "price": "57.03",
            "revenue": 389484
        },
        "2021-09": {
            "month": "2021-09",
            "price": "57.04",
            "revenue": 394526
        },
        "2021-10": {
            "month": "2021-10",
            "price": "60.36",
            "revenue": 337562
        },
        "2021-11": {
            "month": "2021-11",
            "price": "69.40",
            "revenue": 458794
        },
        "2021-12": {
            "month": "2021-12",
            "price": "67.23",
            "revenue": 408517
        },
        "2022-01": {
            "month": "2022-01",
            "price": "62.74",
            "revenue": 538778
        },
        "2022-02": {
            "month": "2022-02",
            "price": "61.95",
            "revenue": 325009
        },
        "2022-03": {
            "month": "2022-03",
            "price": "57.97",
            "revenue": 565098
        },
        "2022-04": {
            "month": "2022-04",
            "price": "54.66",
            "revenue": 353395
        },
        "2022-05": {
            "month": "2022-05",
            "price": "47.03",
            "revenue": 464742
        },
        "2022-06": {
            "month": "2022-06",
            "price": "45.25",
            "revenue": 558336
        },
        "2022-07": {
            "month": "2022-07",
            "price": "39.48",
            "revenue": 461396
        },
        "2022-08": {
            "month": "2022-08",
            "price": "42.17",
            "revenue": 491221
        },
        "2022-09": {
            "month": "2022-09",
            "price": "40.71",
            "revenue": 485505
        },
        "2022-10": {
            "month": "2022-10",
            "price": "36.21",
            "revenue": 409716
        },
        "2022-11": {
            "month": "2022-11",
            "price": "38.38",
            "revenue": 427907
        },
        "2022-12": {
            "month": "2022-12",
            "price": "41.55",
            "revenue": 379127
        },
        "2023-01": {
            "month": "2023-01",
            "price": "40.93",
            "revenue": 435529
        },
        "2023-02": {
            "month": "2023-02",
            "price": "45.33",
            "revenue": 314915
        },
        "2023-03": {
            "month": "2023-03",
            "price": "46.02",
            "revenue": 453652
        },
        "2023-04": {
            "month": "2023-04",
            "price": "45.49",
            "revenue": 364003
        },
        "2023-05": {
            "month": "2023-05",
            "price": "43.92",
            "revenue": 411805
        },
        "2023-06": {
            "month": "2023-06",
            "price": "44.71",
            "revenue": 364978
        },
        "2023-07": {
            "month": "2023-07",
            "price": "41.66",
            "revenue": 359440
        },
        "2023-08": {
            "month": "2023-08",
            "price": "37.89",
            "revenue": 406056
        },
        "2023-09": {
            "month": "2023-09",
            "price": "38.34",
            "revenue": 383722
        },
        "2023-10": {
            "month": "2023-10",
            "price": "36.70",
            "revenue": 334955
        },
        "2023-11": {
            "month": "2023-11",
            "price": "37.95",
            "revenue": 351191
        }
    }
}
