{
    "summary": {
        "stock_name": "精測",
        "stock_id": "6510",
        "category": "半導體",
        "main_business": "晶圓測試卡<br>IC測試板<br>技術服務與其他",
        "website_url": "http://www.chpt.com",
        "ceo": "黃水可",
        "pe_ratio": 83,
        "report_year_from": 2012,
        "report_year_to": 2023,
        "age": 11,
        "eps_negative_percentage": 0,
        "eps_growth_avg": {
            "last_all": 13.16,
            "last_2y": 10.44,
            "last_4y": 2.18,
            "last_8y": null,
            "last_12y": null,
            "last_16y": null,
            "last_20y": null,
            "at_2006_last_3y": null,
            "at_2007_last_3y": null,
            "at_2008_last_3y": null,
            "at_2009_last_3y": null,
            "at_2010_last_3y": null,
            "at_2011_last_3y": null,
            "at_2012_last_3y": null,
            "at_2013_last_3y": null,
            "at_2014_last_3y": null,
            "at_2015_last_3y": null,
            "at_2016_last_3y": null,
            "at_2017_last_3y": null,
            "at_2018_last_3y": null,
            "at_2019_last_3y": 15.2,
            "at_2020_last_3y": 11.88,
            "at_2021_last_3y": 6.12,
            "at_2022_last_3y": 4.65,
            "at_2023_last_3y": 4.65,
            "at_2006_last_all": null,
            "at_2007_last_all": null,
            "at_2008_last_all": null,
            "at_2009_last_all": null,
            "at_2010_last_all": null,
            "at_2011_last_all": null,
            "at_2012_last_all": null,
            "at_2013_last_all": null,
            "at_2014_last_all": null,
            "at_2015_last_all": null,
            "at_2016_last_all": null,
            "at_2017_last_all": 40.61,
            "at_2018_last_all": 24.51,
            "at_2019_last_all": 15.2,
            "at_2020_last_all": 22.04,
            "at_2021_last_all": 17.61,
            "at_2022_last_all": 13.16,
            "at_2023_last_all": 13.16
        },
        "latest_eps": 5.89,
        "latest_price": 491,
        "latest_roe": 2.15,
        "latest_gross_margin": 48.83,
        "latest_equity": 7575907,
        "latest_revenue": 692371,
        "latest_gross_profit": 338085,
        "latest_net_income": 3333,
        "latest_debt_ratio": 8.18,
        "latest_current_ratio": 567.52,
        "latest_account_receivable_turnover_ratio": 1.11,
        "latest_inventory_turnover_ratio": 0.92,
        "latest_reinvestment_rate": 28.58,
        "latest_research_to_sale_ratio": 33.35
    },
    "eps_dividends": {
        "2001": {
            "cash": 0,
            "stock": 0,
            "eps": 0
        },
        "2002": {
            "cash": 0,
            "stock": 0,
            "eps": 0
        },
        "2003": {
            "cash": 0,
            "stock": 0,
            "eps": 0
        },
        "2004": {
            "cash": 0,
            "stock": 0,
            "eps": 0
        },
        "2005": {
            "cash": 0,
            "stock": 0,
            "eps": 0
        },
        "2006": {
            "cash": 0,
            "stock": 0,
            "eps": 0
        },
        "2007": {
            "cash": 0,
            "stock": 0,
            "eps": 0
        },
        "2008": {
            "cash": 0,
            "stock": 0,
            "eps": 0
        },
        "2009": {
            "cash": 0,
            "stock": 0,
            "eps": 0
        },
        "2010": {
            "cash": 0,
            "stock": 0,
            "eps": 0
        },
        "2011": {
            "cash": 0,
            "stock": 0,
            "eps": 0
        },
        "2012": {
            "cash": 0,
            "stock": 0,
            "eps": 0
        },
        "2013": {
            "cash": 0,
            "stock": 0,
            "eps": 0
        },
        "2014": {
            "cash": 0,
            "stock": 0,
            "eps": 0
        },
        "2015": {
            "cash": 2.3,
            "stock": 0,
            "eps": 12.27
        },
        "2016": {
            "cash": 6,
            "stock": 0,
            "eps": 19.96
        },
        "2017": {
            "cash": 8,
            "stock": 0,
            "eps": 23.66
        },
        "2018": {
            "cash": 10,
            "stock": 0,
            "eps": 21.84
        },
        "2019": {
            "cash": 10,
            "stock": 0,
            "eps": 19.06
        },
        "2020": {
            "cash": 10,
            "stock": 0,
            "eps": 28.48
        },
        "2021": {
            "cash": 12,
            "stock": 0,
            "eps": 27.19
        },
        "2022": {
            "cash": 13.6,
            "stock": 0,
            "eps": 23.5
        },
        "2023": {
            "cash": 11.75,
            "stock": 0,
            "eps": 0.46
        }
    },
    "dividends": {
        "2015-07-31": {
            "cash": 2.3,
            "stock": 0
        },
        "2016-08-02": {
            "cash": 6,
            "stock": 0
        },
        "2017-08-04": {
            "cash": 8,
            "stock": 0
        },
        "2018-08-03": {
            "cash": 10,
            "stock": 0
        },
        "2019-07-31": {
            "cash": 10,
            "stock": 0
        },
        "2020-08-05": {
            "cash": 10,
            "stock": 0
        },
        "2021-09-10": {
            "cash": 12,
            "stock": 0
        },
        "2022-08-05": {
            "cash": 13.6,
            "stock": 0
        },
        "2023-08-04": {
            "cash": 11.75,
            "stock": 0
        }
    },
    "prices": {
        "200101": "無",
        "200102": "無",
        "200103": "無",
        "200104": "無",
        "200105": "無",
        "200106": "無",
        "200107": "無",
        "200108": "無",
        "200109": "無",
        "200110": "無",
        "200111": "無",
        "200112": "無",
        "200201": "無",
        "200202": "無",
        "200203": "無",
        "200204": "無",
        "200205": "無",
        "200206": "無",
        "200207": "無",
        "200208": "無",
        "200209": "無",
        "200210": "無",
        "200211": "無",
        "200212": "無",
        "200301": "無",
        "200302": "無",
        "200303": "無",
        "200304": "無",
        "200305": "無",
        "200306": "無",
        "200307": "無",
        "200308": "無",
        "200309": "無",
        "200310": "無",
        "200311": "無",
        "200312": "無",
        "200401": "無",
        "200402": "無",
        "200403": "無",
        "200404": "無",
        "200405": "無",
        "200406": "無",
        "200407": "無",
        "200408": "無",
        "200409": "無",
        "200410": "無",
        "200411": "無",
        "200412": "無",
        "200501": "無",
        "200502": "無",
        "200503": "無",
        "200504": "無",
        "200505": "無",
        "200506": "無",
        "200507": "無",
        "200508": "無",
        "200509": "無",
        "200510": "無",
        "200511": "無",
        "200512": "無",
        "200601": "無",
        "200602": "無",
        "200603": "無",
        "200604": "無",
        "200605": "無",
        "200606": "無",
        "200607": "無",
        "200608": "無",
        "200609": "無",
        "200610": "無",
        "200611": "無",
        "200612": "無",
        "200701": "無",
        "200702": "無",
        "200703": "無",
        "200704": "無",
        "200705": "無",
        "200706": "無",
        "200707": "無",
        "200708": "無",
        "200709": "無",
        "200710": "無",
        "200711": "無",
        "200712": "無",
        "200801": "無",
        "200802": "無",
        "200803": "無",
        "200804": "無",
        "200805": "無",
        "200806": "無",
        "200807": "無",
        "200808": "無",
        "200809": "無",
        "200810": "無",
        "200811": "無",
        "200812": "無",
        "200901": "無",
        "200902": "無",
        "200903": "無",
        "200904": "無",
        "200905": "無",
        "200906": "無",
        "200907": "無",
        "200908": "無",
        "200909": "無",
        "200910": "無",
        "200911": "無",
        "200912": "無",
        "201001": "無",
        "201002": "無",
        "201003": "無",
        "201004": "無",
        "201005": "無",
        "201006": "無",
        "201007": "無",
        "201008": "無",
        "201009": "無",
        "201010": "無",
        "201011": "無",
        "201012": "無",
        "201101": "無",
        "201102": "無",
        "201103": "無",
        "201104": "無",
        "201105": "無",
        "201106": "無",
        "201107": "無",
        "201108": "無",
        "201109": "無",
        "201110": "無",
        "201111": "無",
        "201112": "無",
        "201201": "無",
        "201202": "無",
        "201203": "無",
        "201204": "無",
        "201205": "無",
        "201206": "無",
        "201207": "無",
        "201208": "無",
        "201209": "無",
        "201210": "無",
        "201211": "無",
        "201212": "無",
        "201301": "無",
        "201302": "無",
        "201303": "無",
        "201304": "無",
        "201305": "無",
        "201306": "無",
        "201307": "無",
        "201308": "無",
        "201309": "無",
        "201310": "無",
        "201311": "無",
        "201312": "無",
        "201401": "無",
        "201402": "無",
        "201403": "無",
        "201404": "無",
        "201405": "無",
        "201406": "無",
        "201407": "無",
        "201408": "無",
        "201409": "無",
        "201410": "無",
        "201411": "無",
        "201412": "無",
        "201501": "130.52",
        "201502": "153.95",
        "201503": "185.50",
        "201504": "184.77",
        "201505": "180.15",
        "201506": "216.51",
        "201507": "249.51",
        "201508": "208.73",
        "201509": "215.86",
        "201510": "248.18",
        "201511": "319.00",
        "201512": "461.16",
        "201601": "416.51",
        "201602": "480.00",
        "201603": "598.63",
        "201604": "677.68",
        "201605": "700.67",
        "201606": "700.86",
        "201607": "722.60",
        "201608": "987.74",
        "201609": "1151.84",
        "201610": "1076.45",
        "201611": "1113.50",
        "201612": "1163.64",
        "201701": "1174.06",
        "201702": "1331.11",
        "201703": "1327.83",
        "201704": "1180.00",
        "201705": "1194.50",
        "201706": "1370.43",
        "201707": "1385.00",
        "201708": "1358.26",
        "201709": "1320.68",
        "201710": "1149.74",
        "201711": "1147.95",
        "201712": "1027.10",
        "201801": "1132.27",
        "201802": "1066.92",
        "201803": "899.13",
        "201804": "786.67",
        "201805": "783.50",
        "201806": "842.00",
        "201807": "771.41",
        "201808": "680.35",
        "201809": "522.74",
        "201810": "426.36",
        "201811": "425.93",
        "201812": "510.62",
        "201901": "447.67",
        "201902": "422.00",
        "201903": "410.98",
        "201904": "489.70",
        "201905": "422.80",
        "201906": "394.29",
        "201907": "424.26",
        "201908": "612.05",
        "201909": "770.42",
        "201910": "883.33",
        "201911": "934.33",
        "201912": "1009.14",
        "202001": "956.40",
        "202002": "905.32",
        "202003": "724.18",
        "202004": "687.55",
        "202005": "633.60",
        "202006": "697.05",
        "202007": "841.70",
        "202008": "748.48",
        "202009": "694.14",
        "202010": "701.37",
        "202011": "753.33",
        "202012": "761.57",
        "202101": "887.20",
        "202102": "909.62",
        "202103": "873.91",
        "202104": "790.16",
        "202105": "667.48",
        "202106": "675.19",
        "202107": "648.64",
        "202108": "599.23",
        "202109": "625.90",
        "202110": "691.90",
        "202111": "711.82",
        "202112": "665.59",
        "202201": "688.67",
        "202202": "627.13",
        "202203": "613.13",
        "202204": "541.66",
        "202205": "479.62",
        "202206": "451.88",
        "202207": "397.31",
        "202208": "442.65",
        "202209": "432.52",
        "202210": "394.05",
        "202211": "427.34",
        "202212": "511.48",
        "202301": "495.85",
        "202302": "573.83",
        "202303": "583.70",
        "202304": "535.62",
        "202305": "478.57",
        "202306": "559.92",
        "202307": "576.29",
        "202308": "498.50",
        "202309": "538.45",
        "202310": "562.50"
    },
    "quarters": {
        "20011": {
            "year_quarter": 20011,
            "year": 2001,
            "quarter": 1,
            "eps": null,
            "eps_growth_year": null,
            "eps_4q": null,
            "eps_4q_growth_year": null,
            "roe": null,
            "roe_4q": 0,
            "gross_profit": null,
            "gross_margin": null,
            "gross_margin_4q_avg": 0,
            "net_income": null,
            "net_income_4q": null,
            "revenue": null,
            "revenue_4q": null,
            "common_shares": null,
            "book_valuer_per_share": null,
            "book_valuer_per_share_4q_avg": 0,
            "equity": null,
            "current_ratio": null,
            "debt_ratio": null,
            "inventory_turnover_ratio": null,
            "account_receivable_turnover_ratio": null,
            "reinvestment_rate": null,
            "research_to_sale_ratio": null,
            "price_fair": 0,
            "eps_avg_yearly": 0,
            "eps_latest_yearly": 0,
            "eps_growth_yearly": 0
        },
        "20012": {
            "year_quarter": 20012,
            "year": 2001,
            "quarter": 2,
            "eps": null,
            "eps_growth_year": null,
            "eps_4q": null,
            "eps_4q_growth_year": null,
            "roe": null,
            "roe_4q": 0,
            "gross_profit": null,
            "gross_margin": null,
            "gross_margin_4q_avg": 0,
            "net_income": null,
            "net_income_4q": null,
            "revenue": null,
            "revenue_4q": null,
            "common_shares": null,
            "book_valuer_per_share": null,
            "book_valuer_per_share_4q_avg": 0,
            "equity": null,
            "current_ratio": null,
            "debt_ratio": null,
            "inventory_turnover_ratio": null,
            "account_receivable_turnover_ratio": null,
            "reinvestment_rate": null,
            "research_to_sale_ratio": null,
            "price_fair": 0,
            "eps_avg_yearly": 0,
            "eps_latest_yearly": 0,
            "eps_growth_yearly": 0
        },
        "20013": {
            "year_quarter": 20013,
            "year": 2001,
            "quarter": 3,
            "eps": null,
            "eps_growth_year": null,
            "eps_4q": null,
            "eps_4q_growth_year": null,
            "roe": null,
            "roe_4q": 0,
            "gross_profit": null,
            "gross_margin": null,
            "gross_margin_4q_avg": 0,
            "net_income": null,
            "net_income_4q": null,
            "revenue": null,
            "revenue_4q": null,
            "common_shares": null,
            "book_valuer_per_share": null,
            "book_valuer_per_share_4q_avg": 0,
            "equity": null,
            "current_ratio": null,
            "debt_ratio": null,
            "inventory_turnover_ratio": null,
            "account_receivable_turnover_ratio": null,
            "reinvestment_rate": null,
            "research_to_sale_ratio": null,
            "price_fair": 0,
            "eps_avg_yearly": 0,
            "eps_latest_yearly": 0,
            "eps_growth_yearly": 0
        },
        "20014": {
            "year_quarter": 20014,
            "year": 2001,
            "quarter": 4,
            "eps": null,
            "eps_growth_year": null,
            "eps_4q": null,
            "eps_4q_growth_year": null,
            "roe": null,
            "roe_4q": 0,
            "gross_profit": null,
            "gross_margin": null,
            "gross_margin_4q_avg": 0,
            "net_income": null,
            "net_income_4q": null,
            "revenue": null,
            "revenue_4q": null,
            "common_shares": null,
            "book_valuer_per_share": null,
            "book_valuer_per_share_4q_avg": 0,
            "equity": null,
            "current_ratio": null,
            "debt_ratio": null,
            "inventory_turnover_ratio": null,
            "account_receivable_turnover_ratio": null,
            "reinvestment_rate": null,
            "research_to_sale_ratio": null,
            "price_fair": 0,
            "eps_avg_yearly": 0,
            "eps_latest_yearly": 0,
            "eps_growth_yearly": 0
        },
        "20021": {
            "year_quarter": 20021,
            "year": 2002,
            "quarter": 1,
            "eps": null,
            "eps_growth_year": null,
            "eps_4q": null,
            "eps_4q_growth_year": null,
            "roe": null,
            "roe_4q": 0,
            "gross_profit": null,
            "gross_margin": null,
            "gross_margin_4q_avg": 0,
            "net_income": null,
            "net_income_4q": null,
            "revenue": null,
            "revenue_4q": null,
            "common_shares": null,
            "book_valuer_per_share": null,
            "book_valuer_per_share_4q_avg": 0,
            "equity": null,
            "current_ratio": null,
            "debt_ratio": null,
            "inventory_turnover_ratio": null,
            "account_receivable_turnover_ratio": null,
            "reinvestment_rate": null,
            "research_to_sale_ratio": null,
            "price_fair": 0,
            "eps_avg_yearly": 0,
            "eps_latest_yearly": 0,
            "eps_growth_yearly": 0
        },
        "20022": {
            "year_quarter": 20022,
            "year": 2002,
            "quarter": 2,
            "eps": null,
            "eps_growth_year": null,
            "eps_4q": null,
            "eps_4q_growth_year": null,
            "roe": null,
            "roe_4q": 0,
            "gross_profit": null,
            "gross_margin": null,
            "gross_margin_4q_avg": 0,
            "net_income": null,
            "net_income_4q": null,
            "revenue": null,
            "revenue_4q": null,
            "common_shares": null,
            "book_valuer_per_share": null,
            "book_valuer_per_share_4q_avg": 0,
            "equity": null,
            "current_ratio": null,
            "debt_ratio": null,
            "inventory_turnover_ratio": null,
            "account_receivable_turnover_ratio": null,
            "reinvestment_rate": null,
            "research_to_sale_ratio": null,
            "price_fair": 0,
            "eps_avg_yearly": 0,
            "eps_latest_yearly": 0,
            "eps_growth_yearly": 0
        },
        "20023": {
            "year_quarter": 20023,
            "year": 2002,
            "quarter": 3,
            "eps": null,
            "eps_growth_year": null,
            "eps_4q": null,
            "eps_4q_growth_year": null,
            "roe": null,
            "roe_4q": 0,
            "gross_profit": null,
            "gross_margin": null,
            "gross_margin_4q_avg": 0,
            "net_income": null,
            "net_income_4q": null,
            "revenue": null,
            "revenue_4q": null,
            "common_shares": null,
            "book_valuer_per_share": null,
            "book_valuer_per_share_4q_avg": 0,
            "equity": null,
            "current_ratio": null,
            "debt_ratio": null,
            "inventory_turnover_ratio": null,
            "account_receivable_turnover_ratio": null,
            "reinvestment_rate": null,
            "research_to_sale_ratio": null,
            "price_fair": 0,
            "eps_avg_yearly": 0,
            "eps_latest_yearly": 0,
            "eps_growth_yearly": 0
        },
        "20024": {
            "year_quarter": 20024,
            "year": 2002,
            "quarter": 4,
            "eps": null,
            "eps_growth_year": null,
            "eps_4q": null,
            "eps_4q_growth_year": null,
            "roe": null,
            "roe_4q": 0,
            "gross_profit": null,
            "gross_margin": null,
            "gross_margin_4q_avg": 0,
            "net_income": null,
            "net_income_4q": null,
            "revenue": null,
            "revenue_4q": null,
            "common_shares": null,
            "book_valuer_per_share": null,
            "book_valuer_per_share_4q_avg": 0,
            "equity": null,
            "current_ratio": null,
            "debt_ratio": null,
            "inventory_turnover_ratio": null,
            "account_receivable_turnover_ratio": null,
            "reinvestment_rate": null,
            "research_to_sale_ratio": null,
            "price_fair": 0,
            "eps_avg_yearly": 0,
            "eps_latest_yearly": 0,
            "eps_growth_yearly": 0
        },
        "20031": {
            "year_quarter": 20031,
            "year": 2003,
            "quarter": 1,
            "eps": null,
            "eps_growth_year": null,
            "eps_4q": null,
            "eps_4q_growth_year": null,
            "roe": null,
            "roe_4q": 0,
            "gross_profit": null,
            "gross_margin": null,
            "gross_margin_4q_avg": 0,
            "net_income": null,
            "net_income_4q": null,
            "revenue": null,
            "revenue_4q": null,
            "common_shares": null,
            "book_valuer_per_share": null,
            "book_valuer_per_share_4q_avg": 0,
            "equity": null,
            "current_ratio": null,
            "debt_ratio": null,
            "inventory_turnover_ratio": null,
            "account_receivable_turnover_ratio": null,
            "reinvestment_rate": null,
            "research_to_sale_ratio": null,
            "price_fair": 0,
            "eps_avg_yearly": 0,
            "eps_latest_yearly": 0,
            "eps_growth_yearly": 0
        },
        "20032": {
            "year_quarter": 20032,
            "year": 2003,
            "quarter": 2,
            "eps": null,
            "eps_growth_year": null,
            "eps_4q": null,
            "eps_4q_growth_year": null,
            "roe": null,
            "roe_4q": 0,
            "gross_profit": null,
            "gross_margin": null,
            "gross_margin_4q_avg": 0,
            "net_income": null,
            "net_income_4q": null,
            "revenue": null,
            "revenue_4q": null,
            "common_shares": null,
            "book_valuer_per_share": null,
            "book_valuer_per_share_4q_avg": 0,
            "equity": null,
            "current_ratio": null,
            "debt_ratio": null,
            "inventory_turnover_ratio": null,
            "account_receivable_turnover_ratio": null,
            "reinvestment_rate": null,
            "research_to_sale_ratio": null,
            "price_fair": 0,
            "eps_avg_yearly": 0,
            "eps_latest_yearly": 0,
            "eps_growth_yearly": 0
        },
        "20033": {
            "year_quarter": 20033,
            "year": 2003,
            "quarter": 3,
            "eps": null,
            "eps_growth_year": null,
            "eps_4q": null,
            "eps_4q_growth_year": null,
            "roe": null,
            "roe_4q": 0,
            "gross_profit": null,
            "gross_margin": null,
            "gross_margin_4q_avg": 0,
            "net_income": null,
            "net_income_4q": null,
            "revenue": null,
            "revenue_4q": null,
            "common_shares": null,
            "book_valuer_per_share": null,
            "book_valuer_per_share_4q_avg": 0,
            "equity": null,
            "current_ratio": null,
            "debt_ratio": null,
            "inventory_turnover_ratio": null,
            "account_receivable_turnover_ratio": null,
            "reinvestment_rate": null,
            "research_to_sale_ratio": null,
            "price_fair": 0,
            "eps_avg_yearly": 0,
            "eps_latest_yearly": 0,
            "eps_growth_yearly": 0
        },
        "20034": {
            "year_quarter": 20034,
            "year": 2003,
            "quarter": 4,
            "eps": null,
            "eps_growth_year": null,
            "eps_4q": null,
            "eps_4q_growth_year": null,
            "roe": null,
            "roe_4q": 0,
            "gross_profit": null,
            "gross_margin": null,
            "gross_margin_4q_avg": 0,
            "net_income": null,
            "net_income_4q": null,
            "revenue": null,
            "revenue_4q": null,
            "common_shares": null,
            "book_valuer_per_share": null,
            "book_valuer_per_share_4q_avg": 0,
            "equity": null,
            "current_ratio": null,
            "debt_ratio": null,
            "inventory_turnover_ratio": null,
            "account_receivable_turnover_ratio": null,
            "reinvestment_rate": null,
            "research_to_sale_ratio": null,
            "price_fair": 0,
            "eps_avg_yearly": 0,
            "eps_latest_yearly": 0,
            "eps_growth_yearly": 0
        },
        "20041": {
            "year_quarter": 20041,
            "year": 2004,
            "quarter": 1,
            "eps": null,
            "eps_growth_year": null,
            "eps_4q": null,
            "eps_4q_growth_year": null,
            "roe": null,
            "roe_4q": 0,
            "gross_profit": null,
            "gross_margin": null,
            "gross_margin_4q_avg": 0,
            "net_income": null,
            "net_income_4q": null,
            "revenue": null,
            "revenue_4q": null,
            "common_shares": null,
            "book_valuer_per_share": null,
            "book_valuer_per_share_4q_avg": 0,
            "equity": null,
            "current_ratio": null,
            "debt_ratio": null,
            "inventory_turnover_ratio": null,
            "account_receivable_turnover_ratio": null,
            "reinvestment_rate": null,
            "research_to_sale_ratio": null,
            "price_fair": 0,
            "eps_avg_yearly": 0,
            "eps_latest_yearly": 0,
            "eps_growth_yearly": 0
        },
        "20042": {
            "year_quarter": 20042,
            "year": 2004,
            "quarter": 2,
            "eps": null,
            "eps_growth_year": null,
            "eps_4q": null,
            "eps_4q_growth_year": null,
            "roe": null,
            "roe_4q": 0,
            "gross_profit": null,
            "gross_margin": null,
            "gross_margin_4q_avg": 0,
            "net_income": null,
            "net_income_4q": null,
            "revenue": null,
            "revenue_4q": null,
            "common_shares": null,
            "book_valuer_per_share": null,
            "book_valuer_per_share_4q_avg": 0,
            "equity": null,
            "current_ratio": null,
            "debt_ratio": null,
            "inventory_turnover_ratio": null,
            "account_receivable_turnover_ratio": null,
            "reinvestment_rate": null,
            "research_to_sale_ratio": null,
            "price_fair": 0,
            "eps_avg_yearly": 0,
            "eps_latest_yearly": 0,
            "eps_growth_yearly": 0
        },
        "20043": {
            "year_quarter": 20043,
            "year": 2004,
            "quarter": 3,
            "eps": null,
            "eps_growth_year": null,
            "eps_4q": null,
            "eps_4q_growth_year": null,
            "roe": null,
            "roe_4q": 0,
            "gross_profit": null,
            "gross_margin": null,
            "gross_margin_4q_avg": 0,
            "net_income": null,
            "net_income_4q": null,
            "revenue": null,
            "revenue_4q": null,
            "common_shares": null,
            "book_valuer_per_share": null,
            "book_valuer_per_share_4q_avg": 0,
            "equity": null,
            "current_ratio": null,
            "debt_ratio": null,
            "inventory_turnover_ratio": null,
            "account_receivable_turnover_ratio": null,
            "reinvestment_rate": null,
            "research_to_sale_ratio": null,
            "price_fair": 0,
            "eps_avg_yearly": 0,
            "eps_latest_yearly": 0,
            "eps_growth_yearly": 0
        },
        "20044": {
            "year_quarter": 20044,
            "year": 2004,
            "quarter": 4,
            "eps": null,
            "eps_growth_year": null,
            "eps_4q": null,
            "eps_4q_growth_year": null,
            "roe": null,
            "roe_4q": 0,
            "gross_profit": null,
            "gross_margin": null,
            "gross_margin_4q_avg": 0,
            "net_income": null,
            "net_income_4q": null,
            "revenue": null,
            "revenue_4q": null,
            "common_shares": null,
            "book_valuer_per_share": null,
            "book_valuer_per_share_4q_avg": 0,
            "equity": null,
            "current_ratio": null,
            "debt_ratio": null,
            "inventory_turnover_ratio": null,
            "account_receivable_turnover_ratio": null,
            "reinvestment_rate": null,
            "research_to_sale_ratio": null,
            "price_fair": 0,
            "eps_avg_yearly": 0,
            "eps_latest_yearly": 0,
            "eps_growth_yearly": 0
        },
        "20051": {
            "year_quarter": 20051,
            "year": 2005,
            "quarter": 1,
            "eps": null,
            "eps_growth_year": null,
            "eps_4q": null,
            "eps_4q_growth_year": null,
            "roe": null,
            "roe_4q": 0,
            "gross_profit": null,
            "gross_margin": null,
            "gross_margin_4q_avg": 0,
            "net_income": null,
            "net_income_4q": null,
            "revenue": null,
            "revenue_4q": null,
            "common_shares": null,
            "book_valuer_per_share": null,
            "book_valuer_per_share_4q_avg": 0,
            "equity": null,
            "current_ratio": null,
            "debt_ratio": null,
            "inventory_turnover_ratio": null,
            "account_receivable_turnover_ratio": null,
            "reinvestment_rate": null,
            "research_to_sale_ratio": null,
            "price_fair": 0,
            "eps_avg_yearly": 0,
            "eps_latest_yearly": 0,
            "eps_growth_yearly": 0
        },
        "20052": {
            "year_quarter": 20052,
            "year": 2005,
            "quarter": 2,
            "eps": null,
            "eps_growth_year": null,
            "eps_4q": null,
            "eps_4q_growth_year": null,
            "roe": null,
            "roe_4q": 0,
            "gross_profit": null,
            "gross_margin": null,
            "gross_margin_4q_avg": 0,
            "net_income": null,
            "net_income_4q": null,
            "revenue": null,
            "revenue_4q": null,
            "common_shares": null,
            "book_valuer_per_share": null,
            "book_valuer_per_share_4q_avg": 0,
            "equity": null,
            "current_ratio": null,
            "debt_ratio": null,
            "inventory_turnover_ratio": null,
            "account_receivable_turnover_ratio": null,
            "reinvestment_rate": null,
            "research_to_sale_ratio": null,
            "price_fair": 0,
            "eps_avg_yearly": 0,
            "eps_latest_yearly": 0,
            "eps_growth_yearly": 0
        },
        "20053": {
            "year_quarter": 20053,
            "year": 2005,
            "quarter": 3,
            "eps": null,
            "eps_growth_year": null,
            "eps_4q": null,
            "eps_4q_growth_year": null,
            "roe": null,
            "roe_4q": 0,
            "gross_profit": null,
            "gross_margin": null,
            "gross_margin_4q_avg": 0,
            "net_income": null,
            "net_income_4q": null,
            "revenue": null,
            "revenue_4q": null,
            "common_shares": null,
            "book_valuer_per_share": null,
            "book_valuer_per_share_4q_avg": 0,
            "equity": null,
            "current_ratio": null,
            "debt_ratio": null,
            "inventory_turnover_ratio": null,
            "account_receivable_turnover_ratio": null,
            "reinvestment_rate": null,
            "research_to_sale_ratio": null,
            "price_fair": 0,
            "eps_avg_yearly": 0,
            "eps_latest_yearly": 0,
            "eps_growth_yearly": 0
        },
        "20054": {
            "year_quarter": 20054,
            "year": 2005,
            "quarter": 4,
            "eps": null,
            "eps_growth_year": null,
            "eps_4q": null,
            "eps_4q_growth_year": null,
            "roe": null,
            "roe_4q": 0,
            "gross_profit": null,
            "gross_margin": null,
            "gross_margin_4q_avg": 0,
            "net_income": null,
            "net_income_4q": null,
            "revenue": null,
            "revenue_4q": null,
            "common_shares": null,
            "book_valuer_per_share": null,
            "book_valuer_per_share_4q_avg": 0,
            "equity": null,
            "current_ratio": null,
            "debt_ratio": null,
            "inventory_turnover_ratio": null,
            "account_receivable_turnover_ratio": null,
            "reinvestment_rate": null,
            "research_to_sale_ratio": null,
            "price_fair": 0,
            "eps_avg_yearly": 0,
            "eps_latest_yearly": 0,
            "eps_growth_yearly": 0
        },
        "20061": {
            "year_quarter": 20061,
            "year": 2006,
            "quarter": 1,
            "eps": null,
            "eps_growth_year": null,
            "eps_4q": null,
            "eps_4q_growth_year": null,
            "roe": null,
            "roe_4q": 0,
            "gross_profit": null,
            "gross_margin": null,
            "gross_margin_4q_avg": 0,
            "net_income": null,
            "net_income_4q": null,
            "revenue": null,
            "revenue_4q": null,
            "common_shares": null,
            "book_valuer_per_share": null,
            "book_valuer_per_share_4q_avg": 0,
            "equity": null,
            "current_ratio": null,
            "debt_ratio": null,
            "inventory_turnover_ratio": null,
            "account_receivable_turnover_ratio": null,
            "reinvestment_rate": null,
            "research_to_sale_ratio": null,
            "price_fair": 0,
            "eps_avg_yearly": 0,
            "eps_latest_yearly": 0,
            "eps_growth_yearly": 0
        },
        "20062": {
            "year_quarter": 20062,
            "year": 2006,
            "quarter": 2,
            "eps": null,
            "eps_growth_year": null,
            "eps_4q": null,
            "eps_4q_growth_year": null,
            "roe": null,
            "roe_4q": 0,
            "gross_profit": null,
            "gross_margin": null,
            "gross_margin_4q_avg": 0,
            "net_income": null,
            "net_income_4q": null,
            "revenue": null,
            "revenue_4q": null,
            "common_shares": null,
            "book_valuer_per_share": null,
            "book_valuer_per_share_4q_avg": 0,
            "equity": null,
            "current_ratio": null,
            "debt_ratio": null,
            "inventory_turnover_ratio": null,
            "account_receivable_turnover_ratio": null,
            "reinvestment_rate": null,
            "research_to_sale_ratio": null,
            "price_fair": 0,
            "eps_avg_yearly": 0,
            "eps_latest_yearly": 0,
            "eps_growth_yearly": 0
        },
        "20063": {
            "year_quarter": 20063,
            "year": 2006,
            "quarter": 3,
            "eps": null,
            "eps_growth_year": null,
            "eps_4q": null,
            "eps_4q_growth_year": null,
            "roe": null,
            "roe_4q": 0,
            "gross_profit": null,
            "gross_margin": null,
            "gross_margin_4q_avg": 0,
            "net_income": null,
            "net_income_4q": null,
            "revenue": null,
            "revenue_4q": null,
            "common_shares": null,
            "book_valuer_per_share": null,
            "book_valuer_per_share_4q_avg": 0,
            "equity": null,
            "current_ratio": null,
            "debt_ratio": null,
            "inventory_turnover_ratio": null,
            "account_receivable_turnover_ratio": null,
            "reinvestment_rate": null,
            "research_to_sale_ratio": null,
            "price_fair": 0,
            "eps_avg_yearly": 0,
            "eps_latest_yearly": 0,
            "eps_growth_yearly": 0
        },
        "20064": {
            "year_quarter": 20064,
            "year": 2006,
            "quarter": 4,
            "eps": null,
            "eps_growth_year": null,
            "eps_4q": null,
            "eps_4q_growth_year": null,
            "roe": null,
            "roe_4q": 0,
            "gross_profit": null,
            "gross_margin": null,
            "gross_margin_4q_avg": 0,
            "net_income": null,
            "net_income_4q": null,
            "revenue": null,
            "revenue_4q": null,
            "common_shares": null,
            "book_valuer_per_share": null,
            "book_valuer_per_share_4q_avg": 0,
            "equity": null,
            "current_ratio": null,
            "debt_ratio": null,
            "inventory_turnover_ratio": null,
            "account_receivable_turnover_ratio": null,
            "reinvestment_rate": null,
            "research_to_sale_ratio": null,
            "price_fair": 0,
            "eps_avg_yearly": 0,
            "eps_latest_yearly": 0,
            "eps_growth_yearly": 0
        },
        "20071": {
            "year_quarter": 20071,
            "year": 2007,
            "quarter": 1,
            "eps": null,
            "eps_growth_year": null,
            "eps_4q": null,
            "eps_4q_growth_year": null,
            "roe": null,
            "roe_4q": 0,
            "gross_profit": null,
            "gross_margin": null,
            "gross_margin_4q_avg": 0,
            "net_income": null,
            "net_income_4q": null,
            "revenue": null,
            "revenue_4q": null,
            "common_shares": null,
            "book_valuer_per_share": null,
            "book_valuer_per_share_4q_avg": 0,
            "equity": null,
            "current_ratio": null,
            "debt_ratio": null,
            "inventory_turnover_ratio": null,
            "account_receivable_turnover_ratio": null,
            "reinvestment_rate": null,
            "research_to_sale_ratio": null,
            "price_fair": 0,
            "eps_avg_yearly": 0,
            "eps_latest_yearly": 0,
            "eps_growth_yearly": 0
        },
        "20072": {
            "year_quarter": 20072,
            "year": 2007,
            "quarter": 2,
            "eps": null,
            "eps_growth_year": null,
            "eps_4q": null,
            "eps_4q_growth_year": null,
            "roe": null,
            "roe_4q": 0,
            "gross_profit": null,
            "gross_margin": null,
            "gross_margin_4q_avg": 0,
            "net_income": null,
            "net_income_4q": null,
            "revenue": null,
            "revenue_4q": null,
            "common_shares": null,
            "book_valuer_per_share": null,
            "book_valuer_per_share_4q_avg": 0,
            "equity": null,
            "current_ratio": null,
            "debt_ratio": null,
            "inventory_turnover_ratio": null,
            "account_receivable_turnover_ratio": null,
            "reinvestment_rate": null,
            "research_to_sale_ratio": null,
            "price_fair": 0,
            "eps_avg_yearly": 0,
            "eps_latest_yearly": 0,
            "eps_growth_yearly": 0
        },
        "20073": {
            "year_quarter": 20073,
            "year": 2007,
            "quarter": 3,
            "eps": null,
            "eps_growth_year": null,
            "eps_4q": null,
            "eps_4q_growth_year": null,
            "roe": null,
            "roe_4q": 0,
            "gross_profit": null,
            "gross_margin": null,
            "gross_margin_4q_avg": 0,
            "net_income": null,
            "net_income_4q": null,
            "revenue": null,
            "revenue_4q": null,
            "common_shares": null,
            "book_valuer_per_share": null,
            "book_valuer_per_share_4q_avg": 0,
            "equity": null,
            "current_ratio": null,
            "debt_ratio": null,
            "inventory_turnover_ratio": null,
            "account_receivable_turnover_ratio": null,
            "reinvestment_rate": null,
            "research_to_sale_ratio": null,
            "price_fair": 0,
            "eps_avg_yearly": 0,
            "eps_latest_yearly": 0,
            "eps_growth_yearly": 0
        },
        "20074": {
            "year_quarter": 20074,
            "year": 2007,
            "quarter": 4,
            "eps": null,
            "eps_growth_year": null,
            "eps_4q": null,
            "eps_4q_growth_year": null,
            "roe": null,
            "roe_4q": 0,
            "gross_profit": null,
            "gross_margin": null,
            "gross_margin_4q_avg": 0,
            "net_income": null,
            "net_income_4q": null,
            "revenue": null,
            "revenue_4q": null,
            "common_shares": null,
            "book_valuer_per_share": null,
            "book_valuer_per_share_4q_avg": 0,
            "equity": null,
            "current_ratio": null,
            "debt_ratio": null,
            "inventory_turnover_ratio": null,
            "account_receivable_turnover_ratio": null,
            "reinvestment_rate": null,
            "research_to_sale_ratio": null,
            "price_fair": 0,
            "eps_avg_yearly": 0,
            "eps_latest_yearly": 0,
            "eps_growth_yearly": 0
        },
        "20081": {
            "year_quarter": 20081,
            "year": 2008,
            "quarter": 1,
            "eps": null,
            "eps_growth_year": null,
            "eps_4q": null,
            "eps_4q_growth_year": null,
            "roe": null,
            "roe_4q": 0,
            "gross_profit": null,
            "gross_margin": null,
            "gross_margin_4q_avg": 0,
            "net_income": null,
            "net_income_4q": null,
            "revenue": null,
            "revenue_4q": null,
            "common_shares": null,
            "book_valuer_per_share": null,
            "book_valuer_per_share_4q_avg": 0,
            "equity": null,
            "current_ratio": null,
            "debt_ratio": null,
            "inventory_turnover_ratio": null,
            "account_receivable_turnover_ratio": null,
            "reinvestment_rate": null,
            "research_to_sale_ratio": null,
            "price_fair": 0,
            "eps_avg_yearly": 0,
            "eps_latest_yearly": 0,
            "eps_growth_yearly": 0
        },
        "20082": {
            "year_quarter": 20082,
            "year": 2008,
            "quarter": 2,
            "eps": null,
            "eps_growth_year": null,
            "eps_4q": null,
            "eps_4q_growth_year": null,
            "roe": null,
            "roe_4q": 0,
            "gross_profit": null,
            "gross_margin": null,
            "gross_margin_4q_avg": 0,
            "net_income": null,
            "net_income_4q": null,
            "revenue": null,
            "revenue_4q": null,
            "common_shares": null,
            "book_valuer_per_share": null,
            "book_valuer_per_share_4q_avg": 0,
            "equity": null,
            "current_ratio": null,
            "debt_ratio": null,
            "inventory_turnover_ratio": null,
            "account_receivable_turnover_ratio": null,
            "reinvestment_rate": null,
            "research_to_sale_ratio": null,
            "price_fair": 0,
            "eps_avg_yearly": 0,
            "eps_latest_yearly": 0,
            "eps_growth_yearly": 0
        },
        "20083": {
            "year_quarter": 20083,
            "year": 2008,
            "quarter": 3,
            "eps": null,
            "eps_growth_year": null,
            "eps_4q": null,
            "eps_4q_growth_year": null,
            "roe": null,
            "roe_4q": 0,
            "gross_profit": null,
            "gross_margin": null,
            "gross_margin_4q_avg": 0,
            "net_income": null,
            "net_income_4q": null,
            "revenue": null,
            "revenue_4q": null,
            "common_shares": null,
            "book_valuer_per_share": null,
            "book_valuer_per_share_4q_avg": 0,
            "equity": null,
            "current_ratio": null,
            "debt_ratio": null,
            "inventory_turnover_ratio": null,
            "account_receivable_turnover_ratio": null,
            "reinvestment_rate": null,
            "research_to_sale_ratio": null,
            "price_fair": 0,
            "eps_avg_yearly": 0,
            "eps_latest_yearly": 0,
            "eps_growth_yearly": 0
        },
        "20084": {
            "year_quarter": 20084,
            "year": 2008,
            "quarter": 4,
            "eps": null,
            "eps_growth_year": null,
            "eps_4q": null,
            "eps_4q_growth_year": null,
            "roe": null,
            "roe_4q": 0,
            "gross_profit": null,
            "gross_margin": null,
            "gross_margin_4q_avg": 0,
            "net_income": null,
            "net_income_4q": null,
            "revenue": null,
            "revenue_4q": null,
            "common_shares": null,
            "book_valuer_per_share": null,
            "book_valuer_per_share_4q_avg": 0,
            "equity": null,
            "current_ratio": null,
            "debt_ratio": null,
            "inventory_turnover_ratio": null,
            "account_receivable_turnover_ratio": null,
            "reinvestment_rate": null,
            "research_to_sale_ratio": null,
            "price_fair": 0,
            "eps_avg_yearly": 0,
            "eps_latest_yearly": 0,
            "eps_growth_yearly": 0
        },
        "20091": {
            "year_quarter": 20091,
            "year": 2009,
            "quarter": 1,
            "eps": null,
            "eps_growth_year": null,
            "eps_4q": null,
            "eps_4q_growth_year": null,
            "roe": null,
            "roe_4q": 0,
            "gross_profit": null,
            "gross_margin": null,
            "gross_margin_4q_avg": 0,
            "net_income": null,
            "net_income_4q": null,
            "revenue": null,
            "revenue_4q": null,
            "common_shares": null,
            "book_valuer_per_share": null,
            "book_valuer_per_share_4q_avg": 0,
            "equity": null,
            "current_ratio": null,
            "debt_ratio": null,
            "inventory_turnover_ratio": null,
            "account_receivable_turnover_ratio": null,
            "reinvestment_rate": null,
            "research_to_sale_ratio": null,
            "price_fair": 0,
            "eps_avg_yearly": 0,
            "eps_latest_yearly": 0,
            "eps_growth_yearly": 0
        },
        "20092": {
            "year_quarter": 20092,
            "year": 2009,
            "quarter": 2,
            "eps": null,
            "eps_growth_year": null,
            "eps_4q": null,
            "eps_4q_growth_year": null,
            "roe": null,
            "roe_4q": 0,
            "gross_profit": null,
            "gross_margin": null,
            "gross_margin_4q_avg": 0,
            "net_income": null,
            "net_income_4q": null,
            "revenue": null,
            "revenue_4q": null,
            "common_shares": null,
            "book_valuer_per_share": null,
            "book_valuer_per_share_4q_avg": 0,
            "equity": null,
            "current_ratio": null,
            "debt_ratio": null,
            "inventory_turnover_ratio": null,
            "account_receivable_turnover_ratio": null,
            "reinvestment_rate": null,
            "research_to_sale_ratio": null,
            "price_fair": 0,
            "eps_avg_yearly": 0,
            "eps_latest_yearly": 0,
            "eps_growth_yearly": 0
        },
        "20093": {
            "year_quarter": 20093,
            "year": 2009,
            "quarter": 3,
            "eps": null,
            "eps_growth_year": null,
            "eps_4q": null,
            "eps_4q_growth_year": null,
            "roe": null,
            "roe_4q": 0,
            "gross_profit": null,
            "gross_margin": null,
            "gross_margin_4q_avg": 0,
            "net_income": null,
            "net_income_4q": null,
            "revenue": null,
            "revenue_4q": null,
            "common_shares": null,
            "book_valuer_per_share": null,
            "book_valuer_per_share_4q_avg": 0,
            "equity": null,
            "current_ratio": null,
            "debt_ratio": null,
            "inventory_turnover_ratio": null,
            "account_receivable_turnover_ratio": null,
            "reinvestment_rate": null,
            "research_to_sale_ratio": null,
            "price_fair": 0,
            "eps_avg_yearly": 0,
            "eps_latest_yearly": 0,
            "eps_growth_yearly": 0
        },
        "20094": {
            "year_quarter": 20094,
            "year": 2009,
            "quarter": 4,
            "eps": null,
            "eps_growth_year": null,
            "eps_4q": null,
            "eps_4q_growth_year": null,
            "roe": null,
            "roe_4q": 0,
            "gross_profit": null,
            "gross_margin": null,
            "gross_margin_4q_avg": 0,
            "net_income": null,
            "net_income_4q": null,
            "revenue": null,
            "revenue_4q": null,
            "common_shares": null,
            "book_valuer_per_share": null,
            "book_valuer_per_share_4q_avg": 0,
            "equity": null,
            "current_ratio": null,
            "debt_ratio": null,
            "inventory_turnover_ratio": null,
            "account_receivable_turnover_ratio": null,
            "reinvestment_rate": null,
            "research_to_sale_ratio": null,
            "price_fair": 0,
            "eps_avg_yearly": 0,
            "eps_latest_yearly": 0,
            "eps_growth_yearly": 0
        },
        "20101": {
            "year_quarter": 20101,
            "year": 2010,
            "quarter": 1,
            "eps": null,
            "eps_growth_year": null,
            "eps_4q": null,
            "eps_4q_growth_year": null,
            "roe": null,
            "roe_4q": 0,
            "gross_profit": null,
            "gross_margin": null,
            "gross_margin_4q_avg": 0,
            "net_income": null,
            "net_income_4q": null,
            "revenue": null,
            "revenue_4q": null,
            "common_shares": null,
            "book_valuer_per_share": null,
            "book_valuer_per_share_4q_avg": 0,
            "equity": null,
            "current_ratio": null,
            "debt_ratio": null,
            "inventory_turnover_ratio": null,
            "account_receivable_turnover_ratio": null,
            "reinvestment_rate": null,
            "research_to_sale_ratio": null,
            "price_fair": 0,
            "eps_avg_yearly": 0,
            "eps_latest_yearly": 0,
            "eps_growth_yearly": 0
        },
        "20102": {
            "year_quarter": 20102,
            "year": 2010,
            "quarter": 2,
            "eps": null,
            "eps_growth_year": null,
            "eps_4q": null,
            "eps_4q_growth_year": null,
            "roe": null,
            "roe_4q": 0,
            "gross_profit": null,
            "gross_margin": null,
            "gross_margin_4q_avg": 0,
            "net_income": null,
            "net_income_4q": null,
            "revenue": null,
            "revenue_4q": null,
            "common_shares": null,
            "book_valuer_per_share": null,
            "book_valuer_per_share_4q_avg": 0,
            "equity": null,
            "current_ratio": null,
            "debt_ratio": null,
            "inventory_turnover_ratio": null,
            "account_receivable_turnover_ratio": null,
            "reinvestment_rate": null,
            "research_to_sale_ratio": null,
            "price_fair": 0,
            "eps_avg_yearly": 0,
            "eps_latest_yearly": 0,
            "eps_growth_yearly": 0
        },
        "20103": {
            "year_quarter": 20103,
            "year": 2010,
            "quarter": 3,
            "eps": null,
            "eps_growth_year": null,
            "eps_4q": null,
            "eps_4q_growth_year": null,
            "roe": null,
            "roe_4q": 0,
            "gross_profit": null,
            "gross_margin": null,
            "gross_margin_4q_avg": 0,
            "net_income": null,
            "net_income_4q": null,
            "revenue": null,
            "revenue_4q": null,
            "common_shares": null,
            "book_valuer_per_share": null,
            "book_valuer_per_share_4q_avg": 0,
            "equity": null,
            "current_ratio": null,
            "debt_ratio": null,
            "inventory_turnover_ratio": null,
            "account_receivable_turnover_ratio": null,
            "reinvestment_rate": null,
            "research_to_sale_ratio": null,
            "price_fair": 0,
            "eps_avg_yearly": 0,
            "eps_latest_yearly": 0,
            "eps_growth_yearly": 0
        },
        "20104": {
            "year_quarter": 20104,
            "year": 2010,
            "quarter": 4,
            "eps": null,
            "eps_growth_year": null,
            "eps_4q": null,
            "eps_4q_growth_year": null,
            "roe": null,
            "roe_4q": 0,
            "gross_profit": null,
            "gross_margin": null,
            "gross_margin_4q_avg": 0,
            "net_income": null,
            "net_income_4q": null,
            "revenue": null,
            "revenue_4q": null,
            "common_shares": null,
            "book_valuer_per_share": null,
            "book_valuer_per_share_4q_avg": 0,
            "equity": null,
            "current_ratio": null,
            "debt_ratio": null,
            "inventory_turnover_ratio": null,
            "account_receivable_turnover_ratio": null,
            "reinvestment_rate": null,
            "research_to_sale_ratio": null,
            "price_fair": 0,
            "eps_avg_yearly": 0,
            "eps_latest_yearly": 0,
            "eps_growth_yearly": 0
        },
        "20111": {
            "year_quarter": 20111,
            "year": 2011,
            "quarter": 1,
            "eps": null,
            "eps_growth_year": null,
            "eps_4q": null,
            "eps_4q_growth_year": null,
            "roe": null,
            "roe_4q": 0,
            "gross_profit": null,
            "gross_margin": null,
            "gross_margin_4q_avg": 0,
            "net_income": null,
            "net_income_4q": null,
            "revenue": null,
            "revenue_4q": null,
            "common_shares": null,
            "book_valuer_per_share": null,
            "book_valuer_per_share_4q_avg": 0,
            "equity": null,
            "current_ratio": null,
            "debt_ratio": null,
            "inventory_turnover_ratio": null,
            "account_receivable_turnover_ratio": null,
            "reinvestment_rate": null,
            "research_to_sale_ratio": null,
            "price_fair": 0,
            "eps_avg_yearly": 0,
            "eps_latest_yearly": 0,
            "eps_growth_yearly": 0
        },
        "20112": {
            "year_quarter": 20112,
            "year": 2011,
            "quarter": 2,
            "eps": null,
            "eps_growth_year": null,
            "eps_4q": null,
            "eps_4q_growth_year": null,
            "roe": null,
            "roe_4q": 0,
            "gross_profit": null,
            "gross_margin": null,
            "gross_margin_4q_avg": 0,
            "net_income": null,
            "net_income_4q": null,
            "revenue": null,
            "revenue_4q": null,
            "common_shares": null,
            "book_valuer_per_share": null,
            "book_valuer_per_share_4q_avg": 0,
            "equity": null,
            "current_ratio": null,
            "debt_ratio": null,
            "inventory_turnover_ratio": null,
            "account_receivable_turnover_ratio": null,
            "reinvestment_rate": null,
            "research_to_sale_ratio": null,
            "price_fair": 0,
            "eps_avg_yearly": 0,
            "eps_latest_yearly": 0,
            "eps_growth_yearly": 0
        },
        "20113": {
            "year_quarter": 20113,
            "year": 2011,
            "quarter": 3,
            "eps": null,
            "eps_growth_year": null,
            "eps_4q": null,
            "eps_4q_growth_year": null,
            "roe": null,
            "roe_4q": 0,
            "gross_profit": null,
            "gross_margin": null,
            "gross_margin_4q_avg": 0,
            "net_income": null,
            "net_income_4q": null,
            "revenue": null,
            "revenue_4q": null,
            "common_shares": null,
            "book_valuer_per_share": null,
            "book_valuer_per_share_4q_avg": 0,
            "equity": null,
            "current_ratio": null,
            "debt_ratio": null,
            "inventory_turnover_ratio": null,
            "account_receivable_turnover_ratio": null,
            "reinvestment_rate": null,
            "research_to_sale_ratio": null,
            "price_fair": 0,
            "eps_avg_yearly": 0,
            "eps_latest_yearly": 0,
            "eps_growth_yearly": 0
        },
        "20114": {
            "year_quarter": 20114,
            "year": 2011,
            "quarter": 4,
            "eps": null,
            "eps_growth_year": null,
            "eps_4q": null,
            "eps_4q_growth_year": null,
            "roe": null,
            "roe_4q": 0,
            "gross_profit": null,
            "gross_margin": null,
            "gross_margin_4q_avg": 0,
            "net_income": null,
            "net_income_4q": null,
            "revenue": null,
            "revenue_4q": null,
            "common_shares": 193966,
            "book_valuer_per_share": 11.78,
            "book_valuer_per_share_4q_avg": 2.95,
            "equity": 228515,
            "current_ratio": 251.06,
            "debt_ratio": 27.42,
            "inventory_turnover_ratio": null,
            "account_receivable_turnover_ratio": null,
            "reinvestment_rate": null,
            "research_to_sale_ratio": null,
            "price_fair": 0,
            "eps_avg_yearly": 0,
            "eps_latest_yearly": 0,
            "eps_growth_yearly": 0
        },
        "20121": {
            "year_quarter": 20121,
            "year": 2012,
            "quarter": 1,
            "eps": null,
            "eps_growth_year": null,
            "eps_4q": null,
            "eps_4q_growth_year": null,
            "roe": null,
            "roe_4q": 0,
            "gross_profit": null,
            "gross_margin": null,
            "gross_margin_4q_avg": 0,
            "net_income": null,
            "net_income_4q": null,
            "revenue": null,
            "revenue_4q": null,
            "common_shares": null,
            "book_valuer_per_share": null,
            "book_valuer_per_share_4q_avg": 2.95,
            "equity": null,
            "current_ratio": null,
            "debt_ratio": null,
            "inventory_turnover_ratio": null,
            "account_receivable_turnover_ratio": null,
            "reinvestment_rate": null,
            "research_to_sale_ratio": null,
            "price_fair": 0,
            "eps_avg_yearly": 0,
            "eps_latest_yearly": 0,
            "eps_growth_yearly": 0
        },
        "20122": {
            "year_quarter": 20122,
            "year": 2012,
            "quarter": 2,
            "eps": null,
            "eps_growth_year": null,
            "eps_4q": null,
            "eps_4q_growth_year": null,
            "roe": null,
            "roe_4q": 0,
            "gross_profit": null,
            "gross_margin": null,
            "gross_margin_4q_avg": 0,
            "net_income": null,
            "net_income_4q": null,
            "revenue": null,
            "revenue_4q": null,
            "common_shares": null,
            "book_valuer_per_share": null,
            "book_valuer_per_share_4q_avg": 2.95,
            "equity": null,
            "current_ratio": null,
            "debt_ratio": null,
            "inventory_turnover_ratio": null,
            "account_receivable_turnover_ratio": null,
            "reinvestment_rate": null,
            "research_to_sale_ratio": null,
            "price_fair": 0,
            "eps_avg_yearly": 0,
            "eps_latest_yearly": 0,
            "eps_growth_yearly": 0
        },
        "20123": {
            "year_quarter": 20123,
            "year": 2012,
            "quarter": 3,
            "eps": null,
            "eps_growth_year": null,
            "eps_4q": null,
            "eps_4q_growth_year": null,
            "roe": null,
            "roe_4q": 0,
            "gross_profit": null,
            "gross_margin": null,
            "gross_margin_4q_avg": 0,
            "net_income": null,
            "net_income_4q": null,
            "revenue": null,
            "revenue_4q": null,
            "common_shares": null,
            "book_valuer_per_share": null,
            "book_valuer_per_share_4q_avg": 2.95,
            "equity": null,
            "current_ratio": null,
            "debt_ratio": null,
            "inventory_turnover_ratio": null,
            "account_receivable_turnover_ratio": null,
            "reinvestment_rate": null,
            "research_to_sale_ratio": null,
            "price_fair": 0,
            "eps_avg_yearly": 0,
            "eps_latest_yearly": 0,
            "eps_growth_yearly": 0
        },
        "20124": {
            "year_quarter": 20124,
            "year": 2012,
            "quarter": 4,
            "eps": null,
            "eps_growth_year": null,
            "eps_4q": null,
            "eps_4q_growth_year": null,
            "roe": null,
            "roe_4q": 0,
            "gross_profit": null,
            "gross_margin": null,
            "gross_margin_4q_avg": 0,
            "net_income": null,
            "net_income_4q": null,
            "revenue": null,
            "revenue_4q": null,
            "common_shares": 193966,
            "book_valuer_per_share": 13.38,
            "book_valuer_per_share_4q_avg": 3.35,
            "equity": 259446,
            "current_ratio": 245.28,
            "debt_ratio": 28.28,
            "inventory_turnover_ratio": null,
            "account_receivable_turnover_ratio": null,
            "reinvestment_rate": null,
            "research_to_sale_ratio": null,
            "price_fair": 0,
            "eps_avg_yearly": 0,
            "eps_latest_yearly": 0,
            "eps_growth_yearly": 0
        },
        "20131": {
            "year_quarter": 20131,
            "year": 2013,
            "quarter": 1,
            "eps": null,
            "eps_growth_year": null,
            "eps_4q": null,
            "eps_4q_growth_year": null,
            "roe": null,
            "roe_4q": 0,
            "gross_profit": null,
            "gross_margin": null,
            "gross_margin_4q_avg": 0,
            "net_income": null,
            "net_income_4q": null,
            "revenue": null,
            "revenue_4q": null,
            "common_shares": null,
            "book_valuer_per_share": null,
            "book_valuer_per_share_4q_avg": 3.35,
            "equity": null,
            "current_ratio": null,
            "debt_ratio": null,
            "inventory_turnover_ratio": null,
            "account_receivable_turnover_ratio": null,
            "reinvestment_rate": null,
            "research_to_sale_ratio": null,
            "price_fair": 0,
            "eps_avg_yearly": 0,
            "eps_latest_yearly": 0,
            "eps_growth_yearly": 0
        },
        "20132": {
            "year_quarter": 20132,
            "year": 2013,
            "quarter": 2,
            "eps": null,
            "eps_growth_year": null,
            "eps_4q": null,
            "eps_4q_growth_year": null,
            "roe": null,
            "roe_4q": 0,
            "gross_profit": null,
            "gross_margin": null,
            "gross_margin_4q_avg": 0,
            "net_income": null,
            "net_income_4q": null,
            "revenue": null,
            "revenue_4q": null,
            "common_shares": null,
            "book_valuer_per_share": null,
            "book_valuer_per_share_4q_avg": 3.35,
            "equity": null,
            "current_ratio": null,
            "debt_ratio": null,
            "inventory_turnover_ratio": null,
            "account_receivable_turnover_ratio": null,
            "reinvestment_rate": null,
            "research_to_sale_ratio": null,
            "price_fair": 0,
            "eps_avg_yearly": 0,
            "eps_latest_yearly": 0,
            "eps_growth_yearly": 0
        },
        "20133": {
            "year_quarter": 20133,
            "year": 2013,
            "quarter": 3,
            "eps": null,
            "eps_growth_year": null,
            "eps_4q": null,
            "eps_4q_growth_year": null,
            "roe": null,
            "roe_4q": 0,
            "gross_profit": null,
            "gross_margin": null,
            "gross_margin_4q_avg": 0,
            "net_income": null,
            "net_income_4q": null,
            "revenue": null,
            "revenue_4q": null,
            "common_shares": null,
            "book_valuer_per_share": null,
            "book_valuer_per_share_4q_avg": 3.35,
            "equity": null,
            "current_ratio": null,
            "debt_ratio": null,
            "inventory_turnover_ratio": null,
            "account_receivable_turnover_ratio": null,
            "reinvestment_rate": null,
            "research_to_sale_ratio": null,
            "price_fair": 0,
            "eps_avg_yearly": 0,
            "eps_latest_yearly": 0,
            "eps_growth_yearly": 0
        },
        "20134": {
            "year_quarter": 20134,
            "year": 2013,
            "quarter": 4,
            "eps": null,
            "eps_growth_year": null,
            "eps_4q": null,
            "eps_4q_growth_year": null,
            "roe": null,
            "roe_4q": 0,
            "gross_profit": null,
            "gross_margin": null,
            "gross_margin_4q_avg": 0,
            "net_income": null,
            "net_income_4q": null,
            "revenue": null,
            "revenue_4q": null,
            "common_shares": 216020,
            "book_valuer_per_share": null,
            "book_valuer_per_share_4q_avg": 0,
            "equity": 313891,
            "current_ratio": null,
            "debt_ratio": null,
            "inventory_turnover_ratio": null,
            "account_receivable_turnover_ratio": null,
            "reinvestment_rate": null,
            "research_to_sale_ratio": null,
            "price_fair": 0,
            "eps_avg_yearly": 0,
            "eps_latest_yearly": 0,
            "eps_growth_yearly": 0
        },
        "20141": {
            "year_quarter": 20141,
            "year": 2014,
            "quarter": 1,
            "eps": null,
            "eps_growth_year": null,
            "eps_4q": null,
            "eps_4q_growth_year": null,
            "roe": null,
            "roe_4q": 0,
            "gross_profit": null,
            "gross_margin": null,
            "gross_margin_4q_avg": 0,
            "net_income": null,
            "net_income_4q": null,
            "revenue": null,
            "revenue_4q": null,
            "common_shares": null,
            "book_valuer_per_share": null,
            "book_valuer_per_share_4q_avg": 0,
            "equity": null,
            "current_ratio": null,
            "debt_ratio": null,
            "inventory_turnover_ratio": null,
            "account_receivable_turnover_ratio": null,
            "reinvestment_rate": null,
            "research_to_sale_ratio": null,
            "price_fair": 0,
            "eps_avg_yearly": 0,
            "eps_latest_yearly": 0,
            "eps_growth_yearly": 0
        },
        "20142": {
            "year_quarter": 20142,
            "year": 2014,
            "quarter": 2,
            "eps": null,
            "eps_growth_year": null,
            "eps_4q": null,
            "eps_4q_growth_year": null,
            "roe": null,
            "roe_4q": 0,
            "gross_profit": null,
            "gross_margin": null,
            "gross_margin_4q_avg": 0,
            "net_income": null,
            "net_income_4q": null,
            "revenue": null,
            "revenue_4q": null,
            "common_shares": 216020,
            "book_valuer_per_share": null,
            "book_valuer_per_share_4q_avg": 0,
            "equity": 335947,
            "current_ratio": null,
            "debt_ratio": null,
            "inventory_turnover_ratio": null,
            "account_receivable_turnover_ratio": null,
            "reinvestment_rate": null,
            "research_to_sale_ratio": null,
            "price_fair": 0,
            "eps_avg_yearly": 0,
            "eps_latest_yearly": 0,
            "eps_growth_yearly": 0
        },
        "20143": {
            "year_quarter": 20143,
            "year": 2014,
            "quarter": 3,
            "eps": null,
            "eps_growth_year": null,
            "eps_4q": null,
            "eps_4q_growth_year": null,
            "roe": null,
            "roe_4q": 0,
            "gross_profit": 191395,
            "gross_margin": null,
            "gross_margin_4q_avg": 0,
            "net_income": 93061,
            "net_income_4q": null,
            "revenue": 368678,
            "revenue_4q": null,
            "common_shares": 280020,
            "book_valuer_per_share": null,
            "book_valuer_per_share_4q_avg": 0,
            "equity": 714322,
            "current_ratio": null,
            "debt_ratio": null,
            "inventory_turnover_ratio": null,
            "account_receivable_turnover_ratio": null,
            "reinvestment_rate": null,
            "research_to_sale_ratio": null,
            "price_fair": 0,
            "eps_avg_yearly": 0,
            "eps_latest_yearly": 0,
            "eps_growth_yearly": 0
        },
        "20144": {
            "year_quarter": 20144,
            "year": 2014,
            "quarter": 4,
            "eps": null,
            "eps_growth_year": null,
            "eps_4q": null,
            "eps_4q_growth_year": null,
            "roe": null,
            "roe_4q": 0,
            "gross_profit": 157770,
            "gross_margin": null,
            "gross_margin_4q_avg": 0,
            "net_income": 55601,
            "net_income_4q": null,
            "revenue": 320339,
            "revenue_4q": null,
            "common_shares": 280020,
            "book_valuer_per_share": 27.52,
            "book_valuer_per_share_4q_avg": 6.88,
            "equity": 770488,
            "current_ratio": 190.84,
            "debt_ratio": 38.49,
            "inventory_turnover_ratio": null,
            "account_receivable_turnover_ratio": null,
            "reinvestment_rate": null,
            "research_to_sale_ratio": null,
            "price_fair": 0,
            "eps_avg_yearly": 0,
            "eps_latest_yearly": 0,
            "eps_growth_yearly": 0
        },
        "20151": {
            "year_quarter": 20151,
            "year": 2015,
            "quarter": 1,
            "eps": null,
            "eps_growth_year": null,
            "eps_4q": null,
            "eps_4q_growth_year": null,
            "roe": null,
            "roe_4q": 0,
            "gross_profit": 165216,
            "gross_margin": null,
            "gross_margin_4q_avg": 0,
            "net_income": 69971,
            "net_income_4q": null,
            "revenue": 329535,
            "revenue_4q": null,
            "common_shares": 280020,
            "book_valuer_per_share": 30.01,
            "book_valuer_per_share_4q_avg": 14.38,
            "equity": 840314,
            "current_ratio": 203.7,
            "debt_ratio": 36.65,
            "inventory_turnover_ratio": null,
            "account_receivable_turnover_ratio": null,
            "reinvestment_rate": null,
            "research_to_sale_ratio": null,
            "price_fair": 0,
            "eps_avg_yearly": 0,
            "eps_latest_yearly": 0,
            "eps_growth_yearly": 0
        },
        "20152": {
            "year_quarter": 20152,
            "year": 2015,
            "quarter": 2,
            "eps": 3.09,
            "eps_growth_year": null,
            "eps_4q": 3.09,
            "eps_4q_growth_year": null,
            "roe": 10.16,
            "roe_4q": 10.16,
            "gross_profit": 207174,
            "gross_margin": 50.76,
            "gross_margin_4q_avg": 12.69,
            "net_income": 86479,
            "net_income_4q": null,
            "revenue": 408180,
            "revenue_4q": null,
            "common_shares": 280020,
            "book_valuer_per_share": 30.78,
            "book_valuer_per_share_4q_avg": 22.08,
            "equity": 861963,
            "current_ratio": 171.64,
            "debt_ratio": 41.24,
            "inventory_turnover_ratio": 1.02,
            "account_receivable_turnover_ratio": 3.35,
            "reinvestment_rate": null,
            "research_to_sale_ratio": null,
            "price_fair": 0,
            "eps_avg_yearly": 0,
            "eps_latest_yearly": 0,
            "eps_growth_yearly": 0
        },
        "20153": {
            "year_quarter": 20153,
            "year": 2015,
            "quarter": 3,
            "eps": 5.02,
            "eps_growth_year": null,
            "eps_4q": 8.11,
            "eps_4q_growth_year": null,
            "roe": 15.06,
            "roe_4q": 25.22,
            "gross_profit": 269461,
            "gross_margin": 54.35,
            "gross_margin_4q_avg": 26.28,
            "net_income": 140550,
            "net_income_4q": null,
            "revenue": 495752,
            "revenue_4q": null,
            "common_shares": 280020,
            "book_valuer_per_share": 35.87,
            "book_valuer_per_share_4q_avg": 31.05,
            "equity": 1004535,
            "current_ratio": 196.95,
            "debt_ratio": 36.89,
            "inventory_turnover_ratio": 1.16,
            "account_receivable_turnover_ratio": 1.85,
            "reinvestment_rate": null,
            "research_to_sale_ratio": 10.27,
            "price_fair": 702.8,
            "eps_avg_yearly": 20.08,
            "eps_latest_yearly": 20.08,
            "eps_growth_yearly": 249.84
        },
        "20154": {
            "year_quarter": 20154,
            "year": 2015,
            "quarter": 4,
            "eps": 4.16,
            "eps_growth_year": null,
            "eps_4q": 12.27,
            "eps_4q_growth_year": null,
            "roe": 10.95,
            "roe_4q": 36.17,
            "gross_profit": 248783,
            "gross_margin": 50.6,
            "gross_margin_4q_avg": 38.93,
            "net_income": 116483,
            "net_income_4q": null,
            "revenue": 491682,
            "revenue_4q": null,
            "common_shares": 280020,
            "book_valuer_per_share": 40.09,
            "book_valuer_per_share_4q_avg": 34.19,
            "equity": 1122677,
            "current_ratio": 180.73,
            "debt_ratio": 37.04,
            "inventory_turnover_ratio": 1.25,
            "account_receivable_turnover_ratio": 1.6,
            "reinvestment_rate": null,
            "research_to_sale_ratio": 12.34,
            "price_fair": 642.6,
            "eps_avg_yearly": 18.36,
            "eps_latest_yearly": 16.64,
            "eps_growth_yearly": 90.66
        },
        "20161": {
            "year_quarter": 20161,
            "year": 2016,
            "quarter": 1,
            "eps": 3.91,
            "eps_growth_year": null,
            "eps_4q": 14.76,
            "eps_4q_growth_year": null,
            "roe": 6.28,
            "roe_4q": 42.45,
            "gross_profit": 257736,
            "gross_margin": 51.49,
            "gross_margin_4q_avg": 51.8,
            "net_income": 110801,
            "net_income_4q": null,
            "revenue": 500600,
            "revenue_4q": null,
            "common_shares": 307890,
            "book_valuer_per_share": 78.23,
            "book_valuer_per_share_4q_avg": 46.24,
            "equity": 2408698,
            "current_ratio": 351.58,
            "debt_ratio": 21.85,
            "inventory_turnover_ratio": 0.9,
            "account_receivable_turnover_ratio": 1.72,
            "reinvestment_rate": null,
            "research_to_sale_ratio": 13.92,
            "price_fair": 610.87,
            "eps_avg_yearly": 17.45,
            "eps_latest_yearly": 15.64,
            "eps_growth_yearly": 52.42
        },
        "20162": {
            "year_quarter": 20162,
            "year": 2016,
            "quarter": 2,
            "eps": 4.95,
            "eps_growth_year": 60.28,
            "eps_4q": 16.9,
            "eps_4q_growth_year": 447.1,
            "roe": 6.37,
            "roe_4q": 38.660000000000004,
            "gross_profit": 327366,
            "gross_margin": 50.25,
            "gross_margin_4q_avg": 51.67,
            "net_income": 152386,
            "net_income_4q": null,
            "revenue": 651429,
            "revenue_4q": null,
            "common_shares": 307890,
            "book_valuer_per_share": 77.19,
            "book_valuer_per_share_4q_avg": 57.85,
            "equity": 2376492,
            "current_ratio": 281.71,
            "debt_ratio": 25.46,
            "inventory_turnover_ratio": 0.88,
            "account_receivable_turnover_ratio": 2.22,
            "reinvestment_rate": null,
            "research_to_sale_ratio": 13.05,
            "price_fair": 631.4,
            "eps_avg_yearly": 18.04,
            "eps_latest_yearly": 19.8,
            "eps_growth_yearly": 65.92
        },
        "20163": {
            "year_quarter": 20163,
            "year": 2016,
            "quarter": 3,
            "eps": 6.6,
            "eps_growth_year": 31.47,
            "eps_4q": 18.93,
            "eps_4q_growth_year": 133.49,
            "roe": 8.2,
            "roe_4q": 31.8,
            "gross_profit": 422635,
            "gross_margin": 55.15,
            "gross_margin_4q_avg": 51.87,
            "net_income": 203177,
            "net_income_4q": null,
            "revenue": 766405,
            "revenue_4q": null,
            "common_shares": 307890,
            "book_valuer_per_share": 83.72,
            "book_valuer_per_share_4q_avg": 69.81,
            "equity": 2577725,
            "current_ratio": 345.83,
            "debt_ratio": 18.52,
            "inventory_turnover_ratio": 0.86,
            "account_receivable_turnover_ratio": 2.04,
            "reinvestment_rate": null,
            "research_to_sale_ratio": 13.81,
            "price_fair": 689.92,
            "eps_avg_yearly": 19.71,
            "eps_latest_yearly": 26.4,
            "eps_growth_yearly": 79.4
        },
        "20164": {
            "year_quarter": 20164,
            "year": 2016,
            "quarter": 4,
            "eps": 4.5,
            "eps_growth_year": 8.07,
            "eps_4q": 19.64,
            "eps_4q_growth_year": 60.12,
            "roe": 5.23,
            "roe_4q": 26.080000000000002,
            "gross_profit": 346266,
            "gross_margin": 51.16,
            "gross_margin_4q_avg": 52.01,
            "net_income": 138415,
            "net_income_4q": null,
            "revenue": 676763,
            "revenue_4q": null,
            "common_shares": 307890,
            "book_valuer_per_share": 88.27,
            "book_valuer_per_share_4q_avg": 81.85,
            "equity": 2717814,
            "current_ratio": 166.8,
            "debt_ratio": 31.85,
            "inventory_turnover_ratio": 0.8,
            "account_receivable_turnover_ratio": 1.64,
            "reinvestment_rate": null,
            "research_to_sale_ratio": 15.87,
            "price_fair": 679.93,
            "eps_avg_yearly": 19.43,
            "eps_latest_yearly": 18,
            "eps_growth_yearly": 44.95
        },
        "20171": {
            "year_quarter": 20171,
            "year": 2017,
            "quarter": 1,
            "eps": 6.11,
            "eps_growth_year": 56.27,
            "eps_4q": 22.15,
            "eps_4q_growth_year": 50.13,
            "roe": 6.69,
            "roe_4q": 26.490000000000002,
            "gross_profit": 429756,
            "gross_margin": 54.43,
            "gross_margin_4q_avg": 52.75,
            "net_income": 188096,
            "net_income_4q": null,
            "revenue": 789489,
            "revenue_4q": null,
            "common_shares": 307890,
            "book_valuer_per_share": 94.25,
            "book_valuer_per_share_4q_avg": 85.86,
            "equity": 2901744,
            "current_ratio": 242.16,
            "debt_ratio": 18.64,
            "inventory_turnover_ratio": 0.92,
            "account_receivable_turnover_ratio": 1.97,
            "reinvestment_rate": null,
            "research_to_sale_ratio": 15.22,
            "price_fair": 705,
            "eps_avg_yearly": 20.14,
            "eps_latest_yearly": 24.44,
            "eps_growth_yearly": 58.98
        },
        "20172": {
            "year_quarter": 20172,
            "year": 2017,
            "quarter": 2,
            "eps": 6.62,
            "eps_growth_year": 33.74,
            "eps_4q": 23.83,
            "eps_4q_growth_year": 41.01,
            "roe": 7.08,
            "roe_4q": 27.2,
            "gross_profit": 465463,
            "gross_margin": 55.43,
            "gross_margin_4q_avg": 54.04,
            "net_income": 203895,
            "net_income_4q": null,
            "revenue": 839680,
            "revenue_4q": null,
            "common_shares": 307890,
            "book_valuer_per_share": 92.9,
            "book_valuer_per_share_4q_avg": 89.79,
            "equity": 2860364,
            "current_ratio": 191.16,
            "debt_ratio": 25.3,
            "inventory_turnover_ratio": 1.18,
            "account_receivable_turnover_ratio": 2.02,
            "reinvestment_rate": null,
            "research_to_sale_ratio": 16.08,
            "price_fair": 732.73,
            "eps_avg_yearly": 20.94,
            "eps_latest_yearly": 26.48,
            "eps_growth_yearly": 55.78
        },
        "20173": {
            "year_quarter": 20173,
            "year": 2017,
            "quarter": 3,
            "eps": 7.49,
            "eps_growth_year": 13.48,
            "eps_4q": 23.24,
            "eps_4q_growth_year": 22.77,
            "roe": 5.44,
            "roe_4q": 24.44,
            "gross_profit": 532141,
            "gross_margin": 56.88,
            "gross_margin_4q_avg": 54.48,
            "net_income": 231659,
            "net_income_4q": null,
            "revenue": 935584,
            "revenue_4q": null,
            "common_shares": 327890,
            "book_valuer_per_share": 172.33,
            "book_valuer_per_share_4q_avg": 111.94,
            "equity": 5650664,
            "current_ratio": 616.18,
            "debt_ratio": 11,
            "inventory_turnover_ratio": 1.65,
            "account_receivable_turnover_ratio": 2.02,
            "reinvestment_rate": null,
            "research_to_sale_ratio": 15.38,
            "price_fair": 767.82,
            "eps_avg_yearly": 21.94,
            "eps_latest_yearly": 29.96,
            "eps_growth_yearly": 55.42
        },
        "20174": {
            "year_quarter": 20174,
            "year": 2017,
            "quarter": 4,
            "eps": 3.44,
            "eps_growth_year": -23.53,
            "eps_4q": 22.46,
            "eps_4q_growth_year": 14.33,
            "roe": 1.98,
            "roe_4q": 21.19,
            "gross_profit": 295025,
            "gross_margin": 54.14,
            "gross_margin_4q_avg": 55.22,
            "net_income": 112720,
            "net_income_4q": null,
            "revenue": 544922,
            "revenue_4q": null,
            "common_shares": 327890,
            "book_valuer_per_share": 175.75,
            "book_valuer_per_share_4q_avg": 133.81,
            "equity": 5762663,
            "current_ratio": 500.02,
            "debt_ratio": 13.51,
            "inventory_turnover_ratio": 1.12,
            "account_receivable_turnover_ratio": 1.15,
            "reinvestment_rate": null,
            "research_to_sale_ratio": 19.15,
            "price_fair": 739.2,
            "eps_avg_yearly": 21.12,
            "eps_latest_yearly": 13.76,
            "eps_growth_yearly": 28.25
        },
        "20181": {
            "year_quarter": 20181,
            "year": 2018,
            "quarter": 1,
            "eps": 5.08,
            "eps_growth_year": -16.86,
            "eps_4q": 21.8,
            "eps_4q_growth_year": -1.59,
            "roe": 2.85,
            "roe_4q": 17.35,
            "gross_profit": 411129,
            "gross_margin": 55.42,
            "gross_margin_4q_avg": 55.47,
            "net_income": 166581,
            "net_income_4q": null,
            "revenue": 741818,
            "revenue_4q": null,
            "common_shares": 327890,
            "book_valuer_per_share": 180.84,
            "book_valuer_per_share_4q_avg": 155.46,
            "equity": 5929484,
            "current_ratio": 530.19,
            "debt_ratio": 12.45,
            "inventory_turnover_ratio": 1.26,
            "account_receivable_turnover_ratio": 1.7,
            "reinvestment_rate": null,
            "research_to_sale_ratio": 16.59,
            "price_fair": 736.65,
            "eps_avg_yearly": 21.05,
            "eps_latest_yearly": 20.32,
            "eps_growth_yearly": 43.02
        },
        "20182": {
            "year_quarter": 20182,
            "year": 2018,
            "quarter": 2,
            "eps": 6.28,
            "eps_growth_year": -5.14,
            "eps_4q": 21.87,
            "eps_4q_growth_year": -8.23,
            "roe": 3.51,
            "roe_4q": 13.780000000000001,
            "gross_profit": 493215,
            "gross_margin": 55.52,
            "gross_margin_4q_avg": 55.49,
            "net_income": 205972,
            "net_income_4q": null,
            "revenue": 888349,
            "revenue_4q": null,
            "common_shares": 327890,
            "book_valuer_per_share": 177.15,
            "book_valuer_per_share_4q_avg": 176.52,
            "equity": 5808459,
            "current_ratio": 333.6,
            "debt_ratio": 19.91,
            "inventory_turnover_ratio": 1.29,
            "account_receivable_turnover_ratio": 1.95,
            "reinvestment_rate": 74.5,
            "research_to_sale_ratio": 16.22,
            "price_fair": 748.53,
            "eps_avg_yearly": 21.39,
            "eps_latest_yearly": 25.12,
            "eps_growth_yearly": 47.31
        },
        "20183": {
            "year_quarter": 20183,
            "year": 2018,
            "quarter": 3,
            "eps": 5.46,
            "eps_growth_year": -27.1,
            "eps_4q": 20.26,
            "eps_4q_growth_year": -12.85,
            "roe": 3.03,
            "roe_4q": 11.37,
            "gross_profit": 464748,
            "gross_margin": 50.08,
            "gross_margin_4q_avg": 53.79,
            "net_income": 178900,
            "net_income_4q": null,
            "revenue": 927918,
            "revenue_4q": null,
            "common_shares": 327890,
            "book_valuer_per_share": 182.56,
            "book_valuer_per_share_4q_avg": 179.08,
            "equity": 5985955,
            "current_ratio": 392.85,
            "debt_ratio": 16.15,
            "inventory_turnover_ratio": 1.5,
            "account_receivable_turnover_ratio": 1.68,
            "reinvestment_rate": 78.73,
            "research_to_sale_ratio": 15.23,
            "price_fair": 749.75,
            "eps_avg_yearly": 21.42,
            "eps_latest_yearly": 21.84,
            "eps_growth_yearly": 39.65
        },
        "20184": {
            "year_quarter": 20184,
            "year": 2018,
            "quarter": 4,
            "eps": 5.02,
            "eps_growth_year": 46,
            "eps_4q": 21.84,
            "eps_4q_growth_year": -2.76,
            "roe": 2.71,
            "roe_4q": 12.1,
            "gross_profit": 377472,
            "gross_margin": 52.36,
            "gross_margin_4q_avg": 53.35,
            "net_income": 164571,
            "net_income_4q": null,
            "revenue": 720945,
            "revenue_4q": null,
            "common_shares": 327890,
            "book_valuer_per_share": 187.6,
            "book_valuer_per_share_4q_avg": 182.04,
            "equity": 6151060,
            "current_ratio": 423.05,
            "debt_ratio": 14.52,
            "inventory_turnover_ratio": 1.23,
            "account_receivable_turnover_ratio": 1.25,
            "reinvestment_rate": 81.28,
            "research_to_sale_ratio": 16.01,
            "price_fair": 746.4,
            "eps_avg_yearly": 21.33,
            "eps_latest_yearly": 20.08,
            "eps_growth_yearly": 34.52
        },
        "20191": {
            "year_quarter": 20191,
            "year": 2019,
            "quarter": 1,
            "eps": 2.87,
            "eps_growth_year": -43.5,
            "eps_4q": 19.63,
            "eps_4q_growth_year": -9.96,
            "roe": 1.52,
            "roe_4q": 10.77,
            "gross_profit": 306754,
            "gross_margin": 50.58,
            "gross_margin_4q_avg": 52.14,
            "net_income": 94201,
            "net_income_4q": null,
            "revenue": 606426,
            "revenue_4q": null,
            "common_shares": 327890,
            "book_valuer_per_share": 190.46,
            "book_valuer_per_share_4q_avg": 184.44,
            "equity": 6245055,
            "current_ratio": 376.82,
            "debt_ratio": 15.52,
            "inventory_turnover_ratio": 1.07,
            "account_receivable_turnover_ratio": 1.28,
            "reinvestment_rate": 91.53,
            "research_to_sale_ratio": 19.4,
            "price_fair": 636.5,
            "eps_avg_yearly": 20.67,
            "eps_latest_yearly": 11.48,
            "eps_growth_yearly": 20.79
        },
        "20192": {
            "year_quarter": 20192,
            "year": 2019,
            "quarter": 2,
            "eps": 3.59,
            "eps_growth_year": -42.83,
            "eps_4q": 16.94,
            "eps_4q_growth_year": -22.54,
            "roe": 1.92,
            "roe_4q": 9.18,
            "gross_profit": 347902,
            "gross_margin": 51.9,
            "gross_margin_4q_avg": 51.23,
            "net_income": 117654,
            "net_income_4q": null,
            "revenue": 670345,
            "revenue_4q": null,
            "common_shares": 327890,
            "book_valuer_per_share": 184.04,
            "book_valuer_per_share_4q_avg": 186.17,
            "equity": 6034457,
            "current_ratio": 257.51,
            "debt_ratio": 21.28,
            "inventory_turnover_ratio": 0.95,
            "account_receivable_turnover_ratio": 1.22,
            "reinvestment_rate": 104.51,
            "research_to_sale_ratio": 19.22,
            "price_fair": 709.63,
            "eps_avg_yearly": 20.28,
            "eps_latest_yearly": 14.36,
            "eps_growth_yearly": 25.77
        },
        "20193": {
            "year_quarter": 20193,
            "year": 2019,
            "quarter": 3,
            "eps": 7.55,
            "eps_growth_year": 38.28,
            "eps_4q": 19.03,
            "eps_4q_growth_year": -6.05,
            "roe": 4.02,
            "roe_4q": 10.169999999999998,
            "gross_profit": 603867,
            "gross_margin": 54.79,
            "gross_margin_4q_avg": 52.41,
            "net_income": 247585,
            "net_income_4q": null,
            "revenue": 1102108,
            "revenue_4q": null,
            "common_shares": 327890,
            "book_valuer_per_share": 191.56,
            "book_valuer_per_share_4q_avg": 188.42,
            "equity": 6281023,
            "current_ratio": 306.63,
            "debt_ratio": 16.65,
            "inventory_turnover_ratio": 1.31,
            "account_receivable_turnover_ratio": 1.22,
            "reinvestment_rate": 107.12,
            "research_to_sale_ratio": 16.8,
            "price_fair": 731.76,
            "eps_avg_yearly": 20.91,
            "eps_latest_yearly": 30.2,
            "eps_growth_yearly": 37.73
        },
        "20194": {
            "year_quarter": 20194,
            "year": 2019,
            "quarter": 4,
            "eps": 5.05,
            "eps_growth_year": 0.7,
            "eps_4q": 19.07,
            "eps_4q_growth_year": -12.69,
            "roe": 2.6,
            "roe_4q": 10.059999999999999,
            "gross_profit": 540654,
            "gross_margin": 53.65,
            "gross_margin_4q_avg": 52.73,
            "net_income": 165724,
            "net_income_4q": null,
            "revenue": 1007659,
            "revenue_4q": null,
            "common_shares": 327890,
            "book_valuer_per_share": 196.53,
            "book_valuer_per_share_4q_avg": 190.65,
            "equity": 6443911,
            "current_ratio": 288.1,
            "debt_ratio": 16.89,
            "inventory_turnover_ratio": 1.13,
            "account_receivable_turnover_ratio": 0.99,
            "reinvestment_rate": 114.62,
            "research_to_sale_ratio": 13.77,
            "price_fair": 739.55,
            "eps_avg_yearly": 21.13,
            "eps_latest_yearly": 20.2,
            "eps_growth_yearly": 33.73
        },
        "20201": {
            "year_quarter": 20201,
            "year": 2020,
            "quarter": 1,
            "eps": 5.46,
            "eps_growth_year": 90.24,
            "eps_4q": 21.65,
            "eps_4q_growth_year": 10.3,
            "roe": 2.74,
            "roe_4q": 11.28,
            "gross_profit": 473536,
            "gross_margin": 52.59,
            "gross_margin_4q_avg": 53.23,
            "net_income": 178986,
            "net_income_4q": null,
            "revenue": 900401,
            "revenue_4q": null,
            "common_shares": 327890,
            "book_valuer_per_share": 201.98,
            "book_valuer_per_share_4q_avg": 193.53,
            "equity": 6622574,
            "current_ratio": 305.35,
            "debt_ratio": 16.33,
            "inventory_turnover_ratio": 0.85,
            "account_receivable_turnover_ratio": 0.99,
            "reinvestment_rate": 110.62,
            "research_to_sale_ratio": 17.49,
            "price_fair": 753.11,
            "eps_avg_yearly": 21.52,
            "eps_latest_yearly": 21.84,
            "eps_growth_yearly": 37.26
        },
        "20202": {
            "year_quarter": 20202,
            "year": 2020,
            "quarter": 2,
            "eps": 7.11,
            "eps_growth_year": 98.05,
            "eps_4q": 25.18,
            "eps_4q_growth_year": 48.66,
            "roe": 3.55,
            "roe_4q": 12.91,
            "gross_profit": 572434,
            "gross_margin": 54.14,
            "gross_margin_4q_avg": 53.79,
            "net_income": 233235,
            "net_income_4q": null,
            "revenue": 1057354,
            "revenue_4q": null,
            "common_shares": 327890,
            "book_valuer_per_share": 199.02,
            "book_valuer_per_share_4q_avg": 197.27,
            "equity": 6525654,
            "current_ratio": 268.71,
            "debt_ratio": 18.95,
            "inventory_turnover_ratio": 0.88,
            "account_receivable_turnover_ratio": 1.3,
            "reinvestment_rate": 105.57,
            "research_to_sale_ratio": 14.68,
            "price_fair": 772.01,
            "eps_avg_yearly": 22.06,
            "eps_latest_yearly": 28.44,
            "eps_growth_yearly": 38.17
        },
        "20203": {
            "year_quarter": 20203,
            "year": 2020,
            "quarter": 3,
            "eps": 8.75,
            "eps_growth_year": 15.89,
            "eps_4q": 26.37,
            "eps_4q_growth_year": 38.57,
            "roe": 4.3,
            "roe_4q": 13.19,
            "gross_profit": 660731,
            "gross_margin": 55.01,
            "gross_margin_4q_avg": 53.85,
            "net_income": 286741,
            "net_income_4q": null,
            "revenue": 1201108,
            "revenue_4q": null,
            "common_shares": 327890,
            "book_valuer_per_share": 207.8,
            "book_valuer_per_share_4q_avg": 201.33,
            "equity": 6813689,
            "current_ratio": 345.77,
            "debt_ratio": 14.52,
            "inventory_turnover_ratio": 1.09,
            "account_receivable_turnover_ratio": 1.67,
            "reinvestment_rate": 95.48,
            "research_to_sale_ratio": 14.99,
            "price_fair": 790.83,
            "eps_avg_yearly": 22.6,
            "eps_latest_yearly": 35,
            "eps_growth_yearly": 35.6
        },
        "20204": {
            "year_quarter": 20204,
            "year": 2020,
            "quarter": 4,
            "eps": 7.16,
            "eps_growth_year": 41.64,
            "eps_4q": 28.48,
            "eps_4q_growth_year": 49.35,
            "roe": 3.39,
            "roe_4q": 13.979999999999999,
            "gross_profit": 571860,
            "gross_margin": 54.51,
            "gross_margin_4q_avg": 54.06,
            "net_income": 234731,
            "net_income_4q": null,
            "revenue": 1049072,
            "revenue_4q": null,
            "common_shares": 327890,
            "book_valuer_per_share": 215,
            "book_valuer_per_share_4q_avg": 205.95,
            "equity": 7049794,
            "current_ratio": 384.33,
            "debt_ratio": 13.34,
            "inventory_turnover_ratio": 1.18,
            "account_receivable_turnover_ratio": 1.38,
            "reinvestment_rate": 68.77,
            "research_to_sale_ratio": 17.03,
            "price_fair": 814.1,
            "eps_avg_yearly": 23.26,
            "eps_latest_yearly": 28.64,
            "eps_growth_yearly": 39.02
        },
        "20211": {
            "year_quarter": 20211,
            "year": 2021,
            "quarter": 1,
            "eps": 5.11,
            "eps_growth_year": -6.41,
            "eps_4q": 28.13,
            "eps_4q_growth_year": 29.92,
            "roe": 2.35,
            "roe_4q": 13.59,
            "gross_profit": 438582,
            "gross_margin": 54.05,
            "gross_margin_4q_avg": 54.43,
            "net_income": 167674,
            "net_income_4q": null,
            "revenue": 811379,
            "revenue_4q": null,
            "common_shares": 327890,
            "book_valuer_per_share": 220.1,
            "book_valuer_per_share_4q_avg": 210.48,
            "equity": 7216846,
            "current_ratio": 394.19,
            "debt_ratio": 13.06,
            "inventory_turnover_ratio": 0.95,
            "account_receivable_turnover_ratio": 1.07,
            "reinvestment_rate": 68.7,
            "research_to_sale_ratio": 20.21,
            "price_fair": 757.33,
            "eps_avg_yearly": 23.01,
            "eps_latest_yearly": 20.44,
            "eps_growth_yearly": 22.91
        },
        "20212": {
            "year_quarter": 20212,
            "year": 2021,
            "quarter": 2,
            "eps": 6.61,
            "eps_growth_year": -7.03,
            "eps_4q": 27.62,
            "eps_4q_growth_year": 9.7,
            "roe": 3.04,
            "roe_4q": 13.080000000000002,
            "gross_profit": 564522,
            "gross_margin": 53.85,
            "gross_margin_4q_avg": 54.36,
            "net_income": 216455,
            "net_income_4q": null,
            "revenue": 1048419,
            "revenue_4q": null,
            "common_shares": 327890,
            "book_valuer_per_share": 214.62,
            "book_valuer_per_share_4q_avg": 214.38,
            "equity": 7037312,
            "current_ratio": 295.75,
            "debt_ratio": 17.63,
            "inventory_turnover_ratio": 1.04,
            "account_receivable_turnover_ratio": 1.33,
            "reinvestment_rate": 68.72,
            "research_to_sale_ratio": 17.96,
            "price_fair": 805.26,
            "eps_avg_yearly": 23.01,
            "eps_latest_yearly": 26.44,
            "eps_growth_yearly": 28.16
        },
        "20213": {
            "year_quarter": 20213,
            "year": 2021,
            "quarter": 3,
            "eps": 6.93,
            "eps_growth_year": -20.8,
            "eps_4q": 25.81,
            "eps_4q_growth_year": -2.12,
            "roe": 3.18,
            "roe_4q": 11.96,
            "gross_profit": 587710,
            "gross_margin": 53.02,
            "gross_margin_4q_avg": 53.86,
            "net_income": 227471,
            "net_income_4q": null,
            "revenue": 1108385,
            "revenue_4q": null,
            "common_shares": 327890,
            "book_valuer_per_share": 221.53,
            "book_valuer_per_share_4q_avg": 217.81,
            "equity": 7263806,
            "current_ratio": 460.83,
            "debt_ratio": 11,
            "inventory_turnover_ratio": 1.02,
            "account_receivable_turnover_ratio": 1.24,
            "reinvestment_rate": 64.9,
            "research_to_sale_ratio": 18.31,
            "price_fair": 800.36,
            "eps_avg_yearly": 22.87,
            "eps_latest_yearly": 27.72,
            "eps_growth_yearly": 26.09
        },
        "20214": {
            "year_quarter": 20214,
            "year": 2021,
            "quarter": 4,
            "eps": 8.54,
            "eps_growth_year": 19.35,
            "eps_4q": 27.2,
            "eps_4q_growth_year": -4.49,
            "roe": 3.78,
            "roe_4q": 12.35,
            "gross_profit": 700400,
            "gross_margin": 55.03,
            "gross_margin_4q_avg": 53.99,
            "net_income": 280160,
            "net_income_4q": null,
            "revenue": 1272691,
            "revenue_4q": null,
            "common_shares": 327890,
            "book_valuer_per_share": 230.11,
            "book_valuer_per_share_4q_avg": 221.59,
            "equity": 7545212,
            "current_ratio": 407.31,
            "debt_ratio": 13.48,
            "inventory_turnover_ratio": 1.18,
            "account_receivable_turnover_ratio": 1.27,
            "reinvestment_rate": 58.01,
            "research_to_sale_ratio": 17.73,
            "price_fair": 844.99,
            "eps_avg_yearly": 24.14,
            "eps_latest_yearly": 34.16,
            "eps_growth_yearly": 45.42
        },
        "20221": {
            "year_quarter": 20221,
            "year": 2022,
            "quarter": 1,
            "eps": 3.43,
            "eps_growth_year": -32.88,
            "eps_4q": 25.51,
            "eps_4q_growth_year": -9.31,
            "roe": 1.48,
            "roe_4q": 11.48,
            "gross_profit": 432796,
            "gross_margin": 52.2,
            "gross_margin_4q_avg": 53.53,
            "net_income": 112422,
            "net_income_4q": null,
            "revenue": 829101,
            "revenue_4q": null,
            "common_shares": 327890,
            "book_valuer_per_share": 233.81,
            "book_valuer_per_share_4q_avg": 225.02,
            "equity": 7666459,
            "current_ratio": 454.67,
            "debt_ratio": 12.05,
            "inventory_turnover_ratio": 0.77,
            "account_receivable_turnover_ratio": 0.92,
            "reinvestment_rate": 55.47,
            "research_to_sale_ratio": 24.89,
            "price_fair": 677.21,
            "eps_avg_yearly": 23.73,
            "eps_latest_yearly": 13.72,
            "eps_growth_yearly": 18.54
        },
        "20222": {
            "year_quarter": 20222,
            "year": 2022,
            "quarter": 2,
            "eps": 7.65,
            "eps_growth_year": 15.73,
            "eps_4q": 26.56,
            "eps_4q_growth_year": -3.82,
            "roe": 3.27,
            "roe_4q": 11.709999999999999,
            "gross_profit": 643597,
            "gross_margin": 54.29,
            "gross_margin_4q_avg": 53.64,
            "net_income": 249233,
            "net_income_4q": null,
            "revenue": 1185463,
            "revenue_4q": null,
            "common_shares": 327890,
            "book_valuer_per_share": 227.88,
            "book_valuer_per_share_4q_avg": 228.33,
            "equity": 7561625,
            "current_ratio": 299.72,
            "debt_ratio": 16.83,
            "inventory_turnover_ratio": 0.92,
            "account_receivable_turnover_ratio": 1.51,
            "reinvestment_rate": 65.71,
            "research_to_sale_ratio": 19.08,
            "price_fair": 842.54,
            "eps_avg_yearly": 24.07,
            "eps_latest_yearly": 30.6,
            "eps_growth_yearly": 43.39
        },
        "20223": {
            "year_quarter": 20223,
            "year": 2022,
            "quarter": 3,
            "eps": 6.99,
            "eps_growth_year": 0.87,
            "eps_4q": 26.62,
            "eps_4q_growth_year": 3.13,
            "roe": 2.91,
            "roe_4q": 11.44,
            "gross_profit": 626016,
            "gross_margin": 50.97,
            "gross_margin_4q_avg": 53.12,
            "net_income": 223150,
            "net_income_4q": null,
            "revenue": 1228137,
            "revenue_4q": null,
            "common_shares": 327890,
            "book_valuer_per_share": 235.18,
            "book_valuer_per_share_4q_avg": 231.75,
            "equity": 7793105,
            "current_ratio": 418.17,
            "debt_ratio": 11.74,
            "inventory_turnover_ratio": 1.01,
            "account_receivable_turnover_ratio": 1.42,
            "reinvestment_rate": 60.26,
            "research_to_sale_ratio": 20.23,
            "price_fair": 855.93,
            "eps_avg_yearly": 24.46,
            "eps_latest_yearly": 27.96,
            "eps_growth_yearly": 44.5
        },
        "20224": {
            "year_quarter": 20224,
            "year": 2022,
            "quarter": 4,
            "eps": 5.43,
            "eps_growth_year": -36.47,
            "eps_4q": 23.5,
            "eps_4q_growth_year": -13.58,
            "roe": 2.18,
            "roe_4q": 9.84,
            "gross_profit": 585287,
            "gross_margin": 51.08,
            "gross_margin_4q_avg": 52.14,
            "net_income": 171761,
            "net_income_4q": null,
            "revenue": 1145806,
            "revenue_4q": null,
            "common_shares": 327890,
            "book_valuer_per_share": 240.44,
            "book_valuer_per_share_4q_avg": 234.33,
            "equity": 7959301,
            "current_ratio": 419.01,
            "debt_ratio": 11.92,
            "inventory_turnover_ratio": 1.09,
            "account_receivable_turnover_ratio": 1.37,
            "reinvestment_rate": 55.42,
            "research_to_sale_ratio": 23.86,
            "price_fair": 859.51,
            "eps_avg_yearly": 24.56,
            "eps_latest_yearly": 21.72,
            "eps_growth_yearly": 40.93
        },
        "20231": {
            "year_quarter": 20231,
            "year": 2023,
            "quarter": 1,
            "eps": -0.94,
            "eps_growth_year": -127.41,
            "eps_4q": 19.13,
            "eps_4q_growth_year": -25,
            "roe": -0.47,
            "roe_4q": 7.890000000000001,
            "gross_profit": 310503,
            "gross_margin": 45.98,
            "gross_margin_4q_avg": 50.58,
            "net_income": -37377,
            "net_income_4q": null,
            "revenue": 675298,
            "revenue_4q": null,
            "common_shares": 327890,
            "book_valuer_per_share": 239.5,
            "book_valuer_per_share_4q_avg": 235.75,
            "equity": 7921851,
            "current_ratio": 583.18,
            "debt_ratio": 8.25,
            "inventory_turnover_ratio": 0.86,
            "account_receivable_turnover_ratio": 1.11,
            "reinvestment_rate": 47.23,
            "research_to_sale_ratio": 39.11,
            "price_fair": 890.03,
            "eps_avg_yearly": 25.43,
            "eps_latest_yearly": 21.72,
            "eps_growth_yearly": 55.08
        },
        "20232": {
            "year_quarter": 20232,
            "year": 2023,
            "quarter": 2,
            "eps": 1.07,
            "eps_growth_year": -86.01,
            "eps_4q": 12.55,
            "eps_4q_growth_year": -52.76,
            "roe": 0.35,
            "roe_4q": 4.970000000000001,
            "gross_profit": 357645,
            "gross_margin": 48.05,
            "gross_margin_4q_avg": 49.02,
            "net_income": 27422,
            "net_income_4q": null,
            "revenue": 744321,
            "revenue_4q": null,
            "common_shares": 327890,
            "book_valuer_per_share": 228.73,
            "book_valuer_per_share_4q_avg": 235.96,
            "equity": 7561289,
            "current_ratio": 377.68,
            "debt_ratio": 12.74,
            "inventory_turnover_ratio": 0.95,
            "account_receivable_turnover_ratio": 1.46,
            "reinvestment_rate": 34.69,
            "research_to_sale_ratio": 30.71,
            "price_fair": 917.7,
            "eps_avg_yearly": 26.22,
            "eps_latest_yearly": 21.72,
            "eps_growth_yearly": 51.85
        },
        "20233": {
            "year_quarter": 20233,
            "year": 2023,
            "quarter": 3,
            "eps": 0.33,
            "eps_growth_year": -95.28,
            "eps_4q": 5.89,
            "eps_4q_growth_year": -77.87,
            "roe": 0.04,
            "roe_4q": 2.1,
            "gross_profit": 338085,
            "gross_margin": 48.83,
            "gross_margin_4q_avg": 48.49,
            "net_income": 3333,
            "net_income_4q": null,
            "revenue": 692371,
            "revenue_4q": null,
            "common_shares": 327890,
            "book_valuer_per_share": 229.41,
            "book_valuer_per_share_4q_avg": 234.52,
            "equity": 7575907,
            "current_ratio": 567.52,
            "debt_ratio": 8.18,
            "inventory_turnover_ratio": 0.92,
            "account_receivable_turnover_ratio": 1.11,
            "reinvestment_rate": 28.58,
            "research_to_sale_ratio": 33.35,
            "price_fair": 241.57,
            "eps_avg_yearly": 24.16,
            "eps_latest_yearly": 1.32,
            "eps_growth_yearly": 0.57
        }
    },
    "months": {
        "2015-01": {
            "month": "2015-01",
            "price": "130.52",
            "revenue": 122263
        },
        "2015-02": {
            "month": "2015-02",
            "price": "153.95",
            "revenue": 99445
        },
        "2015-03": {
            "month": "2015-03",
            "price": "185.50",
            "revenue": 107828
        },
        "2015-04": {
            "month": "2015-04",
            "price": "184.77",
            "revenue": 122357
        },
        "2015-05": {
            "month": "2015-05",
            "price": "180.15",
            "revenue": 137125
        },
        "2015-06": {
            "month": "2015-06",
            "price": "216.51",
            "revenue": 148697
        },
        "2015-07": {
            "month": "2015-07",
            "price": "249.51",
            "revenue": 155491
        },
        "2015-08": {
            "month": "2015-08",
            "price": "208.73",
            "revenue": 166332
        },
        "2015-09": {
            "month": "2015-09",
            "price": "215.86",
            "revenue": 173929
        },
        "2015-10": {
            "month": "2015-10",
            "price": "248.18",
            "revenue": 170648
        },
        "2015-11": {
            "month": "2015-11",
            "price": "319.00",
            "revenue": 163339
        },
        "2015-12": {
            "month": "2015-12",
            "price": "461.16",
            "revenue": 157695
        },
        "2016-01": {
            "month": "2016-01",
            "price": "416.51",
            "revenue": 167933
        },
        "2016-02": {
            "month": "2016-02",
            "price": "480.00",
            "revenue": 155920
        },
        "2016-03": {
            "month": "2016-03",
            "price": "598.63",
            "revenue": 176747
        },
        "2016-04": {
            "month": "2016-04",
            "price": "677.68",
            "revenue": 202852
        },
        "2016-05": {
            "month": "2016-05",
            "price": "700.67",
            "revenue": 214198
        },
        "2016-06": {
            "month": "2016-06",
            "price": "700.86",
            "revenue": 234379
        },
        "2016-07": {
            "month": "2016-07",
            "price": "722.60",
            "revenue": 242917
        },
        "2016-08": {
            "month": "2016-08",
            "price": "987.74",
            "revenue": 256142
        },
        "2016-09": {
            "month": "2016-09",
            "price": "1151.84",
            "revenue": 267346
        },
        "2016-10": {
            "month": "2016-10",
            "price": "1076.45",
            "revenue": 241702
        },
        "2016-11": {
            "month": "2016-11",
            "price": "1113.50",
            "revenue": 230573
        },
        "2016-12": {
            "month": "2016-12",
            "price": "1163.64",
            "revenue": 204488
        },
        "2017-01": {
            "month": "2017-01",
            "price": "1174.06",
            "revenue": 256909
        },
        "2017-02": {
            "month": "2017-02",
            "price": "1331.11",
            "revenue": 262013
        },
        "2017-03": {
            "month": "2017-03",
            "price": "1327.83",
            "revenue": 270567
        },
        "2017-04": {
            "month": "2017-04",
            "price": "1180.00",
            "revenue": 276680
        },
        "2017-05": {
            "month": "2017-05",
            "price": "1194.50",
            "revenue": 278703
        },
        "2017-06": {
            "month": "2017-06",
            "price": "1370.43",
            "revenue": 284297
        },
        "2017-07": {
            "month": "2017-07",
            "price": "1385.00",
            "revenue": 304762
        },
        "2017-08": {
            "month": "2017-08",
            "price": "1358.26",
            "revenue": 312018
        },
        "2017-09": {
            "month": "2017-09",
            "price": "1320.68",
            "revenue": 318804
        },
        "2017-10": {
            "month": "2017-10",
            "price": "1149.74",
            "revenue": 235936
        },
        "2017-11": {
            "month": "2017-11",
            "price": "1147.95",
            "revenue": 142099
        },
        "2017-12": {
            "month": "2017-12",
            "price": "1027.10",
            "revenue": 166887
        },
        "2018-01": {
            "month": "2018-01",
            "price": "1132.27",
            "revenue": 248789
        },
        "2018-02": {
            "month": "2018-02",
            "price": "1066.92",
            "revenue": 213287
        },
        "2018-03": {
            "month": "2018-03",
            "price": "899.13",
            "revenue": 279742
        },
        "2018-04": {
            "month": "2018-04",
            "price": "786.67",
            "revenue": 308994
        },
        "2018-05": {
            "month": "2018-05",
            "price": "783.50",
            "revenue": 314861
        },
        "2018-06": {
            "month": "2018-06",
            "price": "842.00",
            "revenue": 264494
        },
        "2018-07": {
            "month": "2018-07",
            "price": "771.41",
            "revenue": 340341
        },
        "2018-08": {
            "month": "2018-08",
            "price": "680.35",
            "revenue": 316651
        },
        "2018-09": {
            "month": "2018-09",
            "price": "522.74",
            "revenue": 270926
        },
        "2018-10": {
            "month": "2018-10",
            "price": "426.36",
            "revenue": 248037
        },
        "2018-11": {
            "month": "2018-11",
            "price": "425.93",
            "revenue": 257159
        },
        "2018-12": {
            "month": "2018-12",
            "price": "510.62",
            "revenue": 215749
        },
        "2019-01": {
            "month": "2019-01",
            "price": "447.67",
            "revenue": 253057
        },
        "2019-02": {
            "month": "2019-02",
            "price": "422.00",
            "revenue": 152002
        },
        "2019-03": {
            "month": "2019-03",
            "price": "410.98",
            "revenue": 201367
        },
        "2019-04": {
            "month": "2019-04",
            "price": "489.70",
            "revenue": 208384
        },
        "2019-05": {
            "month": "2019-05",
            "price": "422.80",
            "revenue": 210461
        },
        "2019-06": {
            "month": "2019-06",
            "price": "394.29",
            "revenue": 251500
        },
        "2019-07": {
            "month": "2019-07",
            "price": "424.26",
            "revenue": 342154
        },
        "2019-08": {
            "month": "2019-08",
            "price": "612.05",
            "revenue": 367490
        },
        "2019-09": {
            "month": "2019-09",
            "price": "770.42",
            "revenue": 392464
        },
        "2019-10": {
            "month": "2019-10",
            "price": "883.33",
            "revenue": 353645
        },
        "2019-11": {
            "month": "2019-11",
            "price": "934.33",
            "revenue": 343815
        },
        "2019-12": {
            "month": "2019-12",
            "price": "1009.14",
            "revenue": 310199
        },
        "2020-01": {
            "month": "2020-01",
            "price": "956.40",
            "revenue": 275023
        },
        "2020-02": {
            "month": "2020-02",
            "price": "905.32",
            "revenue": 286989
        },
        "2020-03": {
            "month": "2020-03",
            "price": "724.18",
            "revenue": 338389
        },
        "2020-04": {
            "month": "2020-04",
            "price": "687.55",
            "revenue": 343040
        },
        "2020-05": {
            "month": "2020-05",
            "price": "633.60",
            "revenue": 353201
        },
        "2020-06": {
            "month": "2020-06",
            "price": "697.05",
            "revenue": 361113
        },
        "2020-07": {
            "month": "2020-07",
            "price": "841.70",
            "revenue": 385528
        },
        "2020-08": {
            "month": "2020-08",
            "price": "748.48",
            "revenue": 405142
        },
        "2020-09": {
            "month": "2020-09",
            "price": "694.14",
            "revenue": 410438
        },
        "2020-10": {
            "month": "2020-10",
            "price": "701.37",
            "revenue": 376713
        },
        "2020-11": {
            "month": "2020-11",
            "price": "753.33",
            "revenue": 338419
        },
        "2020-12": {
            "month": "2020-12",
            "price": "761.57",
            "revenue": 333940
        },
        "2021-01": {
            "month": "2021-01",
            "price": "887.20",
            "revenue": 268271
        },
        "2021-02": {
            "month": "2021-02",
            "price": "909.62",
            "revenue": 191703
        },
        "2021-03": {
            "month": "2021-03",
            "price": "873.91",
            "revenue": 351405
        },
        "2021-04": {
            "month": "2021-04",
            "price": "790.16",
            "revenue": 353624
        },
        "2021-05": {
            "month": "2021-05",
            "price": "667.48",
            "revenue": 358039
        },
        "2021-06": {
            "month": "2021-06",
            "price": "675.19",
            "revenue": 336756
        },
        "2021-07": {
            "month": "2021-07",
            "price": "648.64",
            "revenue": 325420
        },
        "2021-08": {
            "month": "2021-08",
            "price": "599.23",
            "revenue": 387770
        },
        "2021-09": {
            "month": "2021-09",
            "price": "625.90",
            "revenue": 395195
        },
        "2021-10": {
            "month": "2021-10",
            "price": "691.90",
            "revenue": 438842
        },
        "2021-11": {
            "month": "2021-11",
            "price": "711.82",
            "revenue": 410790
        },
        "2021-12": {
            "month": "2021-12",
            "price": "665.59",
            "revenue": 423059
        },
        "2022-01": {
            "month": "2022-01",
            "price": "688.67",
            "revenue": 250817
        },
        "2022-02": {
            "month": "2022-02",
            "price": "627.13",
            "revenue": 254506
        },
        "2022-03": {
            "month": "2022-03",
            "price": "613.13",
            "revenue": 323778
        },
        "2022-04": {
            "month": "2022-04",
            "price": "541.66",
            "revenue": 357703
        },
        "2022-05": {
            "month": "2022-05",
            "price": "479.62",
            "revenue": 413843
        },
        "2022-06": {
            "month": "2022-06",
            "price": "451.88",
            "revenue": 413917
        },
        "2022-07": {
            "month": "2022-07",
            "price": "397.31",
            "revenue": 335855
        },
        "2022-08": {
            "month": "2022-08",
            "price": "442.65",
            "revenue": 441169
        },
        "2022-09": {
            "month": "2022-09",
            "price": "432.52",
            "revenue": 451113
        },
        "2022-10": {
            "month": "2022-10",
            "price": "394.05",
            "revenue": 420626
        },
        "2022-11": {
            "month": "2022-11",
            "price": "427.34",
            "revenue": 382274
        },
        "2022-12": {
            "month": "2022-12",
            "price": "511.48",
            "revenue": 342906
        },
        "2023-01": {
            "month": "2023-01",
            "price": "495.85",
            "revenue": 216275
        },
        "2023-02": {
            "month": "2023-02",
            "price": "573.83",
            "revenue": 222997
        },
        "2023-03": {
            "month": "2023-03",
            "price": "583.70",
            "revenue": 236026
        },
        "2023-04": {
            "month": "2023-04",
            "price": "535.62",
            "revenue": 236975
        },
        "2023-05": {
            "month": "2023-05",
            "price": "478.57",
            "revenue": 238465
        },
        "2023-06": {
            "month": "2023-06",
            "price": "559.92",
            "revenue": 268881
        },
        "2023-07": {
            "month": "2023-07",
            "price": "576.29",
            "revenue": 268141
        },
        "2023-08": {
            "month": "2023-08",
            "price": "498.50",
            "revenue": 207802
        },
        "2023-09": {
            "month": "2023-09",
            "price": "538.45",
            "revenue": 216428
        }
    }
}
