{
    "summary": {
        "stock_name": "啟發電",
        "stock_id": "6512",
        "category": "其他電子",
        "main_business": "影像處理機器設計製造加工買賣<br>工業控制器材設計製造加工買賣<br>安全監控器材設計製造加工買賣",
        "website_url": "http://www.gomax-electronics.com.tw/",
        "ceo": "張鈺欽",
        "pe_ratio": -30,
        "report_year_from": 2012,
        "report_year_to": 2023,
        "age": 12,
        "eps_negative_percentage": 44,
        "eps_growth_avg": {
            "last_all": -54.22,
            "last_2y": -100,
            "last_4y": -100,
            "last_8y": null,
            "last_12y": null,
            "last_16y": null,
            "last_20y": null,
            "at_2006_last_3y": null,
            "at_2007_last_3y": null,
            "at_2008_last_3y": null,
            "at_2009_last_3y": null,
            "at_2010_last_3y": null,
            "at_2011_last_3y": null,
            "at_2012_last_3y": null,
            "at_2013_last_3y": null,
            "at_2014_last_3y": null,
            "at_2015_last_3y": null,
            "at_2016_last_3y": null,
            "at_2017_last_3y": null,
            "at_2018_last_3y": null,
            "at_2019_last_3y": -42.77,
            "at_2020_last_3y": -59.5,
            "at_2021_last_3y": -49.02,
            "at_2022_last_3y": -100,
            "at_2023_last_3y": -100,
            "at_2024_last_3y": -100,
            "at_2006_last_all": null,
            "at_2007_last_all": null,
            "at_2008_last_all": null,
            "at_2009_last_all": null,
            "at_2010_last_all": null,
            "at_2011_last_all": null,
            "at_2012_last_all": null,
            "at_2013_last_all": null,
            "at_2014_last_all": null,
            "at_2015_last_all": null,
            "at_2016_last_all": null,
            "at_2017_last_all": -36.53,
            "at_2018_last_all": -23.7,
            "at_2019_last_all": -42.77,
            "at_2020_last_all": -42.77,
            "at_2021_last_all": -42.77,
            "at_2022_last_all": -42.77,
            "at_2023_last_all": -54.22,
            "at_2024_last_all": -54.22
        },
        "latest_eps": -0.71,
        "latest_price": 21,
        "latest_roe": -4.31,
        "latest_gross_margin": 20.22,
        "latest_equity": 399896,
        "latest_revenue": 66866,
        "latest_gross_profit": 13518,
        "latest_net_income": -558,
        "latest_debt_ratio": 10.91,
        "latest_current_ratio": 728.8,
        "latest_account_receivable_turnover_ratio": 1.44,
        "latest_inventory_turnover_ratio": 0.62,
        "latest_reinvestment_rate": null,
        "latest_research_to_sale_ratio": 15.96
    },
    "eps_dividends": {
        "2001": {
            "cash": 0,
            "stock": 0,
            "eps": 0
        },
        "2002": {
            "cash": 0,
            "stock": 0,
            "eps": 0
        },
        "2003": {
            "cash": 0,
            "stock": 0,
            "eps": 0
        },
        "2004": {
            "cash": 0,
            "stock": 0,
            "eps": 0
        },
        "2005": {
            "cash": 0,
            "stock": 0,
            "eps": 0
        },
        "2006": {
            "cash": 0,
            "stock": 0,
            "eps": 0
        },
        "2007": {
            "cash": 0,
            "stock": 0,
            "eps": 0
        },
        "2008": {
            "cash": 0,
            "stock": 0,
            "eps": 0
        },
        "2009": {
            "cash": 0,
            "stock": 0,
            "eps": 0
        },
        "2010": {
            "cash": 0,
            "stock": 0,
            "eps": 0
        },
        "2011": {
            "cash": 0,
            "stock": 0,
            "eps": 0
        },
        "2012": {
            "cash": 0,
            "stock": 0,
            "eps": 0
        },
        "2013": {
            "cash": 0,
            "stock": 0,
            "eps": 0
        },
        "2014": {
            "cash": 0,
            "stock": 0,
            "eps": 0
        },
        "2015": {
            "cash": 2.29,
            "stock": 0.23,
            "eps": 2.43
        },
        "2016": {
            "cash": 3.12,
            "stock": 0,
            "eps": 2.61
        },
        "2017": {
            "cash": 2.28,
            "stock": 0,
            "eps": 0.51
        },
        "2018": {
            "cash": 0.46,
            "stock": 0,
            "eps": 0.52
        },
        "2019": {
            "cash": 0.47,
            "stock": 0,
            "eps": -0.25
        },
        "2020": {
            "cash": 0,
            "stock": 0,
            "eps": -0.74
        },
        "2021": {
            "cash": 0,
            "stock": 0,
            "eps": -1.51
        },
        "2022": {
            "cash": 0,
            "stock": 0,
            "eps": 0.89
        },
        "2023": {
            "cash": 0.11,
            "stock": 0,
            "eps": -0.68
        }
    },
    "dividends": {
        "2015-10-23": {
            "cash": 2.29,
            "stock": 0.23
        },
        "2016-09-22": {
            "cash": 3.12,
            "stock": 0
        },
        "2017-09-12": {
            "cash": 2.28,
            "stock": 0
        },
        "2018-09-10": {
            "cash": 0.46,
            "stock": 0
        },
        "2019-09-06": {
            "cash": 0.47,
            "stock": 0
        },
        "2023-09-14": {
            "cash": 0.11,
            "stock": 0
        }
    },
    "prices": {
        "200101": "無",
        "200102": "無",
        "200103": "無",
        "200104": "無",
        "200105": "無",
        "200106": "無",
        "200107": "無",
        "200108": "無",
        "200109": "無",
        "200110": "無",
        "200111": "無",
        "200112": "無",
        "200201": "無",
        "200202": "無",
        "200203": "無",
        "200204": "無",
        "200205": "無",
        "200206": "無",
        "200207": "無",
        "200208": "無",
        "200209": "無",
        "200210": "無",
        "200211": "無",
        "200212": "無",
        "200301": "無",
        "200302": "無",
        "200303": "無",
        "200304": "無",
        "200305": "無",
        "200306": "無",
        "200307": "無",
        "200308": "無",
        "200309": "無",
        "200310": "無",
        "200311": "無",
        "200312": "無",
        "200401": "無",
        "200402": "無",
        "200403": "無",
        "200404": "無",
        "200405": "無",
        "200406": "無",
        "200407": "無",
        "200408": "無",
        "200409": "無",
        "200410": "無",
        "200411": "無",
        "200412": "無",
        "200501": "無",
        "200502": "無",
        "200503": "無",
        "200504": "無",
        "200505": "無",
        "200506": "無",
        "200507": "無",
        "200508": "無",
        "200509": "無",
        "200510": "無",
        "200511": "無",
        "200512": "無",
        "200601": "無",
        "200602": "無",
        "200603": "無",
        "200604": "無",
        "200605": "無",
        "200606": "無",
        "200607": "無",
        "200608": "無",
        "200609": "無",
        "200610": "無",
        "200611": "無",
        "200612": "無",
        "200701": "無",
        "200702": "無",
        "200703": "無",
        "200704": "無",
        "200705": "無",
        "200706": "無",
        "200707": "無",
        "200708": "無",
        "200709": "無",
        "200710": "無",
        "200711": "無",
        "200712": "無",
        "200801": "無",
        "200802": "無",
        "200803": "無",
        "200804": "無",
        "200805": "無",
        "200806": "無",
        "200807": "無",
        "200808": "無",
        "200809": "無",
        "200810": "無",
        "200811": "無",
        "200812": "無",
        "200901": "無",
        "200902": "無",
        "200903": "無",
        "200904": "無",
        "200905": "無",
        "200906": "無",
        "200907": "無",
        "200908": "無",
        "200909": "無",
        "200910": "無",
        "200911": "無",
        "200912": "無",
        "201001": "無",
        "201002": "無",
        "201003": "無",
        "201004": "無",
        "201005": "無",
        "201006": "無",
        "201007": "無",
        "201008": "無",
        "201009": "無",
        "201010": "無",
        "201011": "無",
        "201012": "無",
        "201101": "無",
        "201102": "無",
        "201103": "無",
        "201104": "無",
        "201105": "無",
        "201106": "無",
        "201107": "無",
        "201108": "無",
        "201109": "無",
        "201110": "無",
        "201111": "無",
        "201112": "無",
        "201201": "無",
        "201202": "無",
        "201203": "無",
        "201204": "無",
        "201205": "無",
        "201206": "無",
        "201207": "無",
        "201208": "無",
        "201209": "無",
        "201210": "無",
        "201211": "無",
        "201212": "無",
        "201301": "無",
        "201302": "無",
        "201303": "無",
        "201304": "無",
        "201305": "無",
        "201306": "無",
        "201307": "無",
        "201308": "無",
        "201309": "無",
        "201310": "無",
        "201311": "無",
        "201312": "無",
        "201401": "無",
        "201402": "無",
        "201403": "無",
        "201404": "無",
        "201405": "無",
        "201406": "無",
        "201407": "無",
        "201408": "無",
        "201409": "無",
        "201410": "無",
        "201411": "無",
        "201412": "無",
        "201501": "無",
        "201502": "72.50",
        "201503": "77.79",
        "201504": "75.98",
        "201505": "72.06",
        "201506": "62.69",
        "201507": "53.40",
        "201508": "41.99",
        "201509": "43.20",
        "201510": "41.96",
        "201511": "46.82",
        "201512": "51.14",
        "201601": "45.38",
        "201602": "47.70",
        "201603": "46.90",
        "201604": "53.22",
        "201605": "44.39",
        "201606": "44.77",
        "201607": "43.02",
        "201608": "42.03",
        "201609": "41.54",
        "201610": "42.14",
        "201611": "35.37",
        "201612": "31.83",
        "201701": "29.51",
        "201702": "30.25",
        "201703": "31.66",
        "201704": "29.18",
        "201705": "29.17",
        "201706": "28.94",
        "201707": "28.05",
        "201708": "26.57",
        "201709": "24.03",
        "201710": "23.19",
        "201711": "20.81",
        "201712": "20.13",
        "201801": "23.72",
        "201802": "21.93",
        "201803": "21.17",
        "201804": "20.74",
        "201805": "19.72",
        "201806": "19.59",
        "201807": "18.33",
        "201808": "18.52",
        "201809": "18.21",
        "201810": "17.50",
        "201811": "16.57",
        "201812": "16.47",
        "201901": "16.31",
        "201902": "17.74",
        "201903": "17.57",
        "201904": "17.43",
        "201905": "17.02",
        "201906": "16.78",
        "201907": "17.11",
        "201908": "16.48",
        "201909": "16.20",
        "201910": "16.12",
        "201911": "15.77",
        "201912": "15.16",
        "202001": "15.16",
        "202002": "14.58",
        "202003": "12.82",
        "202004": "11.68",
        "202005": "13.00",
        "202006": "13.66",
        "202007": "14.16",
        "202008": "13.83",
        "202009": "14.46",
        "202010": "14.64",
        "202011": "14.20",
        "202012": "14.73",
        "202101": "14.60",
        "202102": "14.17",
        "202103": "16.97",
        "202104": "17.97",
        "202105": "17.50",
        "202106": "16.71",
        "202107": "17.26",
        "202108": "17.11",
        "202109": "16.77",
        "202110": "16.40",
        "202111": "17.49",
        "202112": "18.18",
        "202201": "17.40",
        "202202": "18.78",
        "202203": "18.87",
        "202204": "17.88",
        "202205": "17.73",
        "202206": "18.80",
        "202207": "18.67",
        "202208": "26.31",
        "202209": "22.84",
        "202210": "20.62",
        "202211": "22.72",
        "202212": "24.48",
        "202301": "23.89",
        "202302": "22.22",
        "202303": "21.30",
        "202304": "21.04",
        "202305": "20.13",
        "202306": "20.95",
        "202307": "21.14",
        "202308": "20.84",
        "202309": "20.47",
        "202310": "19.81",
        "202311": "19.81",
        "202312": "21.03"
    },
    "quarters": {
        "20011": {
            "year_quarter": 20011,
            "year": 2001,
            "quarter": 1,
            "eps": null,
            "eps_growth_year": null,
            "eps_4q": null,
            "eps_4q_growth_year": null,
            "roe": null,
            "roe_4q": 0,
            "gross_profit": null,
            "gross_margin": null,
            "gross_margin_4q_avg": 0,
            "net_income": null,
            "net_income_4q": null,
            "revenue": null,
            "revenue_4q": null,
            "common_shares": null,
            "book_valuer_per_share": null,
            "book_valuer_per_share_4q_avg": 0,
            "equity": null,
            "current_ratio": null,
            "debt_ratio": null,
            "inventory_turnover_ratio": null,
            "account_receivable_turnover_ratio": null,
            "reinvestment_rate": null,
            "research_to_sale_ratio": null,
            "price_fair": 0,
            "eps_avg_yearly": 0,
            "eps_latest_yearly": 0,
            "eps_growth_yearly": 0
        },
        "20012": {
            "year_quarter": 20012,
            "year": 2001,
            "quarter": 2,
            "eps": null,
            "eps_growth_year": null,
            "eps_4q": null,
            "eps_4q_growth_year": null,
            "roe": null,
            "roe_4q": 0,
            "gross_profit": null,
            "gross_margin": null,
            "gross_margin_4q_avg": 0,
            "net_income": null,
            "net_income_4q": null,
            "revenue": null,
            "revenue_4q": null,
            "common_shares": null,
            "book_valuer_per_share": null,
            "book_valuer_per_share_4q_avg": 0,
            "equity": null,
            "current_ratio": null,
            "debt_ratio": null,
            "inventory_turnover_ratio": null,
            "account_receivable_turnover_ratio": null,
            "reinvestment_rate": null,
            "research_to_sale_ratio": null,
            "price_fair": 0,
            "eps_avg_yearly": 0,
            "eps_latest_yearly": 0,
            "eps_growth_yearly": 0
        },
        "20013": {
            "year_quarter": 20013,
            "year": 2001,
            "quarter": 3,
            "eps": null,
            "eps_growth_year": null,
            "eps_4q": null,
            "eps_4q_growth_year": null,
            "roe": null,
            "roe_4q": 0,
            "gross_profit": null,
            "gross_margin": null,
            "gross_margin_4q_avg": 0,
            "net_income": null,
            "net_income_4q": null,
            "revenue": null,
            "revenue_4q": null,
            "common_shares": null,
            "book_valuer_per_share": null,
            "book_valuer_per_share_4q_avg": 0,
            "equity": null,
            "current_ratio": null,
            "debt_ratio": null,
            "inventory_turnover_ratio": null,
            "account_receivable_turnover_ratio": null,
            "reinvestment_rate": null,
            "research_to_sale_ratio": null,
            "price_fair": 0,
            "eps_avg_yearly": 0,
            "eps_latest_yearly": 0,
            "eps_growth_yearly": 0
        },
        "20014": {
            "year_quarter": 20014,
            "year": 2001,
            "quarter": 4,
            "eps": null,
            "eps_growth_year": null,
            "eps_4q": null,
            "eps_4q_growth_year": null,
            "roe": null,
            "roe_4q": 0,
            "gross_profit": null,
            "gross_margin": null,
            "gross_margin_4q_avg": 0,
            "net_income": null,
            "net_income_4q": null,
            "revenue": null,
            "revenue_4q": null,
            "common_shares": null,
            "book_valuer_per_share": null,
            "book_valuer_per_share_4q_avg": 0,
            "equity": null,
            "current_ratio": null,
            "debt_ratio": null,
            "inventory_turnover_ratio": null,
            "account_receivable_turnover_ratio": null,
            "reinvestment_rate": null,
            "research_to_sale_ratio": null,
            "price_fair": 0,
            "eps_avg_yearly": 0,
            "eps_latest_yearly": 0,
            "eps_growth_yearly": 0
        },
        "20021": {
            "year_quarter": 20021,
            "year": 2002,
            "quarter": 1,
            "eps": null,
            "eps_growth_year": null,
            "eps_4q": null,
            "eps_4q_growth_year": null,
            "roe": null,
            "roe_4q": 0,
            "gross_profit": null,
            "gross_margin": null,
            "gross_margin_4q_avg": 0,
            "net_income": null,
            "net_income_4q": null,
            "revenue": null,
            "revenue_4q": null,
            "common_shares": null,
            "book_valuer_per_share": null,
            "book_valuer_per_share_4q_avg": 0,
            "equity": null,
            "current_ratio": null,
            "debt_ratio": null,
            "inventory_turnover_ratio": null,
            "account_receivable_turnover_ratio": null,
            "reinvestment_rate": null,
            "research_to_sale_ratio": null,
            "price_fair": 0,
            "eps_avg_yearly": 0,
            "eps_latest_yearly": 0,
            "eps_growth_yearly": 0
        },
        "20022": {
            "year_quarter": 20022,
            "year": 2002,
            "quarter": 2,
            "eps": null,
            "eps_growth_year": null,
            "eps_4q": null,
            "eps_4q_growth_year": null,
            "roe": null,
            "roe_4q": 0,
            "gross_profit": null,
            "gross_margin": null,
            "gross_margin_4q_avg": 0,
            "net_income": null,
            "net_income_4q": null,
            "revenue": null,
            "revenue_4q": null,
            "common_shares": null,
            "book_valuer_per_share": null,
            "book_valuer_per_share_4q_avg": 0,
            "equity": null,
            "current_ratio": null,
            "debt_ratio": null,
            "inventory_turnover_ratio": null,
            "account_receivable_turnover_ratio": null,
            "reinvestment_rate": null,
            "research_to_sale_ratio": null,
            "price_fair": 0,
            "eps_avg_yearly": 0,
            "eps_latest_yearly": 0,
            "eps_growth_yearly": 0
        },
        "20023": {
            "year_quarter": 20023,
            "year": 2002,
            "quarter": 3,
            "eps": null,
            "eps_growth_year": null,
            "eps_4q": null,
            "eps_4q_growth_year": null,
            "roe": null,
            "roe_4q": 0,
            "gross_profit": null,
            "gross_margin": null,
            "gross_margin_4q_avg": 0,
            "net_income": null,
            "net_income_4q": null,
            "revenue": null,
            "revenue_4q": null,
            "common_shares": null,
            "book_valuer_per_share": null,
            "book_valuer_per_share_4q_avg": 0,
            "equity": null,
            "current_ratio": null,
            "debt_ratio": null,
            "inventory_turnover_ratio": null,
            "account_receivable_turnover_ratio": null,
            "reinvestment_rate": null,
            "research_to_sale_ratio": null,
            "price_fair": 0,
            "eps_avg_yearly": 0,
            "eps_latest_yearly": 0,
            "eps_growth_yearly": 0
        },
        "20024": {
            "year_quarter": 20024,
            "year": 2002,
            "quarter": 4,
            "eps": null,
            "eps_growth_year": null,
            "eps_4q": null,
            "eps_4q_growth_year": null,
            "roe": null,
            "roe_4q": 0,
            "gross_profit": null,
            "gross_margin": null,
            "gross_margin_4q_avg": 0,
            "net_income": null,
            "net_income_4q": null,
            "revenue": null,
            "revenue_4q": null,
            "common_shares": null,
            "book_valuer_per_share": null,
            "book_valuer_per_share_4q_avg": 0,
            "equity": null,
            "current_ratio": null,
            "debt_ratio": null,
            "inventory_turnover_ratio": null,
            "account_receivable_turnover_ratio": null,
            "reinvestment_rate": null,
            "research_to_sale_ratio": null,
            "price_fair": 0,
            "eps_avg_yearly": 0,
            "eps_latest_yearly": 0,
            "eps_growth_yearly": 0
        },
        "20031": {
            "year_quarter": 20031,
            "year": 2003,
            "quarter": 1,
            "eps": null,
            "eps_growth_year": null,
            "eps_4q": null,
            "eps_4q_growth_year": null,
            "roe": null,
            "roe_4q": 0,
            "gross_profit": null,
            "gross_margin": null,
            "gross_margin_4q_avg": 0,
            "net_income": null,
            "net_income_4q": null,
            "revenue": null,
            "revenue_4q": null,
            "common_shares": null,
            "book_valuer_per_share": null,
            "book_valuer_per_share_4q_avg": 0,
            "equity": null,
            "current_ratio": null,
            "debt_ratio": null,
            "inventory_turnover_ratio": null,
            "account_receivable_turnover_ratio": null,
            "reinvestment_rate": null,
            "research_to_sale_ratio": null,
            "price_fair": 0,
            "eps_avg_yearly": 0,
            "eps_latest_yearly": 0,
            "eps_growth_yearly": 0
        },
        "20032": {
            "year_quarter": 20032,
            "year": 2003,
            "quarter": 2,
            "eps": null,
            "eps_growth_year": null,
            "eps_4q": null,
            "eps_4q_growth_year": null,
            "roe": null,
            "roe_4q": 0,
            "gross_profit": null,
            "gross_margin": null,
            "gross_margin_4q_avg": 0,
            "net_income": null,
            "net_income_4q": null,
            "revenue": null,
            "revenue_4q": null,
            "common_shares": null,
            "book_valuer_per_share": null,
            "book_valuer_per_share_4q_avg": 0,
            "equity": null,
            "current_ratio": null,
            "debt_ratio": null,
            "inventory_turnover_ratio": null,
            "account_receivable_turnover_ratio": null,
            "reinvestment_rate": null,
            "research_to_sale_ratio": null,
            "price_fair": 0,
            "eps_avg_yearly": 0,
            "eps_latest_yearly": 0,
            "eps_growth_yearly": 0
        },
        "20033": {
            "year_quarter": 20033,
            "year": 2003,
            "quarter": 3,
            "eps": null,
            "eps_growth_year": null,
            "eps_4q": null,
            "eps_4q_growth_year": null,
            "roe": null,
            "roe_4q": 0,
            "gross_profit": null,
            "gross_margin": null,
            "gross_margin_4q_avg": 0,
            "net_income": null,
            "net_income_4q": null,
            "revenue": null,
            "revenue_4q": null,
            "common_shares": null,
            "book_valuer_per_share": null,
            "book_valuer_per_share_4q_avg": 0,
            "equity": null,
            "current_ratio": null,
            "debt_ratio": null,
            "inventory_turnover_ratio": null,
            "account_receivable_turnover_ratio": null,
            "reinvestment_rate": null,
            "research_to_sale_ratio": null,
            "price_fair": 0,
            "eps_avg_yearly": 0,
            "eps_latest_yearly": 0,
            "eps_growth_yearly": 0
        },
        "20034": {
            "year_quarter": 20034,
            "year": 2003,
            "quarter": 4,
            "eps": null,
            "eps_growth_year": null,
            "eps_4q": null,
            "eps_4q_growth_year": null,
            "roe": null,
            "roe_4q": 0,
            "gross_profit": null,
            "gross_margin": null,
            "gross_margin_4q_avg": 0,
            "net_income": null,
            "net_income_4q": null,
            "revenue": null,
            "revenue_4q": null,
            "common_shares": null,
            "book_valuer_per_share": null,
            "book_valuer_per_share_4q_avg": 0,
            "equity": null,
            "current_ratio": null,
            "debt_ratio": null,
            "inventory_turnover_ratio": null,
            "account_receivable_turnover_ratio": null,
            "reinvestment_rate": null,
            "research_to_sale_ratio": null,
            "price_fair": 0,
            "eps_avg_yearly": 0,
            "eps_latest_yearly": 0,
            "eps_growth_yearly": 0
        },
        "20041": {
            "year_quarter": 20041,
            "year": 2004,
            "quarter": 1,
            "eps": null,
            "eps_growth_year": null,
            "eps_4q": null,
            "eps_4q_growth_year": null,
            "roe": null,
            "roe_4q": 0,
            "gross_profit": null,
            "gross_margin": null,
            "gross_margin_4q_avg": 0,
            "net_income": null,
            "net_income_4q": null,
            "revenue": null,
            "revenue_4q": null,
            "common_shares": null,
            "book_valuer_per_share": null,
            "book_valuer_per_share_4q_avg": 0,
            "equity": null,
            "current_ratio": null,
            "debt_ratio": null,
            "inventory_turnover_ratio": null,
            "account_receivable_turnover_ratio": null,
            "reinvestment_rate": null,
            "research_to_sale_ratio": null,
            "price_fair": 0,
            "eps_avg_yearly": 0,
            "eps_latest_yearly": 0,
            "eps_growth_yearly": 0
        },
        "20042": {
            "year_quarter": 20042,
            "year": 2004,
            "quarter": 2,
            "eps": null,
            "eps_growth_year": null,
            "eps_4q": null,
            "eps_4q_growth_year": null,
            "roe": null,
            "roe_4q": 0,
            "gross_profit": null,
            "gross_margin": null,
            "gross_margin_4q_avg": 0,
            "net_income": null,
            "net_income_4q": null,
            "revenue": null,
            "revenue_4q": null,
            "common_shares": null,
            "book_valuer_per_share": null,
            "book_valuer_per_share_4q_avg": 0,
            "equity": null,
            "current_ratio": null,
            "debt_ratio": null,
            "inventory_turnover_ratio": null,
            "account_receivable_turnover_ratio": null,
            "reinvestment_rate": null,
            "research_to_sale_ratio": null,
            "price_fair": 0,
            "eps_avg_yearly": 0,
            "eps_latest_yearly": 0,
            "eps_growth_yearly": 0
        },
        "20043": {
            "year_quarter": 20043,
            "year": 2004,
            "quarter": 3,
            "eps": null,
            "eps_growth_year": null,
            "eps_4q": null,
            "eps_4q_growth_year": null,
            "roe": null,
            "roe_4q": 0,
            "gross_profit": null,
            "gross_margin": null,
            "gross_margin_4q_avg": 0,
            "net_income": null,
            "net_income_4q": null,
            "revenue": null,
            "revenue_4q": null,
            "common_shares": null,
            "book_valuer_per_share": null,
            "book_valuer_per_share_4q_avg": 0,
            "equity": null,
            "current_ratio": null,
            "debt_ratio": null,
            "inventory_turnover_ratio": null,
            "account_receivable_turnover_ratio": null,
            "reinvestment_rate": null,
            "research_to_sale_ratio": null,
            "price_fair": 0,
            "eps_avg_yearly": 0,
            "eps_latest_yearly": 0,
            "eps_growth_yearly": 0
        },
        "20044": {
            "year_quarter": 20044,
            "year": 2004,
            "quarter": 4,
            "eps": null,
            "eps_growth_year": null,
            "eps_4q": null,
            "eps_4q_growth_year": null,
            "roe": null,
            "roe_4q": 0,
            "gross_profit": null,
            "gross_margin": null,
            "gross_margin_4q_avg": 0,
            "net_income": null,
            "net_income_4q": null,
            "revenue": null,
            "revenue_4q": null,
            "common_shares": null,
            "book_valuer_per_share": null,
            "book_valuer_per_share_4q_avg": 0,
            "equity": null,
            "current_ratio": null,
            "debt_ratio": null,
            "inventory_turnover_ratio": null,
            "account_receivable_turnover_ratio": null,
            "reinvestment_rate": null,
            "research_to_sale_ratio": null,
            "price_fair": 0,
            "eps_avg_yearly": 0,
            "eps_latest_yearly": 0,
            "eps_growth_yearly": 0
        },
        "20051": {
            "year_quarter": 20051,
            "year": 2005,
            "quarter": 1,
            "eps": null,
            "eps_growth_year": null,
            "eps_4q": null,
            "eps_4q_growth_year": null,
            "roe": null,
            "roe_4q": 0,
            "gross_profit": null,
            "gross_margin": null,
            "gross_margin_4q_avg": 0,
            "net_income": null,
            "net_income_4q": null,
            "revenue": null,
            "revenue_4q": null,
            "common_shares": null,
            "book_valuer_per_share": null,
            "book_valuer_per_share_4q_avg": 0,
            "equity": null,
            "current_ratio": null,
            "debt_ratio": null,
            "inventory_turnover_ratio": null,
            "account_receivable_turnover_ratio": null,
            "reinvestment_rate": null,
            "research_to_sale_ratio": null,
            "price_fair": 0,
            "eps_avg_yearly": 0,
            "eps_latest_yearly": 0,
            "eps_growth_yearly": 0
        },
        "20052": {
            "year_quarter": 20052,
            "year": 2005,
            "quarter": 2,
            "eps": null,
            "eps_growth_year": null,
            "eps_4q": null,
            "eps_4q_growth_year": null,
            "roe": null,
            "roe_4q": 0,
            "gross_profit": null,
            "gross_margin": null,
            "gross_margin_4q_avg": 0,
            "net_income": null,
            "net_income_4q": null,
            "revenue": null,
            "revenue_4q": null,
            "common_shares": null,
            "book_valuer_per_share": null,
            "book_valuer_per_share_4q_avg": 0,
            "equity": null,
            "current_ratio": null,
            "debt_ratio": null,
            "inventory_turnover_ratio": null,
            "account_receivable_turnover_ratio": null,
            "reinvestment_rate": null,
            "research_to_sale_ratio": null,
            "price_fair": 0,
            "eps_avg_yearly": 0,
            "eps_latest_yearly": 0,
            "eps_growth_yearly": 0
        },
        "20053": {
            "year_quarter": 20053,
            "year": 2005,
            "quarter": 3,
            "eps": null,
            "eps_growth_year": null,
            "eps_4q": null,
            "eps_4q_growth_year": null,
            "roe": null,
            "roe_4q": 0,
            "gross_profit": null,
            "gross_margin": null,
            "gross_margin_4q_avg": 0,
            "net_income": null,
            "net_income_4q": null,
            "revenue": null,
            "revenue_4q": null,
            "common_shares": null,
            "book_valuer_per_share": null,
            "book_valuer_per_share_4q_avg": 0,
            "equity": null,
            "current_ratio": null,
            "debt_ratio": null,
            "inventory_turnover_ratio": null,
            "account_receivable_turnover_ratio": null,
            "reinvestment_rate": null,
            "research_to_sale_ratio": null,
            "price_fair": 0,
            "eps_avg_yearly": 0,
            "eps_latest_yearly": 0,
            "eps_growth_yearly": 0
        },
        "20054": {
            "year_quarter": 20054,
            "year": 2005,
            "quarter": 4,
            "eps": null,
            "eps_growth_year": null,
            "eps_4q": null,
            "eps_4q_growth_year": null,
            "roe": null,
            "roe_4q": 0,
            "gross_profit": null,
            "gross_margin": null,
            "gross_margin_4q_avg": 0,
            "net_income": null,
            "net_income_4q": null,
            "revenue": null,
            "revenue_4q": null,
            "common_shares": null,
            "book_valuer_per_share": null,
            "book_valuer_per_share_4q_avg": 0,
            "equity": null,
            "current_ratio": null,
            "debt_ratio": null,
            "inventory_turnover_ratio": null,
            "account_receivable_turnover_ratio": null,
            "reinvestment_rate": null,
            "research_to_sale_ratio": null,
            "price_fair": 0,
            "eps_avg_yearly": 0,
            "eps_latest_yearly": 0,
            "eps_growth_yearly": 0
        },
        "20061": {
            "year_quarter": 20061,
            "year": 2006,
            "quarter": 1,
            "eps": null,
            "eps_growth_year": null,
            "eps_4q": null,
            "eps_4q_growth_year": null,
            "roe": null,
            "roe_4q": 0,
            "gross_profit": null,
            "gross_margin": null,
            "gross_margin_4q_avg": 0,
            "net_income": null,
            "net_income_4q": null,
            "revenue": null,
            "revenue_4q": null,
            "common_shares": null,
            "book_valuer_per_share": null,
            "book_valuer_per_share_4q_avg": 0,
            "equity": null,
            "current_ratio": null,
            "debt_ratio": null,
            "inventory_turnover_ratio": null,
            "account_receivable_turnover_ratio": null,
            "reinvestment_rate": null,
            "research_to_sale_ratio": null,
            "price_fair": 0,
            "eps_avg_yearly": 0,
            "eps_latest_yearly": 0,
            "eps_growth_yearly": 0
        },
        "20062": {
            "year_quarter": 20062,
            "year": 2006,
            "quarter": 2,
            "eps": null,
            "eps_growth_year": null,
            "eps_4q": null,
            "eps_4q_growth_year": null,
            "roe": null,
            "roe_4q": 0,
            "gross_profit": null,
            "gross_margin": null,
            "gross_margin_4q_avg": 0,
            "net_income": null,
            "net_income_4q": null,
            "revenue": null,
            "revenue_4q": null,
            "common_shares": null,
            "book_valuer_per_share": null,
            "book_valuer_per_share_4q_avg": 0,
            "equity": null,
            "current_ratio": null,
            "debt_ratio": null,
            "inventory_turnover_ratio": null,
            "account_receivable_turnover_ratio": null,
            "reinvestment_rate": null,
            "research_to_sale_ratio": null,
            "price_fair": 0,
            "eps_avg_yearly": 0,
            "eps_latest_yearly": 0,
            "eps_growth_yearly": 0
        },
        "20063": {
            "year_quarter": 20063,
            "year": 2006,
            "quarter": 3,
            "eps": null,
            "eps_growth_year": null,
            "eps_4q": null,
            "eps_4q_growth_year": null,
            "roe": null,
            "roe_4q": 0,
            "gross_profit": null,
            "gross_margin": null,
            "gross_margin_4q_avg": 0,
            "net_income": null,
            "net_income_4q": null,
            "revenue": null,
            "revenue_4q": null,
            "common_shares": null,
            "book_valuer_per_share": null,
            "book_valuer_per_share_4q_avg": 0,
            "equity": null,
            "current_ratio": null,
            "debt_ratio": null,
            "inventory_turnover_ratio": null,
            "account_receivable_turnover_ratio": null,
            "reinvestment_rate": null,
            "research_to_sale_ratio": null,
            "price_fair": 0,
            "eps_avg_yearly": 0,
            "eps_latest_yearly": 0,
            "eps_growth_yearly": 0
        },
        "20064": {
            "year_quarter": 20064,
            "year": 2006,
            "quarter": 4,
            "eps": null,
            "eps_growth_year": null,
            "eps_4q": null,
            "eps_4q_growth_year": null,
            "roe": null,
            "roe_4q": 0,
            "gross_profit": null,
            "gross_margin": null,
            "gross_margin_4q_avg": 0,
            "net_income": null,
            "net_income_4q": null,
            "revenue": null,
            "revenue_4q": null,
            "common_shares": null,
            "book_valuer_per_share": null,
            "book_valuer_per_share_4q_avg": 0,
            "equity": null,
            "current_ratio": null,
            "debt_ratio": null,
            "inventory_turnover_ratio": null,
            "account_receivable_turnover_ratio": null,
            "reinvestment_rate": null,
            "research_to_sale_ratio": null,
            "price_fair": 0,
            "eps_avg_yearly": 0,
            "eps_latest_yearly": 0,
            "eps_growth_yearly": 0
        },
        "20071": {
            "year_quarter": 20071,
            "year": 2007,
            "quarter": 1,
            "eps": null,
            "eps_growth_year": null,
            "eps_4q": null,
            "eps_4q_growth_year": null,
            "roe": null,
            "roe_4q": 0,
            "gross_profit": null,
            "gross_margin": null,
            "gross_margin_4q_avg": 0,
            "net_income": null,
            "net_income_4q": null,
            "revenue": null,
            "revenue_4q": null,
            "common_shares": null,
            "book_valuer_per_share": null,
            "book_valuer_per_share_4q_avg": 0,
            "equity": null,
            "current_ratio": null,
            "debt_ratio": null,
            "inventory_turnover_ratio": null,
            "account_receivable_turnover_ratio": null,
            "reinvestment_rate": null,
            "research_to_sale_ratio": null,
            "price_fair": 0,
            "eps_avg_yearly": 0,
            "eps_latest_yearly": 0,
            "eps_growth_yearly": 0
        },
        "20072": {
            "year_quarter": 20072,
            "year": 2007,
            "quarter": 2,
            "eps": null,
            "eps_growth_year": null,
            "eps_4q": null,
            "eps_4q_growth_year": null,
            "roe": null,
            "roe_4q": 0,
            "gross_profit": null,
            "gross_margin": null,
            "gross_margin_4q_avg": 0,
            "net_income": null,
            "net_income_4q": null,
            "revenue": null,
            "revenue_4q": null,
            "common_shares": null,
            "book_valuer_per_share": null,
            "book_valuer_per_share_4q_avg": 0,
            "equity": null,
            "current_ratio": null,
            "debt_ratio": null,
            "inventory_turnover_ratio": null,
            "account_receivable_turnover_ratio": null,
            "reinvestment_rate": null,
            "research_to_sale_ratio": null,
            "price_fair": 0,
            "eps_avg_yearly": 0,
            "eps_latest_yearly": 0,
            "eps_growth_yearly": 0
        },
        "20073": {
            "year_quarter": 20073,
            "year": 2007,
            "quarter": 3,
            "eps": null,
            "eps_growth_year": null,
            "eps_4q": null,
            "eps_4q_growth_year": null,
            "roe": null,
            "roe_4q": 0,
            "gross_profit": null,
            "gross_margin": null,
            "gross_margin_4q_avg": 0,
            "net_income": null,
            "net_income_4q": null,
            "revenue": null,
            "revenue_4q": null,
            "common_shares": null,
            "book_valuer_per_share": null,
            "book_valuer_per_share_4q_avg": 0,
            "equity": null,
            "current_ratio": null,
            "debt_ratio": null,
            "inventory_turnover_ratio": null,
            "account_receivable_turnover_ratio": null,
            "reinvestment_rate": null,
            "research_to_sale_ratio": null,
            "price_fair": 0,
            "eps_avg_yearly": 0,
            "eps_latest_yearly": 0,
            "eps_growth_yearly": 0
        },
        "20074": {
            "year_quarter": 20074,
            "year": 2007,
            "quarter": 4,
            "eps": null,
            "eps_growth_year": null,
            "eps_4q": null,
            "eps_4q_growth_year": null,
            "roe": null,
            "roe_4q": 0,
            "gross_profit": null,
            "gross_margin": null,
            "gross_margin_4q_avg": 0,
            "net_income": null,
            "net_income_4q": null,
            "revenue": null,
            "revenue_4q": null,
            "common_shares": null,
            "book_valuer_per_share": null,
            "book_valuer_per_share_4q_avg": 0,
            "equity": null,
            "current_ratio": null,
            "debt_ratio": null,
            "inventory_turnover_ratio": null,
            "account_receivable_turnover_ratio": null,
            "reinvestment_rate": null,
            "research_to_sale_ratio": null,
            "price_fair": 0,
            "eps_avg_yearly": 0,
            "eps_latest_yearly": 0,
            "eps_growth_yearly": 0
        },
        "20081": {
            "year_quarter": 20081,
            "year": 2008,
            "quarter": 1,
            "eps": null,
            "eps_growth_year": null,
            "eps_4q": null,
            "eps_4q_growth_year": null,
            "roe": null,
            "roe_4q": 0,
            "gross_profit": null,
            "gross_margin": null,
            "gross_margin_4q_avg": 0,
            "net_income": null,
            "net_income_4q": null,
            "revenue": null,
            "revenue_4q": null,
            "common_shares": null,
            "book_valuer_per_share": null,
            "book_valuer_per_share_4q_avg": 0,
            "equity": null,
            "current_ratio": null,
            "debt_ratio": null,
            "inventory_turnover_ratio": null,
            "account_receivable_turnover_ratio": null,
            "reinvestment_rate": null,
            "research_to_sale_ratio": null,
            "price_fair": 0,
            "eps_avg_yearly": 0,
            "eps_latest_yearly": 0,
            "eps_growth_yearly": 0
        },
        "20082": {
            "year_quarter": 20082,
            "year": 2008,
            "quarter": 2,
            "eps": null,
            "eps_growth_year": null,
            "eps_4q": null,
            "eps_4q_growth_year": null,
            "roe": null,
            "roe_4q": 0,
            "gross_profit": null,
            "gross_margin": null,
            "gross_margin_4q_avg": 0,
            "net_income": null,
            "net_income_4q": null,
            "revenue": null,
            "revenue_4q": null,
            "common_shares": null,
            "book_valuer_per_share": null,
            "book_valuer_per_share_4q_avg": 0,
            "equity": null,
            "current_ratio": null,
            "debt_ratio": null,
            "inventory_turnover_ratio": null,
            "account_receivable_turnover_ratio": null,
            "reinvestment_rate": null,
            "research_to_sale_ratio": null,
            "price_fair": 0,
            "eps_avg_yearly": 0,
            "eps_latest_yearly": 0,
            "eps_growth_yearly": 0
        },
        "20083": {
            "year_quarter": 20083,
            "year": 2008,
            "quarter": 3,
            "eps": null,
            "eps_growth_year": null,
            "eps_4q": null,
            "eps_4q_growth_year": null,
            "roe": null,
            "roe_4q": 0,
            "gross_profit": null,
            "gross_margin": null,
            "gross_margin_4q_avg": 0,
            "net_income": null,
            "net_income_4q": null,
            "revenue": null,
            "revenue_4q": null,
            "common_shares": null,
            "book_valuer_per_share": null,
            "book_valuer_per_share_4q_avg": 0,
            "equity": null,
            "current_ratio": null,
            "debt_ratio": null,
            "inventory_turnover_ratio": null,
            "account_receivable_turnover_ratio": null,
            "reinvestment_rate": null,
            "research_to_sale_ratio": null,
            "price_fair": 0,
            "eps_avg_yearly": 0,
            "eps_latest_yearly": 0,
            "eps_growth_yearly": 0
        },
        "20084": {
            "year_quarter": 20084,
            "year": 2008,
            "quarter": 4,
            "eps": null,
            "eps_growth_year": null,
            "eps_4q": null,
            "eps_4q_growth_year": null,
            "roe": null,
            "roe_4q": 0,
            "gross_profit": null,
            "gross_margin": null,
            "gross_margin_4q_avg": 0,
            "net_income": null,
            "net_income_4q": null,
            "revenue": null,
            "revenue_4q": null,
            "common_shares": null,
            "book_valuer_per_share": null,
            "book_valuer_per_share_4q_avg": 0,
            "equity": null,
            "current_ratio": null,
            "debt_ratio": null,
            "inventory_turnover_ratio": null,
            "account_receivable_turnover_ratio": null,
            "reinvestment_rate": null,
            "research_to_sale_ratio": null,
            "price_fair": 0,
            "eps_avg_yearly": 0,
            "eps_latest_yearly": 0,
            "eps_growth_yearly": 0
        },
        "20091": {
            "year_quarter": 20091,
            "year": 2009,
            "quarter": 1,
            "eps": null,
            "eps_growth_year": null,
            "eps_4q": null,
            "eps_4q_growth_year": null,
            "roe": null,
            "roe_4q": 0,
            "gross_profit": null,
            "gross_margin": null,
            "gross_margin_4q_avg": 0,
            "net_income": null,
            "net_income_4q": null,
            "revenue": null,
            "revenue_4q": null,
            "common_shares": null,
            "book_valuer_per_share": null,
            "book_valuer_per_share_4q_avg": 0,
            "equity": null,
            "current_ratio": null,
            "debt_ratio": null,
            "inventory_turnover_ratio": null,
            "account_receivable_turnover_ratio": null,
            "reinvestment_rate": null,
            "research_to_sale_ratio": null,
            "price_fair": 0,
            "eps_avg_yearly": 0,
            "eps_latest_yearly": 0,
            "eps_growth_yearly": 0
        },
        "20092": {
            "year_quarter": 20092,
            "year": 2009,
            "quarter": 2,
            "eps": null,
            "eps_growth_year": null,
            "eps_4q": null,
            "eps_4q_growth_year": null,
            "roe": null,
            "roe_4q": 0,
            "gross_profit": null,
            "gross_margin": null,
            "gross_margin_4q_avg": 0,
            "net_income": null,
            "net_income_4q": null,
            "revenue": null,
            "revenue_4q": null,
            "common_shares": null,
            "book_valuer_per_share": null,
            "book_valuer_per_share_4q_avg": 0,
            "equity": null,
            "current_ratio": null,
            "debt_ratio": null,
            "inventory_turnover_ratio": null,
            "account_receivable_turnover_ratio": null,
            "reinvestment_rate": null,
            "research_to_sale_ratio": null,
            "price_fair": 0,
            "eps_avg_yearly": 0,
            "eps_latest_yearly": 0,
            "eps_growth_yearly": 0
        },
        "20093": {
            "year_quarter": 20093,
            "year": 2009,
            "quarter": 3,
            "eps": null,
            "eps_growth_year": null,
            "eps_4q": null,
            "eps_4q_growth_year": null,
            "roe": null,
            "roe_4q": 0,
            "gross_profit": null,
            "gross_margin": null,
            "gross_margin_4q_avg": 0,
            "net_income": null,
            "net_income_4q": null,
            "revenue": null,
            "revenue_4q": null,
            "common_shares": null,
            "book_valuer_per_share": null,
            "book_valuer_per_share_4q_avg": 0,
            "equity": null,
            "current_ratio": null,
            "debt_ratio": null,
            "inventory_turnover_ratio": null,
            "account_receivable_turnover_ratio": null,
            "reinvestment_rate": null,
            "research_to_sale_ratio": null,
            "price_fair": 0,
            "eps_avg_yearly": 0,
            "eps_latest_yearly": 0,
            "eps_growth_yearly": 0
        },
        "20094": {
            "year_quarter": 20094,
            "year": 2009,
            "quarter": 4,
            "eps": null,
            "eps_growth_year": null,
            "eps_4q": null,
            "eps_4q_growth_year": null,
            "roe": null,
            "roe_4q": 0,
            "gross_profit": null,
            "gross_margin": null,
            "gross_margin_4q_avg": 0,
            "net_income": null,
            "net_income_4q": null,
            "revenue": null,
            "revenue_4q": null,
            "common_shares": null,
            "book_valuer_per_share": null,
            "book_valuer_per_share_4q_avg": 0,
            "equity": null,
            "current_ratio": null,
            "debt_ratio": null,
            "inventory_turnover_ratio": null,
            "account_receivable_turnover_ratio": null,
            "reinvestment_rate": null,
            "research_to_sale_ratio": null,
            "price_fair": 0,
            "eps_avg_yearly": 0,
            "eps_latest_yearly": 0,
            "eps_growth_yearly": 0
        },
        "20101": {
            "year_quarter": 20101,
            "year": 2010,
            "quarter": 1,
            "eps": null,
            "eps_growth_year": null,
            "eps_4q": null,
            "eps_4q_growth_year": null,
            "roe": null,
            "roe_4q": 0,
            "gross_profit": null,
            "gross_margin": null,
            "gross_margin_4q_avg": 0,
            "net_income": null,
            "net_income_4q": null,
            "revenue": null,
            "revenue_4q": null,
            "common_shares": null,
            "book_valuer_per_share": null,
            "book_valuer_per_share_4q_avg": 0,
            "equity": null,
            "current_ratio": null,
            "debt_ratio": null,
            "inventory_turnover_ratio": null,
            "account_receivable_turnover_ratio": null,
            "reinvestment_rate": null,
            "research_to_sale_ratio": null,
            "price_fair": 0,
            "eps_avg_yearly": 0,
            "eps_latest_yearly": 0,
            "eps_growth_yearly": 0
        },
        "20102": {
            "year_quarter": 20102,
            "year": 2010,
            "quarter": 2,
            "eps": null,
            "eps_growth_year": null,
            "eps_4q": null,
            "eps_4q_growth_year": null,
            "roe": null,
            "roe_4q": 0,
            "gross_profit": null,
            "gross_margin": null,
            "gross_margin_4q_avg": 0,
            "net_income": null,
            "net_income_4q": null,
            "revenue": null,
            "revenue_4q": null,
            "common_shares": null,
            "book_valuer_per_share": null,
            "book_valuer_per_share_4q_avg": 0,
            "equity": null,
            "current_ratio": null,
            "debt_ratio": null,
            "inventory_turnover_ratio": null,
            "account_receivable_turnover_ratio": null,
            "reinvestment_rate": null,
            "research_to_sale_ratio": null,
            "price_fair": 0,
            "eps_avg_yearly": 0,
            "eps_latest_yearly": 0,
            "eps_growth_yearly": 0
        },
        "20103": {
            "year_quarter": 20103,
            "year": 2010,
            "quarter": 3,
            "eps": null,
            "eps_growth_year": null,
            "eps_4q": null,
            "eps_4q_growth_year": null,
            "roe": null,
            "roe_4q": 0,
            "gross_profit": null,
            "gross_margin": null,
            "gross_margin_4q_avg": 0,
            "net_income": null,
            "net_income_4q": null,
            "revenue": null,
            "revenue_4q": null,
            "common_shares": null,
            "book_valuer_per_share": null,
            "book_valuer_per_share_4q_avg": 0,
            "equity": null,
            "current_ratio": null,
            "debt_ratio": null,
            "inventory_turnover_ratio": null,
            "account_receivable_turnover_ratio": null,
            "reinvestment_rate": null,
            "research_to_sale_ratio": null,
            "price_fair": 0,
            "eps_avg_yearly": 0,
            "eps_latest_yearly": 0,
            "eps_growth_yearly": 0
        },
        "20104": {
            "year_quarter": 20104,
            "year": 2010,
            "quarter": 4,
            "eps": null,
            "eps_growth_year": null,
            "eps_4q": null,
            "eps_4q_growth_year": null,
            "roe": null,
            "roe_4q": 0,
            "gross_profit": null,
            "gross_margin": null,
            "gross_margin_4q_avg": 0,
            "net_income": null,
            "net_income_4q": null,
            "revenue": null,
            "revenue_4q": null,
            "common_shares": null,
            "book_valuer_per_share": null,
            "book_valuer_per_share_4q_avg": 0,
            "equity": null,
            "current_ratio": null,
            "debt_ratio": null,
            "inventory_turnover_ratio": null,
            "account_receivable_turnover_ratio": null,
            "reinvestment_rate": null,
            "research_to_sale_ratio": null,
            "price_fair": 0,
            "eps_avg_yearly": 0,
            "eps_latest_yearly": 0,
            "eps_growth_yearly": 0
        },
        "20111": {
            "year_quarter": 20111,
            "year": 2011,
            "quarter": 1,
            "eps": null,
            "eps_growth_year": null,
            "eps_4q": null,
            "eps_4q_growth_year": null,
            "roe": null,
            "roe_4q": 0,
            "gross_profit": null,
            "gross_margin": null,
            "gross_margin_4q_avg": 0,
            "net_income": null,
            "net_income_4q": null,
            "revenue": null,
            "revenue_4q": null,
            "common_shares": null,
            "book_valuer_per_share": null,
            "book_valuer_per_share_4q_avg": 0,
            "equity": null,
            "current_ratio": null,
            "debt_ratio": null,
            "inventory_turnover_ratio": null,
            "account_receivable_turnover_ratio": null,
            "reinvestment_rate": null,
            "research_to_sale_ratio": null,
            "price_fair": 0,
            "eps_avg_yearly": 0,
            "eps_latest_yearly": 0,
            "eps_growth_yearly": 0
        },
        "20112": {
            "year_quarter": 20112,
            "year": 2011,
            "quarter": 2,
            "eps": null,
            "eps_growth_year": null,
            "eps_4q": null,
            "eps_4q_growth_year": null,
            "roe": null,
            "roe_4q": 0,
            "gross_profit": null,
            "gross_margin": null,
            "gross_margin_4q_avg": 0,
            "net_income": null,
            "net_income_4q": null,
            "revenue": null,
            "revenue_4q": null,
            "common_shares": null,
            "book_valuer_per_share": null,
            "book_valuer_per_share_4q_avg": 0,
            "equity": null,
            "current_ratio": null,
            "debt_ratio": null,
            "inventory_turnover_ratio": null,
            "account_receivable_turnover_ratio": null,
            "reinvestment_rate": null,
            "research_to_sale_ratio": null,
            "price_fair": 0,
            "eps_avg_yearly": 0,
            "eps_latest_yearly": 0,
            "eps_growth_yearly": 0
        },
        "20113": {
            "year_quarter": 20113,
            "year": 2011,
            "quarter": 3,
            "eps": null,
            "eps_growth_year": null,
            "eps_4q": null,
            "eps_4q_growth_year": null,
            "roe": null,
            "roe_4q": 0,
            "gross_profit": null,
            "gross_margin": null,
            "gross_margin_4q_avg": 0,
            "net_income": null,
            "net_income_4q": null,
            "revenue": null,
            "revenue_4q": null,
            "common_shares": null,
            "book_valuer_per_share": null,
            "book_valuer_per_share_4q_avg": 0,
            "equity": null,
            "current_ratio": null,
            "debt_ratio": null,
            "inventory_turnover_ratio": null,
            "account_receivable_turnover_ratio": null,
            "reinvestment_rate": null,
            "research_to_sale_ratio": null,
            "price_fair": 0,
            "eps_avg_yearly": 0,
            "eps_latest_yearly": 0,
            "eps_growth_yearly": 0
        },
        "20114": {
            "year_quarter": 20114,
            "year": 2011,
            "quarter": 4,
            "eps": null,
            "eps_growth_year": null,
            "eps_4q": null,
            "eps_4q_growth_year": null,
            "roe": null,
            "roe_4q": 0,
            "gross_profit": null,
            "gross_margin": null,
            "gross_margin_4q_avg": 0,
            "net_income": null,
            "net_income_4q": null,
            "revenue": null,
            "revenue_4q": null,
            "common_shares": 73444,
            "book_valuer_per_share": 16.78,
            "book_valuer_per_share_4q_avg": 4.2,
            "equity": 123205,
            "current_ratio": 264.97,
            "debt_ratio": 36.65,
            "inventory_turnover_ratio": null,
            "account_receivable_turnover_ratio": null,
            "reinvestment_rate": null,
            "research_to_sale_ratio": null,
            "price_fair": 0,
            "eps_avg_yearly": 0,
            "eps_latest_yearly": 0,
            "eps_growth_yearly": 0
        },
        "20121": {
            "year_quarter": 20121,
            "year": 2012,
            "quarter": 1,
            "eps": null,
            "eps_growth_year": null,
            "eps_4q": null,
            "eps_4q_growth_year": null,
            "roe": null,
            "roe_4q": 0,
            "gross_profit": null,
            "gross_margin": null,
            "gross_margin_4q_avg": 0,
            "net_income": null,
            "net_income_4q": null,
            "revenue": null,
            "revenue_4q": null,
            "common_shares": null,
            "book_valuer_per_share": null,
            "book_valuer_per_share_4q_avg": 4.2,
            "equity": null,
            "current_ratio": null,
            "debt_ratio": null,
            "inventory_turnover_ratio": null,
            "account_receivable_turnover_ratio": null,
            "reinvestment_rate": null,
            "research_to_sale_ratio": null,
            "price_fair": 0,
            "eps_avg_yearly": 0,
            "eps_latest_yearly": 0,
            "eps_growth_yearly": 0
        },
        "20122": {
            "year_quarter": 20122,
            "year": 2012,
            "quarter": 2,
            "eps": null,
            "eps_growth_year": null,
            "eps_4q": null,
            "eps_4q_growth_year": null,
            "roe": null,
            "roe_4q": 0,
            "gross_profit": null,
            "gross_margin": null,
            "gross_margin_4q_avg": 0,
            "net_income": null,
            "net_income_4q": null,
            "revenue": null,
            "revenue_4q": null,
            "common_shares": null,
            "book_valuer_per_share": null,
            "book_valuer_per_share_4q_avg": 4.2,
            "equity": null,
            "current_ratio": null,
            "debt_ratio": null,
            "inventory_turnover_ratio": null,
            "account_receivable_turnover_ratio": null,
            "reinvestment_rate": null,
            "research_to_sale_ratio": null,
            "price_fair": 0,
            "eps_avg_yearly": 0,
            "eps_latest_yearly": 0,
            "eps_growth_yearly": 0
        },
        "20123": {
            "year_quarter": 20123,
            "year": 2012,
            "quarter": 3,
            "eps": null,
            "eps_growth_year": null,
            "eps_4q": null,
            "eps_4q_growth_year": null,
            "roe": null,
            "roe_4q": 0,
            "gross_profit": null,
            "gross_margin": null,
            "gross_margin_4q_avg": 0,
            "net_income": null,
            "net_income_4q": null,
            "revenue": null,
            "revenue_4q": null,
            "common_shares": null,
            "book_valuer_per_share": null,
            "book_valuer_per_share_4q_avg": 4.2,
            "equity": null,
            "current_ratio": null,
            "debt_ratio": null,
            "inventory_turnover_ratio": null,
            "account_receivable_turnover_ratio": null,
            "reinvestment_rate": null,
            "research_to_sale_ratio": null,
            "price_fair": 0,
            "eps_avg_yearly": 0,
            "eps_latest_yearly": 0,
            "eps_growth_yearly": 0
        },
        "20124": {
            "year_quarter": 20124,
            "year": 2012,
            "quarter": 4,
            "eps": null,
            "eps_growth_year": null,
            "eps_4q": null,
            "eps_4q_growth_year": null,
            "roe": null,
            "roe_4q": 0,
            "gross_profit": null,
            "gross_margin": null,
            "gross_margin_4q_avg": 0,
            "net_income": null,
            "net_income_4q": null,
            "revenue": null,
            "revenue_4q": null,
            "common_shares": 100125,
            "book_valuer_per_share": 18.52,
            "book_valuer_per_share_4q_avg": 4.63,
            "equity": 185427,
            "current_ratio": 234.12,
            "debt_ratio": 46.65,
            "inventory_turnover_ratio": null,
            "account_receivable_turnover_ratio": null,
            "reinvestment_rate": null,
            "research_to_sale_ratio": null,
            "price_fair": 0,
            "eps_avg_yearly": 0,
            "eps_latest_yearly": 0,
            "eps_growth_yearly": 0
        },
        "20131": {
            "year_quarter": 20131,
            "year": 2013,
            "quarter": 1,
            "eps": null,
            "eps_growth_year": null,
            "eps_4q": null,
            "eps_4q_growth_year": null,
            "roe": null,
            "roe_4q": 0,
            "gross_profit": null,
            "gross_margin": null,
            "gross_margin_4q_avg": 0,
            "net_income": null,
            "net_income_4q": null,
            "revenue": null,
            "revenue_4q": null,
            "common_shares": null,
            "book_valuer_per_share": null,
            "book_valuer_per_share_4q_avg": 4.63,
            "equity": null,
            "current_ratio": null,
            "debt_ratio": null,
            "inventory_turnover_ratio": null,
            "account_receivable_turnover_ratio": null,
            "reinvestment_rate": null,
            "research_to_sale_ratio": null,
            "price_fair": 0,
            "eps_avg_yearly": 0,
            "eps_latest_yearly": 0,
            "eps_growth_yearly": 0
        },
        "20132": {
            "year_quarter": 20132,
            "year": 2013,
            "quarter": 2,
            "eps": null,
            "eps_growth_year": null,
            "eps_4q": null,
            "eps_4q_growth_year": null,
            "roe": null,
            "roe_4q": 0,
            "gross_profit": null,
            "gross_margin": null,
            "gross_margin_4q_avg": 0,
            "net_income": null,
            "net_income_4q": null,
            "revenue": null,
            "revenue_4q": null,
            "common_shares": null,
            "book_valuer_per_share": null,
            "book_valuer_per_share_4q_avg": 4.63,
            "equity": null,
            "current_ratio": null,
            "debt_ratio": null,
            "inventory_turnover_ratio": null,
            "account_receivable_turnover_ratio": null,
            "reinvestment_rate": null,
            "research_to_sale_ratio": null,
            "price_fair": 0,
            "eps_avg_yearly": 0,
            "eps_latest_yearly": 0,
            "eps_growth_yearly": 0
        },
        "20133": {
            "year_quarter": 20133,
            "year": 2013,
            "quarter": 3,
            "eps": null,
            "eps_growth_year": null,
            "eps_4q": null,
            "eps_4q_growth_year": null,
            "roe": null,
            "roe_4q": 0,
            "gross_profit": null,
            "gross_margin": null,
            "gross_margin_4q_avg": 0,
            "net_income": null,
            "net_income_4q": null,
            "revenue": null,
            "revenue_4q": null,
            "common_shares": null,
            "book_valuer_per_share": null,
            "book_valuer_per_share_4q_avg": 4.63,
            "equity": null,
            "current_ratio": null,
            "debt_ratio": null,
            "inventory_turnover_ratio": null,
            "account_receivable_turnover_ratio": null,
            "reinvestment_rate": null,
            "research_to_sale_ratio": null,
            "price_fair": 0,
            "eps_avg_yearly": 0,
            "eps_latest_yearly": 0,
            "eps_growth_yearly": 0
        },
        "20134": {
            "year_quarter": 20134,
            "year": 2013,
            "quarter": 4,
            "eps": null,
            "eps_growth_year": null,
            "eps_4q": null,
            "eps_4q_growth_year": null,
            "roe": null,
            "roe_4q": 0,
            "gross_profit": null,
            "gross_margin": null,
            "gross_margin_4q_avg": 0,
            "net_income": null,
            "net_income_4q": null,
            "revenue": null,
            "revenue_4q": null,
            "common_shares": null,
            "book_valuer_per_share": null,
            "book_valuer_per_share_4q_avg": 0,
            "equity": null,
            "current_ratio": null,
            "debt_ratio": null,
            "inventory_turnover_ratio": null,
            "account_receivable_turnover_ratio": null,
            "reinvestment_rate": null,
            "research_to_sale_ratio": null,
            "price_fair": 0,
            "eps_avg_yearly": 0,
            "eps_latest_yearly": 0,
            "eps_growth_yearly": 0
        },
        "20141": {
            "year_quarter": 20141,
            "year": 2014,
            "quarter": 1,
            "eps": null,
            "eps_growth_year": null,
            "eps_4q": null,
            "eps_4q_growth_year": null,
            "roe": null,
            "roe_4q": 0,
            "gross_profit": null,
            "gross_margin": null,
            "gross_margin_4q_avg": 0,
            "net_income": null,
            "net_income_4q": null,
            "revenue": null,
            "revenue_4q": null,
            "common_shares": null,
            "book_valuer_per_share": null,
            "book_valuer_per_share_4q_avg": 0,
            "equity": null,
            "current_ratio": null,
            "debt_ratio": null,
            "inventory_turnover_ratio": null,
            "account_receivable_turnover_ratio": null,
            "reinvestment_rate": null,
            "research_to_sale_ratio": null,
            "price_fair": 0,
            "eps_avg_yearly": 0,
            "eps_latest_yearly": 0,
            "eps_growth_yearly": 0
        },
        "20142": {
            "year_quarter": 20142,
            "year": 2014,
            "quarter": 2,
            "eps": null,
            "eps_growth_year": null,
            "eps_4q": null,
            "eps_4q_growth_year": null,
            "roe": null,
            "roe_4q": 0,
            "gross_profit": null,
            "gross_margin": null,
            "gross_margin_4q_avg": 0,
            "net_income": null,
            "net_income_4q": null,
            "revenue": null,
            "revenue_4q": null,
            "common_shares": 160123,
            "book_valuer_per_share": null,
            "book_valuer_per_share_4q_avg": 0,
            "equity": 288703,
            "current_ratio": null,
            "debt_ratio": null,
            "inventory_turnover_ratio": null,
            "account_receivable_turnover_ratio": null,
            "reinvestment_rate": null,
            "research_to_sale_ratio": null,
            "price_fair": 0,
            "eps_avg_yearly": 0,
            "eps_latest_yearly": 0,
            "eps_growth_yearly": 0
        },
        "20143": {
            "year_quarter": 20143,
            "year": 2014,
            "quarter": 3,
            "eps": null,
            "eps_growth_year": null,
            "eps_4q": null,
            "eps_4q_growth_year": null,
            "roe": null,
            "roe_4q": 0,
            "gross_profit": 53455,
            "gross_margin": null,
            "gross_margin_4q_avg": 0,
            "net_income": 32280,
            "net_income_4q": null,
            "revenue": 160729,
            "revenue_4q": null,
            "common_shares": 209465,
            "book_valuer_per_share": null,
            "book_valuer_per_share_4q_avg": 0,
            "equity": 320983,
            "current_ratio": null,
            "debt_ratio": null,
            "inventory_turnover_ratio": null,
            "account_receivable_turnover_ratio": null,
            "reinvestment_rate": null,
            "research_to_sale_ratio": null,
            "price_fair": 0,
            "eps_avg_yearly": 0,
            "eps_latest_yearly": 0,
            "eps_growth_yearly": 0
        },
        "20144": {
            "year_quarter": 20144,
            "year": 2014,
            "quarter": 4,
            "eps": null,
            "eps_growth_year": null,
            "eps_4q": null,
            "eps_4q_growth_year": null,
            "roe": null,
            "roe_4q": 0,
            "gross_profit": 64960,
            "gross_margin": null,
            "gross_margin_4q_avg": 0,
            "net_income": 39111,
            "net_income_4q": null,
            "revenue": 198978,
            "revenue_4q": null,
            "common_shares": 218000,
            "book_valuer_per_share": null,
            "book_valuer_per_share_4q_avg": 0,
            "equity": 401060,
            "current_ratio": null,
            "debt_ratio": null,
            "inventory_turnover_ratio": null,
            "account_receivable_turnover_ratio": null,
            "reinvestment_rate": null,
            "research_to_sale_ratio": null,
            "price_fair": 0,
            "eps_avg_yearly": 0,
            "eps_latest_yearly": 0,
            "eps_growth_yearly": 0
        },
        "20151": {
            "year_quarter": 20151,
            "year": 2015,
            "quarter": 1,
            "eps": null,
            "eps_growth_year": null,
            "eps_4q": null,
            "eps_4q_growth_year": null,
            "roe": null,
            "roe_4q": 0,
            "gross_profit": 45542,
            "gross_margin": null,
            "gross_margin_4q_avg": 0,
            "net_income": 19704,
            "net_income_4q": null,
            "revenue": 153314,
            "revenue_4q": null,
            "common_shares": 218000,
            "book_valuer_per_share": null,
            "book_valuer_per_share_4q_avg": 0,
            "equity": 420764,
            "current_ratio": null,
            "debt_ratio": null,
            "inventory_turnover_ratio": null,
            "account_receivable_turnover_ratio": null,
            "reinvestment_rate": null,
            "research_to_sale_ratio": null,
            "price_fair": 0,
            "eps_avg_yearly": 0,
            "eps_latest_yearly": 0,
            "eps_growth_yearly": 0
        },
        "20152": {
            "year_quarter": 20152,
            "year": 2015,
            "quarter": 2,
            "eps": null,
            "eps_growth_year": null,
            "eps_4q": null,
            "eps_4q_growth_year": null,
            "roe": null,
            "roe_4q": 0,
            "gross_profit": 29810,
            "gross_margin": null,
            "gross_margin_4q_avg": 0,
            "net_income": 4090,
            "net_income_4q": null,
            "revenue": 99336,
            "revenue_4q": null,
            "common_shares": 218000,
            "book_valuer_per_share": 17.65,
            "book_valuer_per_share_4q_avg": 4.41,
            "equity": 384737,
            "current_ratio": 320.23,
            "debt_ratio": 27.6,
            "inventory_turnover_ratio": null,
            "account_receivable_turnover_ratio": null,
            "reinvestment_rate": null,
            "research_to_sale_ratio": null,
            "price_fair": 0,
            "eps_avg_yearly": 0,
            "eps_latest_yearly": 0,
            "eps_growth_yearly": 0
        },
        "20153": {
            "year_quarter": 20153,
            "year": 2015,
            "quarter": 3,
            "eps": 1.13,
            "eps_growth_year": null,
            "eps_4q": 1.11,
            "eps_4q_growth_year": null,
            "roe": 6.36,
            "roe_4q": 6.36,
            "gross_profit": 43069,
            "gross_margin": 31.16,
            "gross_margin_4q_avg": 7.79,
            "net_income": 25276,
            "net_income_4q": null,
            "revenue": 138200,
            "revenue_4q": null,
            "common_shares": 227393,
            "book_valuer_per_share": 18.03,
            "book_valuer_per_share_4q_avg": 8.92,
            "equity": 410013,
            "current_ratio": 291.92,
            "debt_ratio": 30.08,
            "inventory_turnover_ratio": 1.03,
            "account_receivable_turnover_ratio": 2,
            "reinvestment_rate": null,
            "research_to_sale_ratio": 7.77,
            "price_fair": 0,
            "eps_avg_yearly": 0,
            "eps_latest_yearly": 0,
            "eps_growth_yearly": 0
        },
        "20154": {
            "year_quarter": 20154,
            "year": 2015,
            "quarter": 4,
            "eps": 1.3,
            "eps_growth_year": null,
            "eps_4q": 2.42,
            "eps_4q_growth_year": null,
            "roe": 6.98,
            "roe_4q": 13.34,
            "gross_profit": 61477,
            "gross_margin": 32.6,
            "gross_margin_4q_avg": 15.94,
            "net_income": 29658,
            "net_income_4q": null,
            "revenue": 188600,
            "revenue_4q": null,
            "common_shares": 227393,
            "book_valuer_per_share": 19.34,
            "book_valuer_per_share_4q_avg": 13.76,
            "equity": 439671,
            "current_ratio": 294.01,
            "debt_ratio": 27.86,
            "inventory_turnover_ratio": 1.36,
            "account_receivable_turnover_ratio": 1.9,
            "reinvestment_rate": null,
            "research_to_sale_ratio": 6.44,
            "price_fair": 182,
            "eps_avg_yearly": 5.2,
            "eps_latest_yearly": 5.2,
            "eps_growth_yearly": 60.18
        },
        "20161": {
            "year_quarter": 20161,
            "year": 2016,
            "quarter": 1,
            "eps": 1.02,
            "eps_growth_year": null,
            "eps_4q": 3.13,
            "eps_4q_growth_year": null,
            "roe": 4.75,
            "roe_4q": 18.09,
            "gross_profit": 51834,
            "gross_margin": 29.52,
            "gross_margin_4q_avg": 23.32,
            "net_income": 23358,
            "net_income_4q": null,
            "revenue": 175615,
            "revenue_4q": null,
            "common_shares": 250000,
            "book_valuer_per_share": 21.78,
            "book_valuer_per_share_4q_avg": 19.2,
            "equity": 544416,
            "current_ratio": 463.03,
            "debt_ratio": 18.03,
            "inventory_turnover_ratio": 1.4,
            "account_receivable_turnover_ratio": 1.8,
            "reinvestment_rate": null,
            "research_to_sale_ratio": 5.56,
            "price_fair": 13.92,
            "eps_avg_yearly": 4.64,
            "eps_latest_yearly": 4.08,
            "eps_growth_yearly": -12.99
        },
        "20162": {
            "year_quarter": 20162,
            "year": 2016,
            "quarter": 2,
            "eps": 0.58,
            "eps_growth_year": null,
            "eps_4q": 3.72,
            "eps_4q_growth_year": null,
            "roe": 2.83,
            "roe_4q": 20.92,
            "gross_profit": 31837,
            "gross_margin": 30.06,
            "gross_margin_4q_avg": 30.84,
            "net_income": 14584,
            "net_income_4q": null,
            "revenue": 105899,
            "revenue_4q": null,
            "common_shares": 250000,
            "book_valuer_per_share": 19.41,
            "book_valuer_per_share_4q_avg": 19.64,
            "equity": 485144,
            "current_ratio": 342.11,
            "debt_ratio": 24.18,
            "inventory_turnover_ratio": 1.06,
            "account_receivable_turnover_ratio": 1.56,
            "reinvestment_rate": null,
            "research_to_sale_ratio": 9.97,
            "price_fair": 11.6,
            "eps_avg_yearly": 3.87,
            "eps_latest_yearly": 2.32,
            "eps_growth_yearly": -66.18
        },
        "20163": {
            "year_quarter": 20163,
            "year": 2016,
            "quarter": 3,
            "eps": 0.55,
            "eps_growth_year": -51.33,
            "eps_4q": 3.26,
            "eps_4q_growth_year": 193.03,
            "roe": 2.81,
            "roe_4q": 17.37,
            "gross_profit": 40275,
            "gross_margin": 27.43,
            "gross_margin_4q_avg": 29.9,
            "net_income": 13830,
            "net_income_4q": null,
            "revenue": 146828,
            "revenue_4q": null,
            "common_shares": 250000,
            "book_valuer_per_share": 19.96,
            "book_valuer_per_share_4q_avg": 20.12,
            "equity": 498974,
            "current_ratio": 434.42,
            "debt_ratio": 18.96,
            "inventory_turnover_ratio": 1.46,
            "account_receivable_turnover_ratio": 1.88,
            "reinvestment_rate": null,
            "research_to_sale_ratio": 7.84,
            "price_fair": 10.35,
            "eps_avg_yearly": 3.45,
            "eps_latest_yearly": 2.2,
            "eps_growth_yearly": -54.8
        },
        "20164": {
            "year_quarter": 20164,
            "year": 2016,
            "quarter": 4,
            "eps": 0.46,
            "eps_growth_year": -64.69,
            "eps_4q": 2.53,
            "eps_4q_growth_year": 4.78,
            "roe": 2.28,
            "roe_4q": 12.67,
            "gross_profit": 31739,
            "gross_margin": 27.31,
            "gross_margin_4q_avg": 28.58,
            "net_income": 11513,
            "net_income_4q": null,
            "revenue": 116204,
            "revenue_4q": null,
            "common_shares": 250000,
            "book_valuer_per_share": 20.42,
            "book_valuer_per_share_4q_avg": 20.39,
            "equity": 510487,
            "current_ratio": 627.98,
            "debt_ratio": 13.04,
            "inventory_turnover_ratio": 1.17,
            "account_receivable_turnover_ratio": 1.48,
            "reinvestment_rate": null,
            "research_to_sale_ratio": 10.83,
            "price_fair": 9.38,
            "eps_avg_yearly": 3.13,
            "eps_latest_yearly": 1.84,
            "eps_growth_yearly": -56.93
        },
        "20171": {
            "year_quarter": 20171,
            "year": 2017,
            "quarter": 1,
            "eps": -0.04,
            "eps_growth_year": -103.92,
            "eps_4q": 1.56,
            "eps_4q_growth_year": -50.14,
            "roe": -0.17,
            "roe_4q": 7.75,
            "gross_profit": 25243,
            "gross_margin": 27.13,
            "gross_margin_4q_avg": 27.98,
            "net_income": -889,
            "net_income_4q": null,
            "revenue": 93044,
            "revenue_4q": null,
            "common_shares": 250000,
            "book_valuer_per_share": 20.38,
            "book_valuer_per_share_4q_avg": 20.04,
            "equity": 509598,
            "current_ratio": 619.24,
            "debt_ratio": 13.24,
            "inventory_turnover_ratio": 1.08,
            "account_receivable_turnover_ratio": 1.68,
            "reinvestment_rate": null,
            "research_to_sale_ratio": 10.72,
            "price_fair": 9.38,
            "eps_avg_yearly": 3.13,
            "eps_latest_yearly": 1.84,
            "eps_growth_yearly": -56.93
        },
        "20172": {
            "year_quarter": 20172,
            "year": 2017,
            "quarter": 2,
            "eps": 0.22,
            "eps_growth_year": -62.07,
            "eps_4q": 1.2,
            "eps_4q_growth_year": -67.64,
            "roe": 1.16,
            "roe_4q": 6.08,
            "gross_profit": 23684,
            "gross_margin": 24.81,
            "gross_margin_4q_avg": 26.67,
            "net_income": 5596,
            "net_income_4q": null,
            "revenue": 95476,
            "revenue_4q": null,
            "common_shares": 250000,
            "book_valuer_per_share": 18.33,
            "book_valuer_per_share_4q_avg": 19.77,
            "equity": 458237,
            "current_ratio": 363.73,
            "debt_ratio": 22.65,
            "inventory_turnover_ratio": 1.18,
            "account_receivable_turnover_ratio": 1.68,
            "reinvestment_rate": null,
            "research_to_sale_ratio": 10.78,
            "price_fair": 9.38,
            "eps_avg_yearly": 3.13,
            "eps_latest_yearly": 1.84,
            "eps_growth_yearly": -56.93
        },
        "20173": {
            "year_quarter": 20173,
            "year": 2017,
            "quarter": 3,
            "eps": 0.14,
            "eps_growth_year": -74.55,
            "eps_4q": 0.79,
            "eps_4q_growth_year": -75.84,
            "roe": 0.75,
            "roe_4q": 4.02,
            "gross_profit": 25287,
            "gross_margin": 23.23,
            "gross_margin_4q_avg": 25.62,
            "net_income": 3456,
            "net_income_4q": null,
            "revenue": 108861,
            "revenue_4q": null,
            "common_shares": 250000,
            "book_valuer_per_share": 18.47,
            "book_valuer_per_share_4q_avg": 19.4,
            "equity": 461693,
            "current_ratio": 520.05,
            "debt_ratio": 15.64,
            "inventory_turnover_ratio": 1.4,
            "account_receivable_turnover_ratio": 1.94,
            "reinvestment_rate": null,
            "research_to_sale_ratio": 11.03,
            "price_fair": 8.1,
            "eps_avg_yearly": 2.7,
            "eps_latest_yearly": 0.56,
            "eps_growth_yearly": -71.69
        },
        "20174": {
            "year_quarter": 20174,
            "year": 2017,
            "quarter": 4,
            "eps": 0.19,
            "eps_growth_year": -58.82,
            "eps_4q": 0.52,
            "eps_4q_growth_year": -79.61,
            "roe": 1.02,
            "roe_4q": 2.76,
            "gross_profit": 32319,
            "gross_margin": 25.98,
            "gross_margin_4q_avg": 25.29,
            "net_income": 4741,
            "net_income_4q": null,
            "revenue": 124383,
            "revenue_4q": null,
            "common_shares": 250000,
            "book_valuer_per_share": 18.66,
            "book_valuer_per_share_4q_avg": 18.96,
            "equity": 466434,
            "current_ratio": 472.6,
            "debt_ratio": 17.34,
            "inventory_turnover_ratio": 1.46,
            "account_receivable_turnover_ratio": 1.82,
            "reinvestment_rate": null,
            "research_to_sale_ratio": 10.81,
            "price_fair": 7.27,
            "eps_avg_yearly": 2.42,
            "eps_latest_yearly": 0.76,
            "eps_growth_yearly": -41.04
        },
        "20181": {
            "year_quarter": 20181,
            "year": 2018,
            "quarter": 1,
            "eps": -0.05,
            "eps_growth_year": null,
            "eps_4q": 0.5,
            "eps_4q_growth_year": -67.69,
            "roe": -0.25,
            "roe_4q": 2.6799999999999997,
            "gross_profit": 24257,
            "gross_margin": 24.25,
            "gross_margin_4q_avg": 24.57,
            "net_income": -1180,
            "net_income_4q": null,
            "revenue": 100026,
            "revenue_4q": null,
            "common_shares": 250000,
            "book_valuer_per_share": 18.61,
            "book_valuer_per_share_4q_avg": 18.52,
            "equity": 465254,
            "current_ratio": 395.17,
            "debt_ratio": 20.85,
            "inventory_turnover_ratio": 1.1,
            "account_receivable_turnover_ratio": 1.41,
            "reinvestment_rate": null,
            "research_to_sale_ratio": 11.97,
            "price_fair": 7.27,
            "eps_avg_yearly": 2.42,
            "eps_latest_yearly": 0.76,
            "eps_growth_yearly": -41.04
        },
        "20182": {
            "year_quarter": 20182,
            "year": 2018,
            "quarter": 2,
            "eps": 0.29,
            "eps_growth_year": 31.82,
            "eps_4q": 0.57,
            "eps_4q_growth_year": -52.89,
            "roe": 1.54,
            "roe_4q": 3.06,
            "gross_profit": 16472,
            "gross_margin": 20.41,
            "gross_margin_4q_avg": 23.47,
            "net_income": 7139,
            "net_income_4q": null,
            "revenue": 80701,
            "revenue_4q": null,
            "common_shares": 250000,
            "book_valuer_per_share": 18.43,
            "book_valuer_per_share_4q_avg": 18.54,
            "equity": 460780,
            "current_ratio": 547.26,
            "debt_ratio": 14.95,
            "inventory_turnover_ratio": 0.87,
            "account_receivable_turnover_ratio": 1.34,
            "reinvestment_rate": -0.05,
            "research_to_sale_ratio": 14.35,
            "price_fair": 7.27,
            "eps_avg_yearly": 2.42,
            "eps_latest_yearly": 0.76,
            "eps_growth_yearly": -41.04
        },
        "20183": {
            "year_quarter": 20183,
            "year": 2018,
            "quarter": 3,
            "eps": 0.11,
            "eps_growth_year": -21.43,
            "eps_4q": 0.54,
            "eps_4q_growth_year": -31.06,
            "roe": 0.62,
            "roe_4q": 2.93,
            "gross_profit": 21653,
            "gross_margin": 23.08,
            "gross_margin_4q_avg": 23.43,
            "net_income": 2864,
            "net_income_4q": null,
            "revenue": 93831,
            "revenue_4q": null,
            "common_shares": 250000,
            "book_valuer_per_share": 18.55,
            "book_valuer_per_share_4q_avg": 18.56,
            "equity": 463644,
            "current_ratio": 560.7,
            "debt_ratio": 14.63,
            "inventory_turnover_ratio": 0.94,
            "account_receivable_turnover_ratio": 1.47,
            "reinvestment_rate": -0.57,
            "research_to_sale_ratio": 11.76,
            "price_fair": 6.53,
            "eps_avg_yearly": 2.18,
            "eps_latest_yearly": 0.44,
            "eps_growth_yearly": -66.94
        },
        "20184": {
            "year_quarter": 20184,
            "year": 2018,
            "quarter": 4,
            "eps": 0.17,
            "eps_growth_year": -9.53,
            "eps_4q": 0.52,
            "eps_4q_growth_year": 1.61,
            "roe": 0.92,
            "roe_4q": 2.83,
            "gross_profit": 23101,
            "gross_margin": 20.33,
            "gross_margin_4q_avg": 22.02,
            "net_income": 4289,
            "net_income_4q": null,
            "revenue": 113617,
            "revenue_4q": null,
            "common_shares": 250000,
            "book_valuer_per_share": 18.72,
            "book_valuer_per_share_4q_avg": 18.58,
            "equity": 467933,
            "current_ratio": 502.55,
            "debt_ratio": 16.42,
            "inventory_turnover_ratio": 1.14,
            "account_receivable_turnover_ratio": 1.67,
            "reinvestment_rate": -3.43,
            "research_to_sale_ratio": 9.91,
            "price_fair": 6.03,
            "eps_avg_yearly": 2.01,
            "eps_latest_yearly": 0.68,
            "eps_growth_yearly": -35.26
        },
        "20191": {
            "year_quarter": 20191,
            "year": 2019,
            "quarter": 1,
            "eps": 0,
            "eps_growth_year": null,
            "eps_4q": 0.57,
            "eps_4q_growth_year": 12.76,
            "roe": -0.01,
            "roe_4q": 3.0700000000000003,
            "gross_profit": 16023,
            "gross_margin": 17.5,
            "gross_margin_4q_avg": 20.33,
            "net_income": -69,
            "net_income_4q": null,
            "revenue": 91563,
            "revenue_4q": null,
            "common_shares": 250000,
            "book_valuer_per_share": 18.72,
            "book_valuer_per_share_4q_avg": 18.61,
            "equity": 468086,
            "current_ratio": 700.65,
            "debt_ratio": 11.76,
            "inventory_turnover_ratio": 0.99,
            "account_receivable_turnover_ratio": 1.7,
            "reinvestment_rate": -5.65,
            "research_to_sale_ratio": 11.16,
            "price_fair": 6.03,
            "eps_avg_yearly": 2.01,
            "eps_latest_yearly": 0.68,
            "eps_growth_yearly": -35.26
        },
        "20192": {
            "year_quarter": 20192,
            "year": 2019,
            "quarter": 2,
            "eps": -0.05,
            "eps_growth_year": -117.24,
            "eps_4q": 0.23,
            "eps_4q_growth_year": -59.44,
            "roe": -0.29,
            "roe_4q": 1.2400000000000002,
            "gross_profit": 14429,
            "gross_margin": 22.65,
            "gross_margin_4q_avg": 20.89,
            "net_income": -1343,
            "net_income_4q": null,
            "revenue": 63696,
            "revenue_4q": null,
            "common_shares": 250000,
            "book_valuer_per_share": 18.21,
            "book_valuer_per_share_4q_avg": 18.55,
            "equity": 455165,
            "current_ratio": 777.58,
            "debt_ratio": 10.54,
            "inventory_turnover_ratio": 0.75,
            "account_receivable_turnover_ratio": 1.61,
            "reinvestment_rate": -6.44,
            "research_to_sale_ratio": 18.86,
            "price_fair": 6.03,
            "eps_avg_yearly": 2.01,
            "eps_latest_yearly": 0.68,
            "eps_growth_yearly": -35.26
        },
        "20193": {
            "year_quarter": 20193,
            "year": 2019,
            "quarter": 3,
            "eps": -0.25,
            "eps_growth_year": -327.27,
            "eps_4q": -0.13,
            "eps_4q_growth_year": -124.34,
            "roe": -1.37,
            "roe_4q": -0.7500000000000001,
            "gross_profit": 11655,
            "gross_margin": 21.82,
            "gross_margin_4q_avg": 20.58,
            "net_income": -6179,
            "net_income_4q": null,
            "revenue": 53405,
            "revenue_4q": null,
            "common_shares": 250000,
            "book_valuer_per_share": 17.97,
            "book_valuer_per_share_4q_avg": 18.41,
            "equity": 449208,
            "current_ratio": 704.49,
            "debt_ratio": 11.61,
            "inventory_turnover_ratio": 0.68,
            "account_receivable_turnover_ratio": 1.3,
            "reinvestment_rate": -8.12,
            "research_to_sale_ratio": 20.6,
            "price_fair": 6.03,
            "eps_avg_yearly": 2.01,
            "eps_latest_yearly": 0.68,
            "eps_growth_yearly": -35.26
        },
        "20194": {
            "year_quarter": 20194,
            "year": 2019,
            "quarter": 4,
            "eps": 0.05,
            "eps_growth_year": -72.11,
            "eps_4q": -0.26,
            "eps_4q_growth_year": -148.77,
            "roe": 0.27,
            "roe_4q": -1.4000000000000001,
            "gross_profit": 17452,
            "gross_margin": 22.43,
            "gross_margin_4q_avg": 21.1,
            "net_income": 1196,
            "net_income_4q": null,
            "revenue": 77813,
            "revenue_4q": null,
            "common_shares": 250000,
            "book_valuer_per_share": 18.03,
            "book_valuer_per_share_4q_avg": 18.23,
            "equity": 450626,
            "current_ratio": 703.5,
            "debt_ratio": 11.63,
            "inventory_turnover_ratio": 0.98,
            "account_receivable_turnover_ratio": 1.49,
            "reinvestment_rate": -15.48,
            "research_to_sale_ratio": 12.89,
            "price_fair": 4.83,
            "eps_avg_yearly": 1.61,
            "eps_latest_yearly": 0.68,
            "eps_growth_yearly": -47.19
        },
        "20201": {
            "year_quarter": 20201,
            "year": 2020,
            "quarter": 1,
            "eps": -0.18,
            "eps_growth_year": null,
            "eps_4q": -0.44,
            "eps_4q_growth_year": -176.9,
            "roe": -1.03,
            "roe_4q": -2.42,
            "gross_profit": 10922,
            "gross_margin": 20.06,
            "gross_margin_4q_avg": 21.74,
            "net_income": -4611,
            "net_income_4q": null,
            "revenue": 54433,
            "revenue_4q": null,
            "common_shares": 250000,
            "book_valuer_per_share": 17.85,
            "book_valuer_per_share_4q_avg": 18.02,
            "equity": 446238,
            "current_ratio": 813.99,
            "debt_ratio": 10.01,
            "inventory_turnover_ratio": 0.7,
            "account_receivable_turnover_ratio": 1.07,
            "reinvestment_rate": -24.21,
            "research_to_sale_ratio": 18.11,
            "price_fair": 3.77,
            "eps_avg_yearly": 1.26,
            "eps_latest_yearly": 0.68,
            "eps_growth_yearly": -41.63
        },
        "20202": {
            "year_quarter": 20202,
            "year": 2020,
            "quarter": 2,
            "eps": -0.42,
            "eps_growth_year": null,
            "eps_4q": -0.8,
            "eps_4q_growth_year": -449.12,
            "roe": -2.37,
            "roe_4q": -4.5,
            "gross_profit": 7242,
            "gross_margin": 16.19,
            "gross_margin_4q_avg": 20.13,
            "net_income": -10449,
            "net_income_4q": null,
            "revenue": 44740,
            "revenue_4q": null,
            "common_shares": 250000,
            "book_valuer_per_share": 17.44,
            "book_valuer_per_share_4q_avg": 17.82,
            "equity": 436011,
            "current_ratio": 1003.41,
            "debt_ratio": 8.08,
            "inventory_turnover_ratio": 0.57,
            "account_receivable_turnover_ratio": 1.33,
            "reinvestment_rate": -51.48,
            "research_to_sale_ratio": 22.97,
            "price_fair": 3.24,
            "eps_avg_yearly": 1.08,
            "eps_latest_yearly": 0.68,
            "eps_growth_yearly": -19.81
        },
        "20203": {
            "year_quarter": 20203,
            "year": 2020,
            "quarter": 3,
            "eps": -0.15,
            "eps_growth_year": null,
            "eps_4q": -0.7,
            "eps_4q_growth_year": null,
            "roe": -0.84,
            "roe_4q": -3.97,
            "gross_profit": 11845,
            "gross_margin": 18.46,
            "gross_margin_4q_avg": 19.29,
            "net_income": -3628,
            "net_income_4q": null,
            "revenue": 64156,
            "revenue_4q": null,
            "common_shares": 250000,
            "book_valuer_per_share": 17.3,
            "book_valuer_per_share_4q_avg": 17.66,
            "equity": 432605,
            "current_ratio": 743.11,
            "debt_ratio": 10.96,
            "inventory_turnover_ratio": 0.75,
            "account_receivable_turnover_ratio": 1.94,
            "reinvestment_rate": -123.56,
            "research_to_sale_ratio": 16.51,
            "price_fair": 2.57,
            "eps_avg_yearly": 0.86,
            "eps_latest_yearly": 0.68,
            "eps_growth_yearly": -19.63
        },
        "20204": {
            "year_quarter": 20204,
            "year": 2020,
            "quarter": 4,
            "eps": 0.01,
            "eps_growth_year": -70.74,
            "eps_4q": -0.73,
            "eps_4q_growth_year": null,
            "roe": 0.08,
            "roe_4q": -4.16,
            "gross_profit": 16399,
            "gross_margin": 23.73,
            "gross_margin_4q_avg": 19.61,
            "net_income": 350,
            "net_income_4q": null,
            "revenue": 69112,
            "revenue_4q": null,
            "common_shares": 250000,
            "book_valuer_per_share": 17.32,
            "book_valuer_per_share_4q_avg": 17.48,
            "equity": 432988,
            "current_ratio": 870.94,
            "debt_ratio": 9.54,
            "inventory_turnover_ratio": 0.8,
            "account_receivable_turnover_ratio": 1.66,
            "reinvestment_rate": -1247.86,
            "research_to_sale_ratio": 13.77,
            "price_fair": 1.83,
            "eps_avg_yearly": 0.61,
            "eps_latest_yearly": 0.68,
            "eps_growth_yearly": -8.17
        },
        "20211": {
            "year_quarter": 20211,
            "year": 2021,
            "quarter": 1,
            "eps": -0.28,
            "eps_growth_year": null,
            "eps_4q": -0.83,
            "eps_4q_growth_year": null,
            "roe": -1.63,
            "roe_4q": -4.76,
            "gross_profit": 8626,
            "gross_margin": 17.7,
            "gross_margin_4q_avg": 19.02,
            "net_income": -6993,
            "net_income_4q": null,
            "revenue": 48736,
            "revenue_4q": null,
            "common_shares": 250000,
            "book_valuer_per_share": 17.04,
            "book_valuer_per_share_4q_avg": 17.28,
            "equity": 426075,
            "current_ratio": 953.89,
            "debt_ratio": 8.68,
            "inventory_turnover_ratio": 0.71,
            "account_receivable_turnover_ratio": 1.32,
            "reinvestment_rate": null,
            "research_to_sale_ratio": 19.66,
            "price_fair": 1.83,
            "eps_avg_yearly": 0.61,
            "eps_latest_yearly": 0.68,
            "eps_growth_yearly": -8.17
        },
        "20212": {
            "year_quarter": 20212,
            "year": 2021,
            "quarter": 2,
            "eps": -0.48,
            "eps_growth_year": null,
            "eps_4q": -0.89,
            "eps_4q_growth_year": null,
            "roe": -2.84,
            "roe_4q": -5.2299999999999995,
            "gross_profit": 8434,
            "gross_margin": 17.97,
            "gross_margin_4q_avg": 19.47,
            "net_income": -11932,
            "net_income_4q": null,
            "revenue": 46938,
            "revenue_4q": null,
            "common_shares": 250000,
            "book_valuer_per_share": 16.57,
            "book_valuer_per_share_4q_avg": 17.06,
            "equity": 414222,
            "current_ratio": 772.2,
            "debt_ratio": 10.55,
            "inventory_turnover_ratio": 0.7,
            "account_receivable_turnover_ratio": 1.57,
            "reinvestment_rate": null,
            "research_to_sale_ratio": 23.08,
            "price_fair": 1.83,
            "eps_avg_yearly": 0.61,
            "eps_latest_yearly": 0.68,
            "eps_growth_yearly": -8.17
        },
        "20213": {
            "year_quarter": 20213,
            "year": 2021,
            "quarter": 3,
            "eps": -0.41,
            "eps_growth_year": null,
            "eps_4q": -1.15,
            "eps_4q_growth_year": null,
            "roe": -2.5,
            "roe_4q": -6.89,
            "gross_profit": 5942,
            "gross_margin": 13.06,
            "gross_margin_4q_avg": 18.12,
            "net_income": -10210,
            "net_income_4q": null,
            "revenue": 45512,
            "revenue_4q": null,
            "common_shares": 250000,
            "book_valuer_per_share": 16.16,
            "book_valuer_per_share_4q_avg": 16.77,
            "equity": 404092,
            "current_ratio": 535.78,
            "debt_ratio": 15.15,
            "inventory_turnover_ratio": 0.58,
            "account_receivable_turnover_ratio": 1.71,
            "reinvestment_rate": null,
            "research_to_sale_ratio": 23.11,
            "price_fair": 21.93,
            "eps_avg_yearly": 0.63,
            "eps_latest_yearly": 0.68,
            "eps_growth_yearly": 37.59
        },
        "20214": {
            "year_quarter": 20214,
            "year": 2021,
            "quarter": 4,
            "eps": -0.34,
            "eps_growth_year": -2535.43,
            "eps_4q": -1.51,
            "eps_4q_growth_year": null,
            "roe": -2.13,
            "roe_4q": -9.1,
            "gross_profit": 10578,
            "gross_margin": 18.05,
            "gross_margin_4q_avg": 16.7,
            "net_income": -8524,
            "net_income_4q": null,
            "revenue": 58607,
            "revenue_4q": null,
            "common_shares": 250000,
            "book_valuer_per_share": 15.83,
            "book_valuer_per_share_4q_avg": 16.4,
            "equity": 395647,
            "current_ratio": 535.81,
            "debt_ratio": 15.1,
            "inventory_turnover_ratio": 0.51,
            "account_receivable_turnover_ratio": 1.63,
            "reinvestment_rate": null,
            "research_to_sale_ratio": 18.15,
            "price_fair": 1.68,
            "eps_avg_yearly": 0.56,
            "eps_latest_yearly": 0.68,
            "eps_growth_yearly": -15.05
        },
        "20221": {
            "year_quarter": 20221,
            "year": 2022,
            "quarter": 1,
            "eps": 0.25,
            "eps_growth_year": null,
            "eps_4q": -0.98,
            "eps_4q_growth_year": null,
            "roe": 1.57,
            "roe_4q": -5.8999999999999995,
            "gross_profit": 15567,
            "gross_margin": 18.43,
            "gross_margin_4q_avg": 16.88,
            "net_income": 6246,
            "net_income_4q": null,
            "revenue": 84457,
            "revenue_4q": null,
            "common_shares": 250000,
            "book_valuer_per_share": 16.08,
            "book_valuer_per_share_4q_avg": 16.16,
            "equity": 401893,
            "current_ratio": 509.62,
            "debt_ratio": 15.8,
            "inventory_turnover_ratio": 0.6,
            "account_receivable_turnover_ratio": 1.64,
            "reinvestment_rate": null,
            "research_to_sale_ratio": 11.74,
            "price_fair": 1.68,
            "eps_avg_yearly": 0.56,
            "eps_latest_yearly": 0.68,
            "eps_growth_yearly": -15.05
        },
        "20222": {
            "year_quarter": 20222,
            "year": 2022,
            "quarter": 2,
            "eps": 0.5,
            "eps_growth_year": null,
            "eps_4q": 0.01,
            "eps_4q_growth_year": null,
            "roe": 3.09,
            "roe_4q": 0.03000000000000025,
            "gross_profit": 22297,
            "gross_margin": 24.42,
            "gross_margin_4q_avg": 18.49,
            "net_income": 12617,
            "net_income_4q": null,
            "revenue": 91302,
            "revenue_4q": null,
            "common_shares": 250000,
            "book_valuer_per_share": 16.58,
            "book_valuer_per_share_4q_avg": 16.16,
            "equity": 414510,
            "current_ratio": 512.7,
            "debt_ratio": 15.87,
            "inventory_turnover_ratio": 0.54,
            "account_receivable_turnover_ratio": 1.47,
            "reinvestment_rate": null,
            "research_to_sale_ratio": 10.37,
            "price_fair": 36.4,
            "eps_avg_yearly": 1.04,
            "eps_latest_yearly": 2,
            "eps_growth_yearly": 123.3
        },
        "20223": {
            "year_quarter": 20223,
            "year": 2022,
            "quarter": 3,
            "eps": 0.17,
            "eps_growth_year": null,
            "eps_4q": 0.59,
            "eps_4q_growth_year": null,
            "roe": 1.03,
            "roe_4q": 3.5600000000000005,
            "gross_profit": 15238,
            "gross_margin": 21.25,
            "gross_margin_4q_avg": 20.54,
            "net_income": 4304,
            "net_income_4q": null,
            "revenue": 71719,
            "revenue_4q": null,
            "common_shares": 250000,
            "book_valuer_per_share": 16.76,
            "book_valuer_per_share_4q_avg": 16.31,
            "equity": 419052,
            "current_ratio": 786.88,
            "debt_ratio": 10.26,
            "inventory_turnover_ratio": 0.43,
            "account_receivable_turnover_ratio": 1.19,
            "reinvestment_rate": null,
            "research_to_sale_ratio": 15.3,
            "price_fair": 39.2,
            "eps_avg_yearly": 1.12,
            "eps_latest_yearly": 0.68,
            "eps_growth_yearly": 118.06
        },
        "20224": {
            "year_quarter": 20224,
            "year": 2022,
            "quarter": 4,
            "eps": -0.03,
            "eps_growth_year": null,
            "eps_4q": 0.9,
            "eps_4q_growth_year": null,
            "roe": -0.16,
            "roe_4q": 5.53,
            "gross_profit": 20656,
            "gross_margin": 23.88,
            "gross_margin_4q_avg": 22,
            "net_income": -669,
            "net_income_4q": null,
            "revenue": 86494,
            "revenue_4q": null,
            "common_shares": 250000,
            "book_valuer_per_share": 16.75,
            "book_valuer_per_share_4q_avg": 16.54,
            "equity": 418705,
            "current_ratio": 758.37,
            "debt_ratio": 10.58,
            "inventory_turnover_ratio": 0.6,
            "account_receivable_turnover_ratio": 1.73,
            "reinvestment_rate": null,
            "research_to_sale_ratio": 13.47,
            "price_fair": 46.9,
            "eps_avg_yearly": 1.34,
            "eps_latest_yearly": 0.68,
            "eps_growth_yearly": 68
        },
        "20231": {
            "year_quarter": 20231,
            "year": 2023,
            "quarter": 1,
            "eps": -0.41,
            "eps_growth_year": -264,
            "eps_4q": 0.24,
            "eps_4q_growth_year": null,
            "roe": -2.49,
            "roe_4q": 1.4699999999999995,
            "gross_profit": 8352,
            "gross_margin": 16.44,
            "gross_margin_4q_avg": 21.5,
            "net_income": -10304,
            "net_income_4q": null,
            "revenue": 50817,
            "revenue_4q": null,
            "common_shares": 250000,
            "book_valuer_per_share": 16.35,
            "book_valuer_per_share_4q_avg": 16.61,
            "equity": 408737,
            "current_ratio": 841.9,
            "debt_ratio": 9.43,
            "inventory_turnover_ratio": 0.44,
            "account_receivable_turnover_ratio": 1.19,
            "reinvestment_rate": null,
            "research_to_sale_ratio": 20.4,
            "price_fair": 46.9,
            "eps_avg_yearly": 1.34,
            "eps_latest_yearly": 0.68,
            "eps_growth_yearly": 68
        },
        "20232": {
            "year_quarter": 20232,
            "year": 2023,
            "quarter": 2,
            "eps": -0.25,
            "eps_growth_year": -150,
            "eps_4q": -0.51,
            "eps_4q_growth_year": -10025.58,
            "roe": -1.52,
            "roe_4q": -3.1399999999999997,
            "gross_profit": 10254,
            "gross_margin": 14.74,
            "gross_margin_4q_avg": 19.08,
            "net_income": -6135,
            "net_income_4q": null,
            "revenue": 69552,
            "revenue_4q": null,
            "common_shares": 250000,
            "book_valuer_per_share": 16,
            "book_valuer_per_share_4q_avg": 16.47,
            "equity": 400118,
            "current_ratio": 787.98,
            "debt_ratio": 10.04,
            "inventory_turnover_ratio": 0.63,
            "account_receivable_turnover_ratio": 1.62,
            "reinvestment_rate": null,
            "research_to_sale_ratio": 15.09,
            "price_fair": 46.9,
            "eps_avg_yearly": 1.34,
            "eps_latest_yearly": 0.68,
            "eps_growth_yearly": 68
        },
        "20233": {
            "year_quarter": 20233,
            "year": 2023,
            "quarter": 3,
            "eps": -0.02,
            "eps_growth_year": -111.76,
            "eps_4q": -0.71,
            "eps_4q_growth_year": -220.64,
            "roe": -0.14,
            "roe_4q": -4.3100000000000005,
            "gross_profit": 13518,
            "gross_margin": 20.22,
            "gross_margin_4q_avg": 18.82,
            "net_income": -558,
            "net_income_4q": null,
            "revenue": 66866,
            "revenue_4q": null,
            "common_shares": 250000,
            "book_valuer_per_share": 16,
            "book_valuer_per_share_4q_avg": 16.28,
            "equity": 399896,
            "current_ratio": 728.8,
            "debt_ratio": 10.91,
            "inventory_turnover_ratio": 0.62,
            "account_receivable_turnover_ratio": 1.44,
            "reinvestment_rate": null,
            "research_to_sale_ratio": 15.96,
            "price_fair": 46.9,
            "eps_avg_yearly": 1.34,
            "eps_latest_yearly": 0.68,
            "eps_growth_yearly": 68
        }
    },
    "months": {
        "2015-02": {
            "month": "2015-02",
            "price": "72.50",
            "revenue": 32664
        },
        "2015-03": {
            "month": "2015-03",
            "price": "77.79",
            "revenue": 58245
        },
        "2015-04": {
            "month": "2015-04",
            "price": "75.98",
            "revenue": 34152
        },
        "2015-05": {
            "month": "2015-05",
            "price": "72.06",
            "revenue": 31304
        },
        "2015-06": {
            "month": "2015-06",
            "price": "62.69",
            "revenue": 33840
        },
        "2015-07": {
            "month": "2015-07",
            "price": "53.40",
            "revenue": 43346
        },
        "2015-08": {
            "month": "2015-08",
            "price": "41.99",
            "revenue": 44559
        },
        "2015-09": {
            "month": "2015-09",
            "price": "43.20",
            "revenue": 50295
        },
        "2015-10": {
            "month": "2015-10",
            "price": "41.96",
            "revenue": 66205
        },
        "2015-11": {
            "month": "2015-11",
            "price": "46.82",
            "revenue": 63760
        },
        "2015-12": {
            "month": "2015-12",
            "price": "51.14",
            "revenue": 58635
        },
        "2016-01": {
            "month": "2016-01",
            "price": "45.38",
            "revenue": 62783
        },
        "2016-02": {
            "month": "2016-02",
            "price": "47.70",
            "revenue": 46421
        },
        "2016-03": {
            "month": "2016-03",
            "price": "46.90",
            "revenue": 66411
        },
        "2016-04": {
            "month": "2016-04",
            "price": "53.22",
            "revenue": 37493
        },
        "2016-05": {
            "month": "2016-05",
            "price": "44.39",
            "revenue": 40914
        },
        "2016-06": {
            "month": "2016-06",
            "price": "44.77",
            "revenue": 27492
        },
        "2016-07": {
            "month": "2016-07",
            "price": "43.02",
            "revenue": 35906
        },
        "2016-08": {
            "month": "2016-08",
            "price": "42.03",
            "revenue": 60312
        },
        "2016-09": {
            "month": "2016-09",
            "price": "41.54",
            "revenue": 50609
        },
        "2016-10": {
            "month": "2016-10",
            "price": "42.14",
            "revenue": 52812
        },
        "2016-11": {
            "month": "2016-11",
            "price": "35.37",
            "revenue": 38096
        },
        "2016-12": {
            "month": "2016-12",
            "price": "31.83",
            "revenue": 25296
        },
        "2017-01": {
            "month": "2017-01",
            "price": "29.51",
            "revenue": 32879
        },
        "2017-02": {
            "month": "2017-02",
            "price": "30.25",
            "revenue": 23524
        },
        "2017-03": {
            "month": "2017-03",
            "price": "31.66",
            "revenue": 36641
        },
        "2017-04": {
            "month": "2017-04",
            "price": "29.18",
            "revenue": 31819
        },
        "2017-05": {
            "month": "2017-05",
            "price": "29.17",
            "revenue": 31215
        },
        "2017-06": {
            "month": "2017-06",
            "price": "28.94",
            "revenue": 32442
        },
        "2017-07": {
            "month": "2017-07",
            "price": "28.05",
            "revenue": 31176
        },
        "2017-08": {
            "month": "2017-08",
            "price": "26.57",
            "revenue": 38213
        },
        "2017-09": {
            "month": "2017-09",
            "price": "24.03",
            "revenue": 39472
        },
        "2017-10": {
            "month": "2017-10",
            "price": "23.19",
            "revenue": 30620
        },
        "2017-11": {
            "month": "2017-11",
            "price": "20.81",
            "revenue": 37770
        },
        "2017-12": {
            "month": "2017-12",
            "price": "20.13",
            "revenue": 55993
        },
        "2018-01": {
            "month": "2018-01",
            "price": "23.72",
            "revenue": 36963
        },
        "2018-02": {
            "month": "2018-02",
            "price": "21.93",
            "revenue": 25930
        },
        "2018-03": {
            "month": "2018-03",
            "price": "21.17",
            "revenue": 37132
        },
        "2018-04": {
            "month": "2018-04",
            "price": "20.74",
            "revenue": 26761
        },
        "2018-05": {
            "month": "2018-05",
            "price": "19.72",
            "revenue": 24520
        },
        "2018-06": {
            "month": "2018-06",
            "price": "19.59",
            "revenue": 29420
        },
        "2018-07": {
            "month": "2018-07",
            "price": "18.33",
            "revenue": 32359
        },
        "2018-08": {
            "month": "2018-08",
            "price": "18.52",
            "revenue": 33349
        },
        "2018-09": {
            "month": "2018-09",
            "price": "18.21",
            "revenue": 28122
        },
        "2018-10": {
            "month": "2018-10",
            "price": "17.50",
            "revenue": 37585
        },
        "2018-11": {
            "month": "2018-11",
            "price": "16.57",
            "revenue": 31717
        },
        "2018-12": {
            "month": "2018-12",
            "price": "16.47",
            "revenue": 44316
        },
        "2019-01": {
            "month": "2019-01",
            "price": "16.31",
            "revenue": 43010
        },
        "2019-02": {
            "month": "2019-02",
            "price": "17.74",
            "revenue": 26440
        },
        "2019-03": {
            "month": "2019-03",
            "price": "17.57",
            "revenue": 22113
        },
        "2019-04": {
            "month": "2019-04",
            "price": "17.43",
            "revenue": 21411
        },
        "2019-05": {
            "month": "2019-05",
            "price": "17.02",
            "revenue": 21792
        },
        "2019-06": {
            "month": "2019-06",
            "price": "16.78",
            "revenue": 20492
        },
        "2019-07": {
            "month": "2019-07",
            "price": "17.11",
            "revenue": 15823
        },
        "2019-08": {
            "month": "2019-08",
            "price": "16.48",
            "revenue": 15576
        },
        "2019-09": {
            "month": "2019-09",
            "price": "16.20",
            "revenue": 22007
        },
        "2019-10": {
            "month": "2019-10",
            "price": "16.12",
            "revenue": 16795
        },
        "2019-11": {
            "month": "2019-11",
            "price": "15.77",
            "revenue": 29838
        },
        "2019-12": {
            "month": "2019-12",
            "price": "15.16",
            "revenue": 31180
        },
        "2020-01": {
            "month": "2020-01",
            "price": "15.16",
            "revenue": 18695
        },
        "2020-02": {
            "month": "2020-02",
            "price": "14.58",
            "revenue": 22789
        },
        "2020-03": {
            "month": "2020-03",
            "price": "12.82",
            "revenue": 12949
        },
        "2020-04": {
            "month": "2020-04",
            "price": "11.68",
            "revenue": 18255
        },
        "2020-05": {
            "month": "2020-05",
            "price": "13.00",
            "revenue": 14456
        },
        "2020-06": {
            "month": "2020-06",
            "price": "13.66",
            "revenue": 12030
        },
        "2020-07": {
            "month": "2020-07",
            "price": "14.16",
            "revenue": 21990
        },
        "2020-08": {
            "month": "2020-08",
            "price": "13.83",
            "revenue": 23752
        },
        "2020-09": {
            "month": "2020-09",
            "price": "14.46",
            "revenue": 18414
        },
        "2020-10": {
            "month": "2020-10",
            "price": "14.64",
            "revenue": 21260
        },
        "2020-11": {
            "month": "2020-11",
            "price": "14.20",
            "revenue": 22248
        },
        "2020-12": {
            "month": "2020-12",
            "price": "14.73",
            "revenue": 25605
        },
        "2021-01": {
            "month": "2021-01",
            "price": "14.60",
            "revenue": 19371
        },
        "2021-02": {
            "month": "2021-02",
            "price": "14.17",
            "revenue": 11343
        },
        "2021-03": {
            "month": "2021-03",
            "price": "16.97",
            "revenue": 18022
        },
        "2021-04": {
            "month": "2021-04",
            "price": "17.97",
            "revenue": 13033
        },
        "2021-05": {
            "month": "2021-05",
            "price": "17.50",
            "revenue": 13911
        },
        "2021-06": {
            "month": "2021-06",
            "price": "16.71",
            "revenue": 19994
        },
        "2021-07": {
            "month": "2021-07",
            "price": "17.26",
            "revenue": 13564
        },
        "2021-08": {
            "month": "2021-08",
            "price": "17.11",
            "revenue": 14391
        },
        "2021-09": {
            "month": "2021-09",
            "price": "16.77",
            "revenue": 17558
        },
        "2021-10": {
            "month": "2021-10",
            "price": "16.40",
            "revenue": 13688
        },
        "2021-11": {
            "month": "2021-11",
            "price": "17.49",
            "revenue": 13798
        },
        "2021-12": {
            "month": "2021-12",
            "price": "18.18",
            "revenue": 31121
        },
        "2022-01": {
            "month": "2022-01",
            "price": "17.40",
            "revenue": 36230
        },
        "2022-02": {
            "month": "2022-02",
            "price": "18.78",
            "revenue": 22339
        },
        "2022-03": {
            "month": "2022-03",
            "price": "18.87",
            "revenue": 25888
        },
        "2022-04": {
            "month": "2022-04",
            "price": "17.88",
            "revenue": 32780
        },
        "2022-05": {
            "month": "2022-05",
            "price": "17.73",
            "revenue": 22502
        },
        "2022-06": {
            "month": "2022-06",
            "price": "18.80",
            "revenue": 36019
        },
        "2022-07": {
            "month": "2022-07",
            "price": "18.67",
            "revenue": 21998
        },
        "2022-08": {
            "month": "2022-08",
            "price": "26.31",
            "revenue": 26738
        },
        "2022-09": {
            "month": "2022-09",
            "price": "22.84",
            "revenue": 22982
        },
        "2022-10": {
            "month": "2022-10",
            "price": "20.62",
            "revenue": 37990
        },
        "2022-11": {
            "month": "2022-11",
            "price": "22.72",
            "revenue": 21265
        },
        "2022-12": {
            "month": "2022-12",
            "price": "24.48",
            "revenue": 27239
        },
        "2023-01": {
            "month": "2023-01",
            "price": "23.89",
            "revenue": 11748
        },
        "2023-02": {
            "month": "2023-02",
            "price": "22.22",
            "revenue": 17511
        },
        "2023-03": {
            "month": "2023-03",
            "price": "21.30",
            "revenue": 21558
        },
        "2023-04": {
            "month": "2023-04",
            "price": "21.04",
            "revenue": 11880
        },
        "2023-05": {
            "month": "2023-05",
            "price": "20.13",
            "revenue": 31454
        },
        "2023-06": {
            "month": "2023-06",
            "price": "20.95",
            "revenue": 26218
        },
        "2023-07": {
            "month": "2023-07",
            "price": "21.14",
            "revenue": 24873
        },
        "2023-08": {
            "month": "2023-08",
            "price": "20.84",
            "revenue": 26204
        },
        "2023-09": {
            "month": "2023-09",
            "price": "20.47",
            "revenue": 15788
        },
        "2023-10": {
            "month": "2023-10",
            "price": "19.81",
            "revenue": 23565
        },
        "2023-11": {
            "month": "2023-11",
            "price": "19.81",
            "revenue": 11139
        },
        "2023-12": {
            "month": "2023-12",
            "price": "21.03",
            "revenue": 17570
        }
    }
}
