{
    "summary": {
        "stock_name": "芮特-KY",
        "stock_id": "6514",
        "category": "通信網路",
        "main_business": "銷售及設計生產各式天線、射頻線與射頻連接器等電子元器件。",
        "website_url": "http://www.rt-inc.com",
        "ceo": "吳東義",
        "pe_ratio": 23,
        "report_year_from": 2013,
        "report_year_to": 2023,
        "age": 11,
        "eps_negative_percentage": 0,
        "eps_growth_avg": {
            "last_all": 5.54,
            "last_2y": 10.47,
            "last_4y": 11.14,
            "last_8y": null,
            "last_12y": null,
            "last_16y": null,
            "last_20y": null,
            "at_2006_last_3y": null,
            "at_2007_last_3y": null,
            "at_2008_last_3y": null,
            "at_2009_last_3y": null,
            "at_2010_last_3y": null,
            "at_2011_last_3y": null,
            "at_2012_last_3y": null,
            "at_2013_last_3y": null,
            "at_2014_last_3y": null,
            "at_2015_last_3y": null,
            "at_2016_last_3y": null,
            "at_2017_last_3y": null,
            "at_2018_last_3y": null,
            "at_2019_last_3y": 17.78,
            "at_2020_last_3y": 16.01,
            "at_2021_last_3y": 29.59,
            "at_2022_last_3y": 27.1,
            "at_2023_last_3y": -6.7,
            "at_2024_last_3y": -6.7,
            "at_2006_last_all": null,
            "at_2007_last_all": null,
            "at_2008_last_all": null,
            "at_2009_last_all": null,
            "at_2010_last_all": null,
            "at_2011_last_all": null,
            "at_2012_last_all": null,
            "at_2013_last_all": null,
            "at_2014_last_all": null,
            "at_2015_last_all": null,
            "at_2016_last_all": null,
            "at_2017_last_all": -28.55,
            "at_2018_last_all": -3.79,
            "at_2019_last_all": 17.78,
            "at_2020_last_all": 2.59,
            "at_2021_last_all": 10.21,
            "at_2022_last_all": 13.87,
            "at_2023_last_all": 5.54,
            "at_2024_last_all": 5.54
        },
        "latest_eps": 2.31,
        "latest_price": 53.6,
        "latest_roe": 10.35,
        "latest_gross_margin": 30.02,
        "latest_equity": 653087,
        "latest_revenue": 111714,
        "latest_gross_profit": 33531,
        "latest_net_income": 15191,
        "latest_debt_ratio": 21.33,
        "latest_current_ratio": 506.52,
        "latest_account_receivable_turnover_ratio": 1.14,
        "latest_inventory_turnover_ratio": 1.33,
        "latest_reinvestment_rate": -59.65,
        "latest_research_to_sale_ratio": 5.01
    },
    "eps_dividends": {
        "2001": {
            "cash": 0,
            "stock": 0,
            "eps": 0
        },
        "2002": {
            "cash": 0,
            "stock": 0,
            "eps": 0
        },
        "2003": {
            "cash": 0,
            "stock": 0,
            "eps": 0
        },
        "2004": {
            "cash": 0,
            "stock": 0,
            "eps": 0
        },
        "2005": {
            "cash": 0,
            "stock": 0,
            "eps": 0
        },
        "2006": {
            "cash": 0,
            "stock": 0,
            "eps": 0
        },
        "2007": {
            "cash": 0,
            "stock": 0,
            "eps": 0
        },
        "2008": {
            "cash": 0,
            "stock": 0,
            "eps": 0
        },
        "2009": {
            "cash": 0,
            "stock": 0,
            "eps": 0
        },
        "2010": {
            "cash": 0,
            "stock": 0,
            "eps": 0
        },
        "2011": {
            "cash": 0,
            "stock": 0,
            "eps": 0
        },
        "2012": {
            "cash": 0,
            "stock": 0,
            "eps": 0
        },
        "2013": {
            "cash": 0,
            "stock": 0,
            "eps": 0
        },
        "2014": {
            "cash": 0,
            "stock": 0,
            "eps": 0
        },
        "2015": {
            "cash": 0,
            "stock": 0,
            "eps": 4.09
        },
        "2016": {
            "cash": 1.9,
            "stock": 1,
            "eps": 2
        },
        "2017": {
            "cash": 0.3,
            "stock": 1.5,
            "eps": 1.88
        },
        "2018": {
            "cash": 1.4,
            "stock": 0,
            "eps": 2.74
        },
        "2019": {
            "cash": 0.28,
            "stock": 2.22,
            "eps": 5
        },
        "2020": {
            "cash": 3,
            "stock": 0,
            "eps": 2.09
        },
        "2021": {
            "cash": 3.5,
            "stock": 0,
            "eps": 3.1
        },
        "2022": {
            "cash": 3.2,
            "stock": 0,
            "eps": 4.21
        },
        "2023": {
            "cash": 3.5,
            "stock": 0,
            "eps": 1.99
        }
    },
    "dividends": {
        "2016-08-12": {
            "cash": 1.9,
            "stock": 1
        },
        "2017-08-08": {
            "cash": 0.3,
            "stock": 1.5
        },
        "2018-08-13": {
            "cash": 1.4,
            "stock": 0
        },
        "2019-08-20": {
            "cash": 0.28,
            "stock": 2.22
        },
        "2020-08-11": {
            "cash": 3,
            "stock": 0
        },
        "2021-08-20": {
            "cash": 3.5,
            "stock": 0
        },
        "2022-07-29": {
            "cash": 3.2,
            "stock": 0
        },
        "2023-08-10": {
            "cash": 3.5,
            "stock": 0
        }
    },
    "prices": {
        "200101": "無",
        "200102": "無",
        "200103": "無",
        "200104": "無",
        "200105": "無",
        "200106": "無",
        "200107": "無",
        "200108": "無",
        "200109": "無",
        "200110": "無",
        "200111": "無",
        "200112": "無",
        "200201": "無",
        "200202": "無",
        "200203": "無",
        "200204": "無",
        "200205": "無",
        "200206": "無",
        "200207": "無",
        "200208": "無",
        "200209": "無",
        "200210": "無",
        "200211": "無",
        "200212": "無",
        "200301": "無",
        "200302": "無",
        "200303": "無",
        "200304": "無",
        "200305": "無",
        "200306": "無",
        "200307": "無",
        "200308": "無",
        "200309": "無",
        "200310": "無",
        "200311": "無",
        "200312": "無",
        "200401": "無",
        "200402": "無",
        "200403": "無",
        "200404": "無",
        "200405": "無",
        "200406": "無",
        "200407": "無",
        "200408": "無",
        "200409": "無",
        "200410": "無",
        "200411": "無",
        "200412": "無",
        "200501": "無",
        "200502": "無",
        "200503": "無",
        "200504": "無",
        "200505": "無",
        "200506": "無",
        "200507": "無",
        "200508": "無",
        "200509": "無",
        "200510": "無",
        "200511": "無",
        "200512": "無",
        "200601": "無",
        "200602": "無",
        "200603": "無",
        "200604": "無",
        "200605": "無",
        "200606": "無",
        "200607": "無",
        "200608": "無",
        "200609": "無",
        "200610": "無",
        "200611": "無",
        "200612": "無",
        "200701": "無",
        "200702": "無",
        "200703": "無",
        "200704": "無",
        "200705": "無",
        "200706": "無",
        "200707": "無",
        "200708": "無",
        "200709": "無",
        "200710": "無",
        "200711": "無",
        "200712": "無",
        "200801": "無",
        "200802": "無",
        "200803": "無",
        "200804": "無",
        "200805": "無",
        "200806": "無",
        "200807": "無",
        "200808": "無",
        "200809": "無",
        "200810": "無",
        "200811": "無",
        "200812": "無",
        "200901": "無",
        "200902": "無",
        "200903": "無",
        "200904": "無",
        "200905": "無",
        "200906": "無",
        "200907": "無",
        "200908": "無",
        "200909": "無",
        "200910": "無",
        "200911": "無",
        "200912": "無",
        "201001": "無",
        "201002": "無",
        "201003": "無",
        "201004": "無",
        "201005": "無",
        "201006": "無",
        "201007": "無",
        "201008": "無",
        "201009": "無",
        "201010": "無",
        "201011": "無",
        "201012": "無",
        "201101": "無",
        "201102": "無",
        "201103": "無",
        "201104": "無",
        "201105": "無",
        "201106": "無",
        "201107": "無",
        "201108": "無",
        "201109": "無",
        "201110": "無",
        "201111": "無",
        "201112": "無",
        "201201": "無",
        "201202": "無",
        "201203": "無",
        "201204": "無",
        "201205": "無",
        "201206": "無",
        "201207": "無",
        "201208": "無",
        "201209": "無",
        "201210": "無",
        "201211": "無",
        "201212": "無",
        "201301": "無",
        "201302": "無",
        "201303": "無",
        "201304": "無",
        "201305": "無",
        "201306": "無",
        "201307": "無",
        "201308": "無",
        "201309": "無",
        "201310": "無",
        "201311": "無",
        "201312": "無",
        "201401": "無",
        "201402": "無",
        "201403": "無",
        "201404": "無",
        "201405": "無",
        "201406": "無",
        "201407": "無",
        "201408": "無",
        "201409": "無",
        "201410": "無",
        "201411": "無",
        "201412": "無",
        "201501": "無",
        "201502": "無",
        "201503": "無",
        "201504": "無",
        "201505": "無",
        "201506": "無",
        "201507": "無",
        "201508": "無",
        "201509": "無",
        "201510": "無",
        "201511": "無",
        "201512": "78.44",
        "201601": "63.66",
        "201602": "68.45",
        "201603": "66.52",
        "201604": "59.84",
        "201605": "45.22",
        "201606": "45.81",
        "201607": "41.50",
        "201608": "38.23",
        "201609": "35.73",
        "201610": "32.11",
        "201611": "34.25",
        "201612": "37.33",
        "201701": "39.29",
        "201702": "40.03",
        "201703": "39.72",
        "201704": "42.52",
        "201705": "42.66",
        "201706": "46.65",
        "201707": "44.80",
        "201708": "41.47",
        "201709": "40.18",
        "201710": "38.68",
        "201711": "35.09",
        "201712": "33.60",
        "201801": "32.47",
        "201802": "31.79",
        "201803": "31.74",
        "201804": "30.53",
        "201805": "27.52",
        "201806": "30.91",
        "201807": "33.97",
        "201808": "37.19",
        "201809": "39.29",
        "201810": "37.46",
        "201811": "38.23",
        "201812": "38.35",
        "201901": "38.36",
        "201902": "38.83",
        "201903": "42.31",
        "201904": "56.05",
        "201905": "61.53",
        "201906": "59.86",
        "201907": "59.54",
        "201908": "57.43",
        "201909": "69.73",
        "201910": "74.31",
        "201911": "72.19",
        "201912": "73.66",
        "202001": "68.58",
        "202002": "61.93",
        "202003": "48.33",
        "202004": "52.66",
        "202005": "60.60",
        "202006": "63.62",
        "202007": "65.86",
        "202008": "57.60",
        "202009": "51.21",
        "202010": "48.88",
        "202011": "46.64",
        "202012": "47.30",
        "202101": "44.93",
        "202102": "44.44",
        "202103": "47.23",
        "202104": "50.02",
        "202105": "45.30",
        "202106": "47.18",
        "202107": "47.15",
        "202108": "42.50",
        "202109": "42.15",
        "202110": "42.52",
        "202111": "55.82",
        "202112": "76.22",
        "202201": "69.44",
        "202202": "62.50",
        "202203": "63.53",
        "202204": "69.52",
        "202205": "64.46",
        "202206": "68.34",
        "202207": "59.59",
        "202208": "65.30",
        "202209": "59.09",
        "202210": "48.99",
        "202211": "53.83",
        "202212": "53.58",
        "202301": "50.62",
        "202302": "54.65",
        "202303": "58.22",
        "202304": "59.81",
        "202305": "57.87",
        "202306": "57.24",
        "202307": "52.99",
        "202308": "49.66",
        "202309": "49.32",
        "202310": "48.95",
        "202311": "50.65",
        "202312": "51.75"
    },
    "quarters": {
        "20011": {
            "year_quarter": 20011,
            "year": 2001,
            "quarter": 1,
            "eps": null,
            "eps_growth_year": null,
            "eps_4q": null,
            "eps_4q_growth_year": null,
            "roe": null,
            "roe_4q": 0,
            "gross_profit": null,
            "gross_margin": null,
            "gross_margin_4q_avg": 0,
            "net_income": null,
            "net_income_4q": null,
            "revenue": null,
            "revenue_4q": null,
            "common_shares": null,
            "book_valuer_per_share": null,
            "book_valuer_per_share_4q_avg": 0,
            "equity": null,
            "current_ratio": null,
            "debt_ratio": null,
            "inventory_turnover_ratio": null,
            "account_receivable_turnover_ratio": null,
            "reinvestment_rate": null,
            "research_to_sale_ratio": null,
            "price_fair": 0,
            "eps_avg_yearly": 0,
            "eps_latest_yearly": 0,
            "eps_growth_yearly": 0
        },
        "20012": {
            "year_quarter": 20012,
            "year": 2001,
            "quarter": 2,
            "eps": null,
            "eps_growth_year": null,
            "eps_4q": null,
            "eps_4q_growth_year": null,
            "roe": null,
            "roe_4q": 0,
            "gross_profit": null,
            "gross_margin": null,
            "gross_margin_4q_avg": 0,
            "net_income": null,
            "net_income_4q": null,
            "revenue": null,
            "revenue_4q": null,
            "common_shares": null,
            "book_valuer_per_share": null,
            "book_valuer_per_share_4q_avg": 0,
            "equity": null,
            "current_ratio": null,
            "debt_ratio": null,
            "inventory_turnover_ratio": null,
            "account_receivable_turnover_ratio": null,
            "reinvestment_rate": null,
            "research_to_sale_ratio": null,
            "price_fair": 0,
            "eps_avg_yearly": 0,
            "eps_latest_yearly": 0,
            "eps_growth_yearly": 0
        },
        "20013": {
            "year_quarter": 20013,
            "year": 2001,
            "quarter": 3,
            "eps": null,
            "eps_growth_year": null,
            "eps_4q": null,
            "eps_4q_growth_year": null,
            "roe": null,
            "roe_4q": 0,
            "gross_profit": null,
            "gross_margin": null,
            "gross_margin_4q_avg": 0,
            "net_income": null,
            "net_income_4q": null,
            "revenue": null,
            "revenue_4q": null,
            "common_shares": null,
            "book_valuer_per_share": null,
            "book_valuer_per_share_4q_avg": 0,
            "equity": null,
            "current_ratio": null,
            "debt_ratio": null,
            "inventory_turnover_ratio": null,
            "account_receivable_turnover_ratio": null,
            "reinvestment_rate": null,
            "research_to_sale_ratio": null,
            "price_fair": 0,
            "eps_avg_yearly": 0,
            "eps_latest_yearly": 0,
            "eps_growth_yearly": 0
        },
        "20014": {
            "year_quarter": 20014,
            "year": 2001,
            "quarter": 4,
            "eps": null,
            "eps_growth_year": null,
            "eps_4q": null,
            "eps_4q_growth_year": null,
            "roe": null,
            "roe_4q": 0,
            "gross_profit": null,
            "gross_margin": null,
            "gross_margin_4q_avg": 0,
            "net_income": null,
            "net_income_4q": null,
            "revenue": null,
            "revenue_4q": null,
            "common_shares": null,
            "book_valuer_per_share": null,
            "book_valuer_per_share_4q_avg": 0,
            "equity": null,
            "current_ratio": null,
            "debt_ratio": null,
            "inventory_turnover_ratio": null,
            "account_receivable_turnover_ratio": null,
            "reinvestment_rate": null,
            "research_to_sale_ratio": null,
            "price_fair": 0,
            "eps_avg_yearly": 0,
            "eps_latest_yearly": 0,
            "eps_growth_yearly": 0
        },
        "20021": {
            "year_quarter": 20021,
            "year": 2002,
            "quarter": 1,
            "eps": null,
            "eps_growth_year": null,
            "eps_4q": null,
            "eps_4q_growth_year": null,
            "roe": null,
            "roe_4q": 0,
            "gross_profit": null,
            "gross_margin": null,
            "gross_margin_4q_avg": 0,
            "net_income": null,
            "net_income_4q": null,
            "revenue": null,
            "revenue_4q": null,
            "common_shares": null,
            "book_valuer_per_share": null,
            "book_valuer_per_share_4q_avg": 0,
            "equity": null,
            "current_ratio": null,
            "debt_ratio": null,
            "inventory_turnover_ratio": null,
            "account_receivable_turnover_ratio": null,
            "reinvestment_rate": null,
            "research_to_sale_ratio": null,
            "price_fair": 0,
            "eps_avg_yearly": 0,
            "eps_latest_yearly": 0,
            "eps_growth_yearly": 0
        },
        "20022": {
            "year_quarter": 20022,
            "year": 2002,
            "quarter": 2,
            "eps": null,
            "eps_growth_year": null,
            "eps_4q": null,
            "eps_4q_growth_year": null,
            "roe": null,
            "roe_4q": 0,
            "gross_profit": null,
            "gross_margin": null,
            "gross_margin_4q_avg": 0,
            "net_income": null,
            "net_income_4q": null,
            "revenue": null,
            "revenue_4q": null,
            "common_shares": null,
            "book_valuer_per_share": null,
            "book_valuer_per_share_4q_avg": 0,
            "equity": null,
            "current_ratio": null,
            "debt_ratio": null,
            "inventory_turnover_ratio": null,
            "account_receivable_turnover_ratio": null,
            "reinvestment_rate": null,
            "research_to_sale_ratio": null,
            "price_fair": 0,
            "eps_avg_yearly": 0,
            "eps_latest_yearly": 0,
            "eps_growth_yearly": 0
        },
        "20023": {
            "year_quarter": 20023,
            "year": 2002,
            "quarter": 3,
            "eps": null,
            "eps_growth_year": null,
            "eps_4q": null,
            "eps_4q_growth_year": null,
            "roe": null,
            "roe_4q": 0,
            "gross_profit": null,
            "gross_margin": null,
            "gross_margin_4q_avg": 0,
            "net_income": null,
            "net_income_4q": null,
            "revenue": null,
            "revenue_4q": null,
            "common_shares": null,
            "book_valuer_per_share": null,
            "book_valuer_per_share_4q_avg": 0,
            "equity": null,
            "current_ratio": null,
            "debt_ratio": null,
            "inventory_turnover_ratio": null,
            "account_receivable_turnover_ratio": null,
            "reinvestment_rate": null,
            "research_to_sale_ratio": null,
            "price_fair": 0,
            "eps_avg_yearly": 0,
            "eps_latest_yearly": 0,
            "eps_growth_yearly": 0
        },
        "20024": {
            "year_quarter": 20024,
            "year": 2002,
            "quarter": 4,
            "eps": null,
            "eps_growth_year": null,
            "eps_4q": null,
            "eps_4q_growth_year": null,
            "roe": null,
            "roe_4q": 0,
            "gross_profit": null,
            "gross_margin": null,
            "gross_margin_4q_avg": 0,
            "net_income": null,
            "net_income_4q": null,
            "revenue": null,
            "revenue_4q": null,
            "common_shares": null,
            "book_valuer_per_share": null,
            "book_valuer_per_share_4q_avg": 0,
            "equity": null,
            "current_ratio": null,
            "debt_ratio": null,
            "inventory_turnover_ratio": null,
            "account_receivable_turnover_ratio": null,
            "reinvestment_rate": null,
            "research_to_sale_ratio": null,
            "price_fair": 0,
            "eps_avg_yearly": 0,
            "eps_latest_yearly": 0,
            "eps_growth_yearly": 0
        },
        "20031": {
            "year_quarter": 20031,
            "year": 2003,
            "quarter": 1,
            "eps": null,
            "eps_growth_year": null,
            "eps_4q": null,
            "eps_4q_growth_year": null,
            "roe": null,
            "roe_4q": 0,
            "gross_profit": null,
            "gross_margin": null,
            "gross_margin_4q_avg": 0,
            "net_income": null,
            "net_income_4q": null,
            "revenue": null,
            "revenue_4q": null,
            "common_shares": null,
            "book_valuer_per_share": null,
            "book_valuer_per_share_4q_avg": 0,
            "equity": null,
            "current_ratio": null,
            "debt_ratio": null,
            "inventory_turnover_ratio": null,
            "account_receivable_turnover_ratio": null,
            "reinvestment_rate": null,
            "research_to_sale_ratio": null,
            "price_fair": 0,
            "eps_avg_yearly": 0,
            "eps_latest_yearly": 0,
            "eps_growth_yearly": 0
        },
        "20032": {
            "year_quarter": 20032,
            "year": 2003,
            "quarter": 2,
            "eps": null,
            "eps_growth_year": null,
            "eps_4q": null,
            "eps_4q_growth_year": null,
            "roe": null,
            "roe_4q": 0,
            "gross_profit": null,
            "gross_margin": null,
            "gross_margin_4q_avg": 0,
            "net_income": null,
            "net_income_4q": null,
            "revenue": null,
            "revenue_4q": null,
            "common_shares": null,
            "book_valuer_per_share": null,
            "book_valuer_per_share_4q_avg": 0,
            "equity": null,
            "current_ratio": null,
            "debt_ratio": null,
            "inventory_turnover_ratio": null,
            "account_receivable_turnover_ratio": null,
            "reinvestment_rate": null,
            "research_to_sale_ratio": null,
            "price_fair": 0,
            "eps_avg_yearly": 0,
            "eps_latest_yearly": 0,
            "eps_growth_yearly": 0
        },
        "20033": {
            "year_quarter": 20033,
            "year": 2003,
            "quarter": 3,
            "eps": null,
            "eps_growth_year": null,
            "eps_4q": null,
            "eps_4q_growth_year": null,
            "roe": null,
            "roe_4q": 0,
            "gross_profit": null,
            "gross_margin": null,
            "gross_margin_4q_avg": 0,
            "net_income": null,
            "net_income_4q": null,
            "revenue": null,
            "revenue_4q": null,
            "common_shares": null,
            "book_valuer_per_share": null,
            "book_valuer_per_share_4q_avg": 0,
            "equity": null,
            "current_ratio": null,
            "debt_ratio": null,
            "inventory_turnover_ratio": null,
            "account_receivable_turnover_ratio": null,
            "reinvestment_rate": null,
            "research_to_sale_ratio": null,
            "price_fair": 0,
            "eps_avg_yearly": 0,
            "eps_latest_yearly": 0,
            "eps_growth_yearly": 0
        },
        "20034": {
            "year_quarter": 20034,
            "year": 2003,
            "quarter": 4,
            "eps": null,
            "eps_growth_year": null,
            "eps_4q": null,
            "eps_4q_growth_year": null,
            "roe": null,
            "roe_4q": 0,
            "gross_profit": null,
            "gross_margin": null,
            "gross_margin_4q_avg": 0,
            "net_income": null,
            "net_income_4q": null,
            "revenue": null,
            "revenue_4q": null,
            "common_shares": null,
            "book_valuer_per_share": null,
            "book_valuer_per_share_4q_avg": 0,
            "equity": null,
            "current_ratio": null,
            "debt_ratio": null,
            "inventory_turnover_ratio": null,
            "account_receivable_turnover_ratio": null,
            "reinvestment_rate": null,
            "research_to_sale_ratio": null,
            "price_fair": 0,
            "eps_avg_yearly": 0,
            "eps_latest_yearly": 0,
            "eps_growth_yearly": 0
        },
        "20041": {
            "year_quarter": 20041,
            "year": 2004,
            "quarter": 1,
            "eps": null,
            "eps_growth_year": null,
            "eps_4q": null,
            "eps_4q_growth_year": null,
            "roe": null,
            "roe_4q": 0,
            "gross_profit": null,
            "gross_margin": null,
            "gross_margin_4q_avg": 0,
            "net_income": null,
            "net_income_4q": null,
            "revenue": null,
            "revenue_4q": null,
            "common_shares": null,
            "book_valuer_per_share": null,
            "book_valuer_per_share_4q_avg": 0,
            "equity": null,
            "current_ratio": null,
            "debt_ratio": null,
            "inventory_turnover_ratio": null,
            "account_receivable_turnover_ratio": null,
            "reinvestment_rate": null,
            "research_to_sale_ratio": null,
            "price_fair": 0,
            "eps_avg_yearly": 0,
            "eps_latest_yearly": 0,
            "eps_growth_yearly": 0
        },
        "20042": {
            "year_quarter": 20042,
            "year": 2004,
            "quarter": 2,
            "eps": null,
            "eps_growth_year": null,
            "eps_4q": null,
            "eps_4q_growth_year": null,
            "roe": null,
            "roe_4q": 0,
            "gross_profit": null,
            "gross_margin": null,
            "gross_margin_4q_avg": 0,
            "net_income": null,
            "net_income_4q": null,
            "revenue": null,
            "revenue_4q": null,
            "common_shares": null,
            "book_valuer_per_share": null,
            "book_valuer_per_share_4q_avg": 0,
            "equity": null,
            "current_ratio": null,
            "debt_ratio": null,
            "inventory_turnover_ratio": null,
            "account_receivable_turnover_ratio": null,
            "reinvestment_rate": null,
            "research_to_sale_ratio": null,
            "price_fair": 0,
            "eps_avg_yearly": 0,
            "eps_latest_yearly": 0,
            "eps_growth_yearly": 0
        },
        "20043": {
            "year_quarter": 20043,
            "year": 2004,
            "quarter": 3,
            "eps": null,
            "eps_growth_year": null,
            "eps_4q": null,
            "eps_4q_growth_year": null,
            "roe": null,
            "roe_4q": 0,
            "gross_profit": null,
            "gross_margin": null,
            "gross_margin_4q_avg": 0,
            "net_income": null,
            "net_income_4q": null,
            "revenue": null,
            "revenue_4q": null,
            "common_shares": null,
            "book_valuer_per_share": null,
            "book_valuer_per_share_4q_avg": 0,
            "equity": null,
            "current_ratio": null,
            "debt_ratio": null,
            "inventory_turnover_ratio": null,
            "account_receivable_turnover_ratio": null,
            "reinvestment_rate": null,
            "research_to_sale_ratio": null,
            "price_fair": 0,
            "eps_avg_yearly": 0,
            "eps_latest_yearly": 0,
            "eps_growth_yearly": 0
        },
        "20044": {
            "year_quarter": 20044,
            "year": 2004,
            "quarter": 4,
            "eps": null,
            "eps_growth_year": null,
            "eps_4q": null,
            "eps_4q_growth_year": null,
            "roe": null,
            "roe_4q": 0,
            "gross_profit": null,
            "gross_margin": null,
            "gross_margin_4q_avg": 0,
            "net_income": null,
            "net_income_4q": null,
            "revenue": null,
            "revenue_4q": null,
            "common_shares": null,
            "book_valuer_per_share": null,
            "book_valuer_per_share_4q_avg": 0,
            "equity": null,
            "current_ratio": null,
            "debt_ratio": null,
            "inventory_turnover_ratio": null,
            "account_receivable_turnover_ratio": null,
            "reinvestment_rate": null,
            "research_to_sale_ratio": null,
            "price_fair": 0,
            "eps_avg_yearly": 0,
            "eps_latest_yearly": 0,
            "eps_growth_yearly": 0
        },
        "20051": {
            "year_quarter": 20051,
            "year": 2005,
            "quarter": 1,
            "eps": null,
            "eps_growth_year": null,
            "eps_4q": null,
            "eps_4q_growth_year": null,
            "roe": null,
            "roe_4q": 0,
            "gross_profit": null,
            "gross_margin": null,
            "gross_margin_4q_avg": 0,
            "net_income": null,
            "net_income_4q": null,
            "revenue": null,
            "revenue_4q": null,
            "common_shares": null,
            "book_valuer_per_share": null,
            "book_valuer_per_share_4q_avg": 0,
            "equity": null,
            "current_ratio": null,
            "debt_ratio": null,
            "inventory_turnover_ratio": null,
            "account_receivable_turnover_ratio": null,
            "reinvestment_rate": null,
            "research_to_sale_ratio": null,
            "price_fair": 0,
            "eps_avg_yearly": 0,
            "eps_latest_yearly": 0,
            "eps_growth_yearly": 0
        },
        "20052": {
            "year_quarter": 20052,
            "year": 2005,
            "quarter": 2,
            "eps": null,
            "eps_growth_year": null,
            "eps_4q": null,
            "eps_4q_growth_year": null,
            "roe": null,
            "roe_4q": 0,
            "gross_profit": null,
            "gross_margin": null,
            "gross_margin_4q_avg": 0,
            "net_income": null,
            "net_income_4q": null,
            "revenue": null,
            "revenue_4q": null,
            "common_shares": null,
            "book_valuer_per_share": null,
            "book_valuer_per_share_4q_avg": 0,
            "equity": null,
            "current_ratio": null,
            "debt_ratio": null,
            "inventory_turnover_ratio": null,
            "account_receivable_turnover_ratio": null,
            "reinvestment_rate": null,
            "research_to_sale_ratio": null,
            "price_fair": 0,
            "eps_avg_yearly": 0,
            "eps_latest_yearly": 0,
            "eps_growth_yearly": 0
        },
        "20053": {
            "year_quarter": 20053,
            "year": 2005,
            "quarter": 3,
            "eps": null,
            "eps_growth_year": null,
            "eps_4q": null,
            "eps_4q_growth_year": null,
            "roe": null,
            "roe_4q": 0,
            "gross_profit": null,
            "gross_margin": null,
            "gross_margin_4q_avg": 0,
            "net_income": null,
            "net_income_4q": null,
            "revenue": null,
            "revenue_4q": null,
            "common_shares": null,
            "book_valuer_per_share": null,
            "book_valuer_per_share_4q_avg": 0,
            "equity": null,
            "current_ratio": null,
            "debt_ratio": null,
            "inventory_turnover_ratio": null,
            "account_receivable_turnover_ratio": null,
            "reinvestment_rate": null,
            "research_to_sale_ratio": null,
            "price_fair": 0,
            "eps_avg_yearly": 0,
            "eps_latest_yearly": 0,
            "eps_growth_yearly": 0
        },
        "20054": {
            "year_quarter": 20054,
            "year": 2005,
            "quarter": 4,
            "eps": null,
            "eps_growth_year": null,
            "eps_4q": null,
            "eps_4q_growth_year": null,
            "roe": null,
            "roe_4q": 0,
            "gross_profit": null,
            "gross_margin": null,
            "gross_margin_4q_avg": 0,
            "net_income": null,
            "net_income_4q": null,
            "revenue": null,
            "revenue_4q": null,
            "common_shares": null,
            "book_valuer_per_share": null,
            "book_valuer_per_share_4q_avg": 0,
            "equity": null,
            "current_ratio": null,
            "debt_ratio": null,
            "inventory_turnover_ratio": null,
            "account_receivable_turnover_ratio": null,
            "reinvestment_rate": null,
            "research_to_sale_ratio": null,
            "price_fair": 0,
            "eps_avg_yearly": 0,
            "eps_latest_yearly": 0,
            "eps_growth_yearly": 0
        },
        "20061": {
            "year_quarter": 20061,
            "year": 2006,
            "quarter": 1,
            "eps": null,
            "eps_growth_year": null,
            "eps_4q": null,
            "eps_4q_growth_year": null,
            "roe": null,
            "roe_4q": 0,
            "gross_profit": null,
            "gross_margin": null,
            "gross_margin_4q_avg": 0,
            "net_income": null,
            "net_income_4q": null,
            "revenue": null,
            "revenue_4q": null,
            "common_shares": null,
            "book_valuer_per_share": null,
            "book_valuer_per_share_4q_avg": 0,
            "equity": null,
            "current_ratio": null,
            "debt_ratio": null,
            "inventory_turnover_ratio": null,
            "account_receivable_turnover_ratio": null,
            "reinvestment_rate": null,
            "research_to_sale_ratio": null,
            "price_fair": 0,
            "eps_avg_yearly": 0,
            "eps_latest_yearly": 0,
            "eps_growth_yearly": 0
        },
        "20062": {
            "year_quarter": 20062,
            "year": 2006,
            "quarter": 2,
            "eps": null,
            "eps_growth_year": null,
            "eps_4q": null,
            "eps_4q_growth_year": null,
            "roe": null,
            "roe_4q": 0,
            "gross_profit": null,
            "gross_margin": null,
            "gross_margin_4q_avg": 0,
            "net_income": null,
            "net_income_4q": null,
            "revenue": null,
            "revenue_4q": null,
            "common_shares": null,
            "book_valuer_per_share": null,
            "book_valuer_per_share_4q_avg": 0,
            "equity": null,
            "current_ratio": null,
            "debt_ratio": null,
            "inventory_turnover_ratio": null,
            "account_receivable_turnover_ratio": null,
            "reinvestment_rate": null,
            "research_to_sale_ratio": null,
            "price_fair": 0,
            "eps_avg_yearly": 0,
            "eps_latest_yearly": 0,
            "eps_growth_yearly": 0
        },
        "20063": {
            "year_quarter": 20063,
            "year": 2006,
            "quarter": 3,
            "eps": null,
            "eps_growth_year": null,
            "eps_4q": null,
            "eps_4q_growth_year": null,
            "roe": null,
            "roe_4q": 0,
            "gross_profit": null,
            "gross_margin": null,
            "gross_margin_4q_avg": 0,
            "net_income": null,
            "net_income_4q": null,
            "revenue": null,
            "revenue_4q": null,
            "common_shares": null,
            "book_valuer_per_share": null,
            "book_valuer_per_share_4q_avg": 0,
            "equity": null,
            "current_ratio": null,
            "debt_ratio": null,
            "inventory_turnover_ratio": null,
            "account_receivable_turnover_ratio": null,
            "reinvestment_rate": null,
            "research_to_sale_ratio": null,
            "price_fair": 0,
            "eps_avg_yearly": 0,
            "eps_latest_yearly": 0,
            "eps_growth_yearly": 0
        },
        "20064": {
            "year_quarter": 20064,
            "year": 2006,
            "quarter": 4,
            "eps": null,
            "eps_growth_year": null,
            "eps_4q": null,
            "eps_4q_growth_year": null,
            "roe": null,
            "roe_4q": 0,
            "gross_profit": null,
            "gross_margin": null,
            "gross_margin_4q_avg": 0,
            "net_income": null,
            "net_income_4q": null,
            "revenue": null,
            "revenue_4q": null,
            "common_shares": null,
            "book_valuer_per_share": null,
            "book_valuer_per_share_4q_avg": 0,
            "equity": null,
            "current_ratio": null,
            "debt_ratio": null,
            "inventory_turnover_ratio": null,
            "account_receivable_turnover_ratio": null,
            "reinvestment_rate": null,
            "research_to_sale_ratio": null,
            "price_fair": 0,
            "eps_avg_yearly": 0,
            "eps_latest_yearly": 0,
            "eps_growth_yearly": 0
        },
        "20071": {
            "year_quarter": 20071,
            "year": 2007,
            "quarter": 1,
            "eps": null,
            "eps_growth_year": null,
            "eps_4q": null,
            "eps_4q_growth_year": null,
            "roe": null,
            "roe_4q": 0,
            "gross_profit": null,
            "gross_margin": null,
            "gross_margin_4q_avg": 0,
            "net_income": null,
            "net_income_4q": null,
            "revenue": null,
            "revenue_4q": null,
            "common_shares": null,
            "book_valuer_per_share": null,
            "book_valuer_per_share_4q_avg": 0,
            "equity": null,
            "current_ratio": null,
            "debt_ratio": null,
            "inventory_turnover_ratio": null,
            "account_receivable_turnover_ratio": null,
            "reinvestment_rate": null,
            "research_to_sale_ratio": null,
            "price_fair": 0,
            "eps_avg_yearly": 0,
            "eps_latest_yearly": 0,
            "eps_growth_yearly": 0
        },
        "20072": {
            "year_quarter": 20072,
            "year": 2007,
            "quarter": 2,
            "eps": null,
            "eps_growth_year": null,
            "eps_4q": null,
            "eps_4q_growth_year": null,
            "roe": null,
            "roe_4q": 0,
            "gross_profit": null,
            "gross_margin": null,
            "gross_margin_4q_avg": 0,
            "net_income": null,
            "net_income_4q": null,
            "revenue": null,
            "revenue_4q": null,
            "common_shares": null,
            "book_valuer_per_share": null,
            "book_valuer_per_share_4q_avg": 0,
            "equity": null,
            "current_ratio": null,
            "debt_ratio": null,
            "inventory_turnover_ratio": null,
            "account_receivable_turnover_ratio": null,
            "reinvestment_rate": null,
            "research_to_sale_ratio": null,
            "price_fair": 0,
            "eps_avg_yearly": 0,
            "eps_latest_yearly": 0,
            "eps_growth_yearly": 0
        },
        "20073": {
            "year_quarter": 20073,
            "year": 2007,
            "quarter": 3,
            "eps": null,
            "eps_growth_year": null,
            "eps_4q": null,
            "eps_4q_growth_year": null,
            "roe": null,
            "roe_4q": 0,
            "gross_profit": null,
            "gross_margin": null,
            "gross_margin_4q_avg": 0,
            "net_income": null,
            "net_income_4q": null,
            "revenue": null,
            "revenue_4q": null,
            "common_shares": null,
            "book_valuer_per_share": null,
            "book_valuer_per_share_4q_avg": 0,
            "equity": null,
            "current_ratio": null,
            "debt_ratio": null,
            "inventory_turnover_ratio": null,
            "account_receivable_turnover_ratio": null,
            "reinvestment_rate": null,
            "research_to_sale_ratio": null,
            "price_fair": 0,
            "eps_avg_yearly": 0,
            "eps_latest_yearly": 0,
            "eps_growth_yearly": 0
        },
        "20074": {
            "year_quarter": 20074,
            "year": 2007,
            "quarter": 4,
            "eps": null,
            "eps_growth_year": null,
            "eps_4q": null,
            "eps_4q_growth_year": null,
            "roe": null,
            "roe_4q": 0,
            "gross_profit": null,
            "gross_margin": null,
            "gross_margin_4q_avg": 0,
            "net_income": null,
            "net_income_4q": null,
            "revenue": null,
            "revenue_4q": null,
            "common_shares": null,
            "book_valuer_per_share": null,
            "book_valuer_per_share_4q_avg": 0,
            "equity": null,
            "current_ratio": null,
            "debt_ratio": null,
            "inventory_turnover_ratio": null,
            "account_receivable_turnover_ratio": null,
            "reinvestment_rate": null,
            "research_to_sale_ratio": null,
            "price_fair": 0,
            "eps_avg_yearly": 0,
            "eps_latest_yearly": 0,
            "eps_growth_yearly": 0
        },
        "20081": {
            "year_quarter": 20081,
            "year": 2008,
            "quarter": 1,
            "eps": null,
            "eps_growth_year": null,
            "eps_4q": null,
            "eps_4q_growth_year": null,
            "roe": null,
            "roe_4q": 0,
            "gross_profit": null,
            "gross_margin": null,
            "gross_margin_4q_avg": 0,
            "net_income": null,
            "net_income_4q": null,
            "revenue": null,
            "revenue_4q": null,
            "common_shares": null,
            "book_valuer_per_share": null,
            "book_valuer_per_share_4q_avg": 0,
            "equity": null,
            "current_ratio": null,
            "debt_ratio": null,
            "inventory_turnover_ratio": null,
            "account_receivable_turnover_ratio": null,
            "reinvestment_rate": null,
            "research_to_sale_ratio": null,
            "price_fair": 0,
            "eps_avg_yearly": 0,
            "eps_latest_yearly": 0,
            "eps_growth_yearly": 0
        },
        "20082": {
            "year_quarter": 20082,
            "year": 2008,
            "quarter": 2,
            "eps": null,
            "eps_growth_year": null,
            "eps_4q": null,
            "eps_4q_growth_year": null,
            "roe": null,
            "roe_4q": 0,
            "gross_profit": null,
            "gross_margin": null,
            "gross_margin_4q_avg": 0,
            "net_income": null,
            "net_income_4q": null,
            "revenue": null,
            "revenue_4q": null,
            "common_shares": null,
            "book_valuer_per_share": null,
            "book_valuer_per_share_4q_avg": 0,
            "equity": null,
            "current_ratio": null,
            "debt_ratio": null,
            "inventory_turnover_ratio": null,
            "account_receivable_turnover_ratio": null,
            "reinvestment_rate": null,
            "research_to_sale_ratio": null,
            "price_fair": 0,
            "eps_avg_yearly": 0,
            "eps_latest_yearly": 0,
            "eps_growth_yearly": 0
        },
        "20083": {
            "year_quarter": 20083,
            "year": 2008,
            "quarter": 3,
            "eps": null,
            "eps_growth_year": null,
            "eps_4q": null,
            "eps_4q_growth_year": null,
            "roe": null,
            "roe_4q": 0,
            "gross_profit": null,
            "gross_margin": null,
            "gross_margin_4q_avg": 0,
            "net_income": null,
            "net_income_4q": null,
            "revenue": null,
            "revenue_4q": null,
            "common_shares": null,
            "book_valuer_per_share": null,
            "book_valuer_per_share_4q_avg": 0,
            "equity": null,
            "current_ratio": null,
            "debt_ratio": null,
            "inventory_turnover_ratio": null,
            "account_receivable_turnover_ratio": null,
            "reinvestment_rate": null,
            "research_to_sale_ratio": null,
            "price_fair": 0,
            "eps_avg_yearly": 0,
            "eps_latest_yearly": 0,
            "eps_growth_yearly": 0
        },
        "20084": {
            "year_quarter": 20084,
            "year": 2008,
            "quarter": 4,
            "eps": null,
            "eps_growth_year": null,
            "eps_4q": null,
            "eps_4q_growth_year": null,
            "roe": null,
            "roe_4q": 0,
            "gross_profit": null,
            "gross_margin": null,
            "gross_margin_4q_avg": 0,
            "net_income": null,
            "net_income_4q": null,
            "revenue": null,
            "revenue_4q": null,
            "common_shares": null,
            "book_valuer_per_share": null,
            "book_valuer_per_share_4q_avg": 0,
            "equity": null,
            "current_ratio": null,
            "debt_ratio": null,
            "inventory_turnover_ratio": null,
            "account_receivable_turnover_ratio": null,
            "reinvestment_rate": null,
            "research_to_sale_ratio": null,
            "price_fair": 0,
            "eps_avg_yearly": 0,
            "eps_latest_yearly": 0,
            "eps_growth_yearly": 0
        },
        "20091": {
            "year_quarter": 20091,
            "year": 2009,
            "quarter": 1,
            "eps": null,
            "eps_growth_year": null,
            "eps_4q": null,
            "eps_4q_growth_year": null,
            "roe": null,
            "roe_4q": 0,
            "gross_profit": null,
            "gross_margin": null,
            "gross_margin_4q_avg": 0,
            "net_income": null,
            "net_income_4q": null,
            "revenue": null,
            "revenue_4q": null,
            "common_shares": null,
            "book_valuer_per_share": null,
            "book_valuer_per_share_4q_avg": 0,
            "equity": null,
            "current_ratio": null,
            "debt_ratio": null,
            "inventory_turnover_ratio": null,
            "account_receivable_turnover_ratio": null,
            "reinvestment_rate": null,
            "research_to_sale_ratio": null,
            "price_fair": 0,
            "eps_avg_yearly": 0,
            "eps_latest_yearly": 0,
            "eps_growth_yearly": 0
        },
        "20092": {
            "year_quarter": 20092,
            "year": 2009,
            "quarter": 2,
            "eps": null,
            "eps_growth_year": null,
            "eps_4q": null,
            "eps_4q_growth_year": null,
            "roe": null,
            "roe_4q": 0,
            "gross_profit": null,
            "gross_margin": null,
            "gross_margin_4q_avg": 0,
            "net_income": null,
            "net_income_4q": null,
            "revenue": null,
            "revenue_4q": null,
            "common_shares": null,
            "book_valuer_per_share": null,
            "book_valuer_per_share_4q_avg": 0,
            "equity": null,
            "current_ratio": null,
            "debt_ratio": null,
            "inventory_turnover_ratio": null,
            "account_receivable_turnover_ratio": null,
            "reinvestment_rate": null,
            "research_to_sale_ratio": null,
            "price_fair": 0,
            "eps_avg_yearly": 0,
            "eps_latest_yearly": 0,
            "eps_growth_yearly": 0
        },
        "20093": {
            "year_quarter": 20093,
            "year": 2009,
            "quarter": 3,
            "eps": null,
            "eps_growth_year": null,
            "eps_4q": null,
            "eps_4q_growth_year": null,
            "roe": null,
            "roe_4q": 0,
            "gross_profit": null,
            "gross_margin": null,
            "gross_margin_4q_avg": 0,
            "net_income": null,
            "net_income_4q": null,
            "revenue": null,
            "revenue_4q": null,
            "common_shares": null,
            "book_valuer_per_share": null,
            "book_valuer_per_share_4q_avg": 0,
            "equity": null,
            "current_ratio": null,
            "debt_ratio": null,
            "inventory_turnover_ratio": null,
            "account_receivable_turnover_ratio": null,
            "reinvestment_rate": null,
            "research_to_sale_ratio": null,
            "price_fair": 0,
            "eps_avg_yearly": 0,
            "eps_latest_yearly": 0,
            "eps_growth_yearly": 0
        },
        "20094": {
            "year_quarter": 20094,
            "year": 2009,
            "quarter": 4,
            "eps": null,
            "eps_growth_year": null,
            "eps_4q": null,
            "eps_4q_growth_year": null,
            "roe": null,
            "roe_4q": 0,
            "gross_profit": null,
            "gross_margin": null,
            "gross_margin_4q_avg": 0,
            "net_income": null,
            "net_income_4q": null,
            "revenue": null,
            "revenue_4q": null,
            "common_shares": null,
            "book_valuer_per_share": null,
            "book_valuer_per_share_4q_avg": 0,
            "equity": null,
            "current_ratio": null,
            "debt_ratio": null,
            "inventory_turnover_ratio": null,
            "account_receivable_turnover_ratio": null,
            "reinvestment_rate": null,
            "research_to_sale_ratio": null,
            "price_fair": 0,
            "eps_avg_yearly": 0,
            "eps_latest_yearly": 0,
            "eps_growth_yearly": 0
        },
        "20101": {
            "year_quarter": 20101,
            "year": 2010,
            "quarter": 1,
            "eps": null,
            "eps_growth_year": null,
            "eps_4q": null,
            "eps_4q_growth_year": null,
            "roe": null,
            "roe_4q": 0,
            "gross_profit": null,
            "gross_margin": null,
            "gross_margin_4q_avg": 0,
            "net_income": null,
            "net_income_4q": null,
            "revenue": null,
            "revenue_4q": null,
            "common_shares": null,
            "book_valuer_per_share": null,
            "book_valuer_per_share_4q_avg": 0,
            "equity": null,
            "current_ratio": null,
            "debt_ratio": null,
            "inventory_turnover_ratio": null,
            "account_receivable_turnover_ratio": null,
            "reinvestment_rate": null,
            "research_to_sale_ratio": null,
            "price_fair": 0,
            "eps_avg_yearly": 0,
            "eps_latest_yearly": 0,
            "eps_growth_yearly": 0
        },
        "20102": {
            "year_quarter": 20102,
            "year": 2010,
            "quarter": 2,
            "eps": null,
            "eps_growth_year": null,
            "eps_4q": null,
            "eps_4q_growth_year": null,
            "roe": null,
            "roe_4q": 0,
            "gross_profit": null,
            "gross_margin": null,
            "gross_margin_4q_avg": 0,
            "net_income": null,
            "net_income_4q": null,
            "revenue": null,
            "revenue_4q": null,
            "common_shares": null,
            "book_valuer_per_share": null,
            "book_valuer_per_share_4q_avg": 0,
            "equity": null,
            "current_ratio": null,
            "debt_ratio": null,
            "inventory_turnover_ratio": null,
            "account_receivable_turnover_ratio": null,
            "reinvestment_rate": null,
            "research_to_sale_ratio": null,
            "price_fair": 0,
            "eps_avg_yearly": 0,
            "eps_latest_yearly": 0,
            "eps_growth_yearly": 0
        },
        "20103": {
            "year_quarter": 20103,
            "year": 2010,
            "quarter": 3,
            "eps": null,
            "eps_growth_year": null,
            "eps_4q": null,
            "eps_4q_growth_year": null,
            "roe": null,
            "roe_4q": 0,
            "gross_profit": null,
            "gross_margin": null,
            "gross_margin_4q_avg": 0,
            "net_income": null,
            "net_income_4q": null,
            "revenue": null,
            "revenue_4q": null,
            "common_shares": null,
            "book_valuer_per_share": null,
            "book_valuer_per_share_4q_avg": 0,
            "equity": null,
            "current_ratio": null,
            "debt_ratio": null,
            "inventory_turnover_ratio": null,
            "account_receivable_turnover_ratio": null,
            "reinvestment_rate": null,
            "research_to_sale_ratio": null,
            "price_fair": 0,
            "eps_avg_yearly": 0,
            "eps_latest_yearly": 0,
            "eps_growth_yearly": 0
        },
        "20104": {
            "year_quarter": 20104,
            "year": 2010,
            "quarter": 4,
            "eps": null,
            "eps_growth_year": null,
            "eps_4q": null,
            "eps_4q_growth_year": null,
            "roe": null,
            "roe_4q": 0,
            "gross_profit": null,
            "gross_margin": null,
            "gross_margin_4q_avg": 0,
            "net_income": null,
            "net_income_4q": null,
            "revenue": null,
            "revenue_4q": null,
            "common_shares": null,
            "book_valuer_per_share": null,
            "book_valuer_per_share_4q_avg": 0,
            "equity": null,
            "current_ratio": null,
            "debt_ratio": null,
            "inventory_turnover_ratio": null,
            "account_receivable_turnover_ratio": null,
            "reinvestment_rate": null,
            "research_to_sale_ratio": null,
            "price_fair": 0,
            "eps_avg_yearly": 0,
            "eps_latest_yearly": 0,
            "eps_growth_yearly": 0
        },
        "20111": {
            "year_quarter": 20111,
            "year": 2011,
            "quarter": 1,
            "eps": null,
            "eps_growth_year": null,
            "eps_4q": null,
            "eps_4q_growth_year": null,
            "roe": null,
            "roe_4q": 0,
            "gross_profit": null,
            "gross_margin": null,
            "gross_margin_4q_avg": 0,
            "net_income": null,
            "net_income_4q": null,
            "revenue": null,
            "revenue_4q": null,
            "common_shares": null,
            "book_valuer_per_share": null,
            "book_valuer_per_share_4q_avg": 0,
            "equity": null,
            "current_ratio": null,
            "debt_ratio": null,
            "inventory_turnover_ratio": null,
            "account_receivable_turnover_ratio": null,
            "reinvestment_rate": null,
            "research_to_sale_ratio": null,
            "price_fair": 0,
            "eps_avg_yearly": 0,
            "eps_latest_yearly": 0,
            "eps_growth_yearly": 0
        },
        "20112": {
            "year_quarter": 20112,
            "year": 2011,
            "quarter": 2,
            "eps": null,
            "eps_growth_year": null,
            "eps_4q": null,
            "eps_4q_growth_year": null,
            "roe": null,
            "roe_4q": 0,
            "gross_profit": null,
            "gross_margin": null,
            "gross_margin_4q_avg": 0,
            "net_income": null,
            "net_income_4q": null,
            "revenue": null,
            "revenue_4q": null,
            "common_shares": null,
            "book_valuer_per_share": null,
            "book_valuer_per_share_4q_avg": 0,
            "equity": null,
            "current_ratio": null,
            "debt_ratio": null,
            "inventory_turnover_ratio": null,
            "account_receivable_turnover_ratio": null,
            "reinvestment_rate": null,
            "research_to_sale_ratio": null,
            "price_fair": 0,
            "eps_avg_yearly": 0,
            "eps_latest_yearly": 0,
            "eps_growth_yearly": 0
        },
        "20113": {
            "year_quarter": 20113,
            "year": 2011,
            "quarter": 3,
            "eps": null,
            "eps_growth_year": null,
            "eps_4q": null,
            "eps_4q_growth_year": null,
            "roe": null,
            "roe_4q": 0,
            "gross_profit": null,
            "gross_margin": null,
            "gross_margin_4q_avg": 0,
            "net_income": null,
            "net_income_4q": null,
            "revenue": null,
            "revenue_4q": null,
            "common_shares": null,
            "book_valuer_per_share": null,
            "book_valuer_per_share_4q_avg": 0,
            "equity": null,
            "current_ratio": null,
            "debt_ratio": null,
            "inventory_turnover_ratio": null,
            "account_receivable_turnover_ratio": null,
            "reinvestment_rate": null,
            "research_to_sale_ratio": null,
            "price_fair": 0,
            "eps_avg_yearly": 0,
            "eps_latest_yearly": 0,
            "eps_growth_yearly": 0
        },
        "20114": {
            "year_quarter": 20114,
            "year": 2011,
            "quarter": 4,
            "eps": null,
            "eps_growth_year": null,
            "eps_4q": null,
            "eps_4q_growth_year": null,
            "roe": null,
            "roe_4q": 0,
            "gross_profit": null,
            "gross_margin": null,
            "gross_margin_4q_avg": 0,
            "net_income": null,
            "net_income_4q": null,
            "revenue": null,
            "revenue_4q": null,
            "common_shares": null,
            "book_valuer_per_share": null,
            "book_valuer_per_share_4q_avg": 0,
            "equity": null,
            "current_ratio": null,
            "debt_ratio": null,
            "inventory_turnover_ratio": null,
            "account_receivable_turnover_ratio": null,
            "reinvestment_rate": null,
            "research_to_sale_ratio": null,
            "price_fair": 0,
            "eps_avg_yearly": 0,
            "eps_latest_yearly": 0,
            "eps_growth_yearly": 0
        },
        "20121": {
            "year_quarter": 20121,
            "year": 2012,
            "quarter": 1,
            "eps": null,
            "eps_growth_year": null,
            "eps_4q": null,
            "eps_4q_growth_year": null,
            "roe": null,
            "roe_4q": 0,
            "gross_profit": null,
            "gross_margin": null,
            "gross_margin_4q_avg": 0,
            "net_income": null,
            "net_income_4q": null,
            "revenue": null,
            "revenue_4q": null,
            "common_shares": null,
            "book_valuer_per_share": null,
            "book_valuer_per_share_4q_avg": 0,
            "equity": null,
            "current_ratio": null,
            "debt_ratio": null,
            "inventory_turnover_ratio": null,
            "account_receivable_turnover_ratio": null,
            "reinvestment_rate": null,
            "research_to_sale_ratio": null,
            "price_fair": 0,
            "eps_avg_yearly": 0,
            "eps_latest_yearly": 0,
            "eps_growth_yearly": 0
        },
        "20122": {
            "year_quarter": 20122,
            "year": 2012,
            "quarter": 2,
            "eps": null,
            "eps_growth_year": null,
            "eps_4q": null,
            "eps_4q_growth_year": null,
            "roe": null,
            "roe_4q": 0,
            "gross_profit": null,
            "gross_margin": null,
            "gross_margin_4q_avg": 0,
            "net_income": null,
            "net_income_4q": null,
            "revenue": null,
            "revenue_4q": null,
            "common_shares": null,
            "book_valuer_per_share": null,
            "book_valuer_per_share_4q_avg": 0,
            "equity": null,
            "current_ratio": null,
            "debt_ratio": null,
            "inventory_turnover_ratio": null,
            "account_receivable_turnover_ratio": null,
            "reinvestment_rate": null,
            "research_to_sale_ratio": null,
            "price_fair": 0,
            "eps_avg_yearly": 0,
            "eps_latest_yearly": 0,
            "eps_growth_yearly": 0
        },
        "20123": {
            "year_quarter": 20123,
            "year": 2012,
            "quarter": 3,
            "eps": null,
            "eps_growth_year": null,
            "eps_4q": null,
            "eps_4q_growth_year": null,
            "roe": null,
            "roe_4q": 0,
            "gross_profit": null,
            "gross_margin": null,
            "gross_margin_4q_avg": 0,
            "net_income": null,
            "net_income_4q": null,
            "revenue": null,
            "revenue_4q": null,
            "common_shares": null,
            "book_valuer_per_share": null,
            "book_valuer_per_share_4q_avg": 0,
            "equity": null,
            "current_ratio": null,
            "debt_ratio": null,
            "inventory_turnover_ratio": null,
            "account_receivable_turnover_ratio": null,
            "reinvestment_rate": null,
            "research_to_sale_ratio": null,
            "price_fair": 0,
            "eps_avg_yearly": 0,
            "eps_latest_yearly": 0,
            "eps_growth_yearly": 0
        },
        "20124": {
            "year_quarter": 20124,
            "year": 2012,
            "quarter": 4,
            "eps": null,
            "eps_growth_year": null,
            "eps_4q": null,
            "eps_4q_growth_year": null,
            "roe": null,
            "roe_4q": 0,
            "gross_profit": null,
            "gross_margin": null,
            "gross_margin_4q_avg": 0,
            "net_income": null,
            "net_income_4q": null,
            "revenue": null,
            "revenue_4q": null,
            "common_shares": 208299,
            "book_valuer_per_share": 14.51,
            "book_valuer_per_share_4q_avg": 3.63,
            "equity": 302345,
            "current_ratio": 344.7,
            "debt_ratio": 23.2,
            "inventory_turnover_ratio": null,
            "account_receivable_turnover_ratio": null,
            "reinvestment_rate": null,
            "research_to_sale_ratio": null,
            "price_fair": 0,
            "eps_avg_yearly": 0,
            "eps_latest_yearly": 0,
            "eps_growth_yearly": 0
        },
        "20131": {
            "year_quarter": 20131,
            "year": 2013,
            "quarter": 1,
            "eps": null,
            "eps_growth_year": null,
            "eps_4q": null,
            "eps_4q_growth_year": null,
            "roe": null,
            "roe_4q": 0,
            "gross_profit": null,
            "gross_margin": null,
            "gross_margin_4q_avg": 0,
            "net_income": null,
            "net_income_4q": null,
            "revenue": null,
            "revenue_4q": null,
            "common_shares": null,
            "book_valuer_per_share": null,
            "book_valuer_per_share_4q_avg": 3.63,
            "equity": null,
            "current_ratio": null,
            "debt_ratio": null,
            "inventory_turnover_ratio": null,
            "account_receivable_turnover_ratio": null,
            "reinvestment_rate": null,
            "research_to_sale_ratio": null,
            "price_fair": 0,
            "eps_avg_yearly": 0,
            "eps_latest_yearly": 0,
            "eps_growth_yearly": 0
        },
        "20132": {
            "year_quarter": 20132,
            "year": 2013,
            "quarter": 2,
            "eps": null,
            "eps_growth_year": null,
            "eps_4q": null,
            "eps_4q_growth_year": null,
            "roe": null,
            "roe_4q": 0,
            "gross_profit": null,
            "gross_margin": null,
            "gross_margin_4q_avg": 0,
            "net_income": null,
            "net_income_4q": null,
            "revenue": null,
            "revenue_4q": null,
            "common_shares": null,
            "book_valuer_per_share": null,
            "book_valuer_per_share_4q_avg": 3.63,
            "equity": null,
            "current_ratio": null,
            "debt_ratio": null,
            "inventory_turnover_ratio": null,
            "account_receivable_turnover_ratio": null,
            "reinvestment_rate": null,
            "research_to_sale_ratio": null,
            "price_fair": 0,
            "eps_avg_yearly": 0,
            "eps_latest_yearly": 0,
            "eps_growth_yearly": 0
        },
        "20133": {
            "year_quarter": 20133,
            "year": 2013,
            "quarter": 3,
            "eps": null,
            "eps_growth_year": null,
            "eps_4q": null,
            "eps_4q_growth_year": null,
            "roe": null,
            "roe_4q": 0,
            "gross_profit": null,
            "gross_margin": null,
            "gross_margin_4q_avg": 0,
            "net_income": null,
            "net_income_4q": null,
            "revenue": null,
            "revenue_4q": null,
            "common_shares": null,
            "book_valuer_per_share": null,
            "book_valuer_per_share_4q_avg": 3.63,
            "equity": null,
            "current_ratio": null,
            "debt_ratio": null,
            "inventory_turnover_ratio": null,
            "account_receivable_turnover_ratio": null,
            "reinvestment_rate": null,
            "research_to_sale_ratio": null,
            "price_fair": 0,
            "eps_avg_yearly": 0,
            "eps_latest_yearly": 0,
            "eps_growth_yearly": 0
        },
        "20134": {
            "year_quarter": 20134,
            "year": 2013,
            "quarter": 4,
            "eps": null,
            "eps_growth_year": null,
            "eps_4q": null,
            "eps_4q_growth_year": null,
            "roe": null,
            "roe_4q": 0,
            "gross_profit": null,
            "gross_margin": null,
            "gross_margin_4q_avg": 0,
            "net_income": null,
            "net_income_4q": null,
            "revenue": null,
            "revenue_4q": null,
            "common_shares": 212143,
            "book_valuer_per_share": 17.5,
            "book_valuer_per_share_4q_avg": 4.38,
            "equity": 371356,
            "current_ratio": 314.75,
            "debt_ratio": 23.01,
            "inventory_turnover_ratio": null,
            "account_receivable_turnover_ratio": null,
            "reinvestment_rate": null,
            "research_to_sale_ratio": null,
            "price_fair": 0,
            "eps_avg_yearly": 0,
            "eps_latest_yearly": 0,
            "eps_growth_yearly": 0
        },
        "20141": {
            "year_quarter": 20141,
            "year": 2014,
            "quarter": 1,
            "eps": null,
            "eps_growth_year": null,
            "eps_4q": null,
            "eps_4q_growth_year": null,
            "roe": null,
            "roe_4q": 0,
            "gross_profit": 0,
            "gross_margin": null,
            "gross_margin_4q_avg": 0,
            "net_income": 0,
            "net_income_4q": null,
            "revenue": 0,
            "revenue_4q": null,
            "common_shares": 0,
            "book_valuer_per_share": null,
            "book_valuer_per_share_4q_avg": 4.38,
            "equity": 0,
            "current_ratio": null,
            "debt_ratio": null,
            "inventory_turnover_ratio": null,
            "account_receivable_turnover_ratio": null,
            "reinvestment_rate": null,
            "research_to_sale_ratio": null,
            "price_fair": 0,
            "eps_avg_yearly": 0,
            "eps_latest_yearly": 0,
            "eps_growth_yearly": 0
        },
        "20142": {
            "year_quarter": 20142,
            "year": 2014,
            "quarter": 2,
            "eps": null,
            "eps_growth_year": null,
            "eps_4q": null,
            "eps_4q_growth_year": null,
            "roe": null,
            "roe_4q": 0,
            "gross_profit": 0,
            "gross_margin": null,
            "gross_margin_4q_avg": 0,
            "net_income": 0,
            "net_income_4q": null,
            "revenue": 0,
            "revenue_4q": null,
            "common_shares": 0,
            "book_valuer_per_share": null,
            "book_valuer_per_share_4q_avg": 4.38,
            "equity": 0,
            "current_ratio": null,
            "debt_ratio": null,
            "inventory_turnover_ratio": null,
            "account_receivable_turnover_ratio": null,
            "reinvestment_rate": null,
            "research_to_sale_ratio": null,
            "price_fair": 0,
            "eps_avg_yearly": 0,
            "eps_latest_yearly": 0,
            "eps_growth_yearly": 0
        },
        "20143": {
            "year_quarter": 20143,
            "year": 2014,
            "quarter": 3,
            "eps": null,
            "eps_growth_year": null,
            "eps_4q": null,
            "eps_4q_growth_year": null,
            "roe": null,
            "roe_4q": 0,
            "gross_profit": -11613,
            "gross_margin": null,
            "gross_margin_4q_avg": 0,
            "net_income": -28921,
            "net_income_4q": null,
            "revenue": 50033,
            "revenue_4q": null,
            "common_shares": 171330,
            "book_valuer_per_share": null,
            "book_valuer_per_share_4q_avg": 4.38,
            "equity": 383341,
            "current_ratio": null,
            "debt_ratio": null,
            "inventory_turnover_ratio": null,
            "account_receivable_turnover_ratio": null,
            "reinvestment_rate": null,
            "research_to_sale_ratio": null,
            "price_fair": 0,
            "eps_avg_yearly": 0,
            "eps_latest_yearly": 0,
            "eps_growth_yearly": 0
        },
        "20144": {
            "year_quarter": 20144,
            "year": 2014,
            "quarter": 4,
            "eps": null,
            "eps_growth_year": null,
            "eps_4q": null,
            "eps_4q_growth_year": null,
            "roe": null,
            "roe_4q": 0,
            "gross_profit": 25593,
            "gross_margin": null,
            "gross_margin_4q_avg": 0,
            "net_income": -5860,
            "net_income_4q": null,
            "revenue": 123316,
            "revenue_4q": null,
            "common_shares": 171330,
            "book_valuer_per_share": 23.05,
            "book_valuer_per_share_4q_avg": 5.76,
            "equity": 394880,
            "current_ratio": 241.1,
            "debt_ratio": 30.65,
            "inventory_turnover_ratio": null,
            "account_receivable_turnover_ratio": null,
            "reinvestment_rate": null,
            "research_to_sale_ratio": null,
            "price_fair": 0,
            "eps_avg_yearly": 0,
            "eps_latest_yearly": 0,
            "eps_growth_yearly": 0
        },
        "20151": {
            "year_quarter": 20151,
            "year": 2015,
            "quarter": 1,
            "eps": 0.9,
            "eps_growth_year": null,
            "eps_4q": 0.9,
            "eps_4q_growth_year": null,
            "roe": 3.84,
            "roe_4q": 3.84,
            "gross_profit": 37285,
            "gross_margin": 31.76,
            "gross_margin_4q_avg": 7.94,
            "net_income": 15362,
            "net_income_4q": null,
            "revenue": 117389,
            "revenue_4q": null,
            "common_shares": 171330,
            "book_valuer_per_share": 23.6,
            "book_valuer_per_share_4q_avg": 11.66,
            "equity": 404279,
            "current_ratio": 262.92,
            "debt_ratio": 28.51,
            "inventory_turnover_ratio": 0.99,
            "account_receivable_turnover_ratio": 0.93,
            "reinvestment_rate": null,
            "research_to_sale_ratio": 5.56,
            "price_fair": 0,
            "eps_avg_yearly": 0,
            "eps_latest_yearly": 0,
            "eps_growth_yearly": 0
        },
        "20152": {
            "year_quarter": 20152,
            "year": 2015,
            "quarter": 2,
            "eps": 0.79,
            "eps_growth_year": null,
            "eps_4q": 1.69,
            "eps_4q_growth_year": null,
            "roe": 3.32,
            "roe_4q": 7.16,
            "gross_profit": 40986,
            "gross_margin": 27.75,
            "gross_margin_4q_avg": 14.88,
            "net_income": 13577,
            "net_income_4q": null,
            "revenue": 147683,
            "revenue_4q": null,
            "common_shares": 171330,
            "book_valuer_per_share": 24.17,
            "book_valuer_per_share_4q_avg": 17.71,
            "equity": 414078,
            "current_ratio": 256.75,
            "debt_ratio": 30.1,
            "inventory_turnover_ratio": 1.43,
            "account_receivable_turnover_ratio": 1.18,
            "reinvestment_rate": null,
            "research_to_sale_ratio": 5.86,
            "price_fair": 9.48,
            "eps_avg_yearly": 3.16,
            "eps_latest_yearly": 3.16,
            "eps_growth_yearly": -48.89
        },
        "20153": {
            "year_quarter": 20153,
            "year": 2015,
            "quarter": 3,
            "eps": 2.02,
            "eps_growth_year": null,
            "eps_4q": 3.71,
            "eps_4q_growth_year": null,
            "roe": 7.93,
            "roe_4q": 15.09,
            "gross_profit": 51762,
            "gross_margin": 29.23,
            "gross_margin_4q_avg": 22.19,
            "net_income": 34620,
            "net_income_4q": null,
            "revenue": 177108,
            "revenue_4q": null,
            "common_shares": 171330,
            "book_valuer_per_share": 26.79,
            "book_valuer_per_share_4q_avg": 24.4,
            "equity": 458964,
            "current_ratio": 253.35,
            "debt_ratio": 30.75,
            "inventory_turnover_ratio": 1.84,
            "account_receivable_turnover_ratio": 1.2,
            "reinvestment_rate": null,
            "research_to_sale_ratio": 2.68,
            "price_fair": 196.7,
            "eps_avg_yearly": 5.62,
            "eps_latest_yearly": 8.08,
            "eps_growth_yearly": 286.95
        },
        "20154": {
            "year_quarter": 20154,
            "year": 2015,
            "quarter": 4,
            "eps": 0.38,
            "eps_growth_year": null,
            "eps_4q": 3.66,
            "eps_4q_growth_year": null,
            "roe": 1.49,
            "roe_4q": 16.58,
            "gross_profit": 23319,
            "gross_margin": 19.69,
            "gross_margin_4q_avg": 27.11,
            "net_income": 7447,
            "net_income_4q": null,
            "revenue": 118416,
            "revenue_4q": null,
            "common_shares": 194170,
            "book_valuer_per_share": 27.71,
            "book_valuer_per_share_4q_avg": 25.57,
            "equity": 537974,
            "current_ratio": 336.14,
            "debt_ratio": 24.17,
            "inventory_turnover_ratio": 1.49,
            "account_receivable_turnover_ratio": 0.81,
            "reinvestment_rate": null,
            "research_to_sale_ratio": 3.87,
            "price_fair": 148.87,
            "eps_avg_yearly": 4.25,
            "eps_latest_yearly": 1.52,
            "eps_growth_yearly": 83.05
        },
        "20161": {
            "year_quarter": 20161,
            "year": 2016,
            "quarter": 1,
            "eps": 0.04,
            "eps_growth_year": -95.56,
            "eps_4q": 2.91,
            "eps_4q_growth_year": 224.61,
            "roe": 0.16,
            "roe_4q": 12.9,
            "gross_profit": 18049,
            "gross_margin": 17.09,
            "gross_margin_4q_avg": 23.44,
            "net_income": 871,
            "net_income_4q": null,
            "revenue": 105639,
            "revenue_4q": null,
            "common_shares": 194170,
            "book_valuer_per_share": 27.35,
            "book_valuer_per_share_4q_avg": 26.51,
            "equity": 530985,
            "current_ratio": 327.14,
            "debt_ratio": 24.49,
            "inventory_turnover_ratio": 1.29,
            "account_receivable_turnover_ratio": 0.84,
            "reinvestment_rate": null,
            "research_to_sale_ratio": 5.01,
            "price_fair": 9.69,
            "eps_avg_yearly": 3.23,
            "eps_latest_yearly": 0.16,
            "eps_growth_yearly": -27.19
        },
        "20162": {
            "year_quarter": 20162,
            "year": 2016,
            "quarter": 2,
            "eps": 0.47,
            "eps_growth_year": -40.51,
            "eps_4q": 2.48,
            "eps_4q_growth_year": 46.87,
            "roe": 1.96,
            "roe_4q": 11.54,
            "gross_profit": 20711,
            "gross_margin": 18.57,
            "gross_margin_4q_avg": 21.15,
            "net_income": 10046,
            "net_income_4q": null,
            "revenue": 111522,
            "revenue_4q": null,
            "common_shares": 194170,
            "book_valuer_per_share": 25.34,
            "book_valuer_per_share_4q_avg": 26.8,
            "equity": 492117,
            "current_ratio": 296.94,
            "debt_ratio": 26.8,
            "inventory_turnover_ratio": 1.33,
            "account_receivable_turnover_ratio": 1.07,
            "reinvestment_rate": null,
            "research_to_sale_ratio": 4.17,
            "price_fair": 103.6,
            "eps_avg_yearly": 2.96,
            "eps_latest_yearly": 1.88,
            "eps_growth_yearly": 838.25
        },
        "20163": {
            "year_quarter": 20163,
            "year": 2016,
            "quarter": 3,
            "eps": 0.49,
            "eps_growth_year": -75.74,
            "eps_4q": 1.35,
            "eps_4q_growth_year": -63.72,
            "roe": 2.13,
            "roe_4q": 5.74,
            "gross_profit": 28629,
            "gross_margin": 23.8,
            "gross_margin_4q_avg": 19.79,
            "net_income": 10384,
            "net_income_4q": null,
            "revenue": 120300,
            "revenue_4q": null,
            "common_shares": 213587,
            "book_valuer_per_share": 22.7,
            "book_valuer_per_share_4q_avg": 25.78,
            "equity": 484901,
            "current_ratio": 359.28,
            "debt_ratio": 22.61,
            "inventory_turnover_ratio": 1.57,
            "account_receivable_turnover_ratio": 1.28,
            "reinvestment_rate": null,
            "research_to_sale_ratio": 4.11,
            "price_fair": 97.77,
            "eps_avg_yearly": 2.79,
            "eps_latest_yearly": 1.96,
            "eps_growth_yearly": 701.38
        },
        "20164": {
            "year_quarter": 20164,
            "year": 2016,
            "quarter": 4,
            "eps": 1,
            "eps_growth_year": 159.74,
            "eps_4q": 1.99,
            "eps_4q_growth_year": -45.49,
            "roe": 4.32,
            "roe_4q": 8.57,
            "gross_profit": 34796,
            "gross_margin": 25.51,
            "gross_margin_4q_avg": 21.24,
            "net_income": 21277,
            "net_income_4q": null,
            "revenue": 136388,
            "revenue_4q": null,
            "common_shares": 213587,
            "book_valuer_per_share": 23.46,
            "book_valuer_per_share_4q_avg": 24.71,
            "equity": 501162,
            "current_ratio": 325.11,
            "debt_ratio": 25.64,
            "inventory_turnover_ratio": 1.95,
            "account_receivable_turnover_ratio": 1.25,
            "reinvestment_rate": null,
            "research_to_sale_ratio": 3.8,
            "price_fair": 103.8,
            "eps_avg_yearly": 2.97,
            "eps_latest_yearly": 4,
            "eps_growth_yearly": 660.66
        },
        "20171": {
            "year_quarter": 20171,
            "year": 2017,
            "quarter": 1,
            "eps": 0.76,
            "eps_growth_year": 1800,
            "eps_4q": 2.71,
            "eps_4q_growth_year": -6.75,
            "roe": 3.27,
            "roe_4q": 11.68,
            "gross_profit": 26868,
            "gross_margin": 25.17,
            "gross_margin_4q_avg": 23.26,
            "net_income": 16264,
            "net_income_4q": null,
            "revenue": 106744,
            "revenue_4q": null,
            "common_shares": 213587,
            "book_valuer_per_share": 23.07,
            "book_valuer_per_share_4q_avg": 23.64,
            "equity": 492723,
            "current_ratio": 312.9,
            "debt_ratio": 23.63,
            "inventory_turnover_ratio": 1.78,
            "account_receivable_turnover_ratio": 0.94,
            "reinvestment_rate": null,
            "research_to_sale_ratio": 4.96,
            "price_fair": 104.13,
            "eps_avg_yearly": 2.98,
            "eps_latest_yearly": 3.04,
            "eps_growth_yearly": 566.07
        },
        "20172": {
            "year_quarter": 20172,
            "year": 2017,
            "quarter": 2,
            "eps": 0.52,
            "eps_growth_year": 10.64,
            "eps_4q": 2.47,
            "eps_4q_growth_year": -0.3,
            "roe": 2.56,
            "roe_4q": 12.280000000000001,
            "gross_profit": 39537,
            "gross_margin": 30.32,
            "gross_margin_4q_avg": 26.2,
            "net_income": 12824,
            "net_income_4q": null,
            "revenue": 130418,
            "revenue_4q": null,
            "common_shares": 213587,
            "book_valuer_per_share": 23.81,
            "book_valuer_per_share_4q_avg": 23.26,
            "equity": 508478,
            "current_ratio": 269.67,
            "debt_ratio": 26.89,
            "inventory_turnover_ratio": 2.26,
            "account_receivable_turnover_ratio": 1.09,
            "reinvestment_rate": null,
            "research_to_sale_ratio": 4.16,
            "price_fair": 100.64,
            "eps_avg_yearly": 2.88,
            "eps_latest_yearly": 2.08,
            "eps_growth_yearly": 489.14
        },
        "20173": {
            "year_quarter": 20173,
            "year": 2017,
            "quarter": 3,
            "eps": 0.24,
            "eps_growth_year": -51.02,
            "eps_4q": 2.28,
            "eps_4q_growth_year": 69.54,
            "roe": 1.1,
            "roe_4q": 11.25,
            "gross_profit": 31085,
            "gross_margin": 27.37,
            "gross_margin_4q_avg": 27.09,
            "net_income": 5684,
            "net_income_4q": null,
            "revenue": 113553,
            "revenue_4q": null,
            "common_shares": 245625,
            "book_valuer_per_share": 21.21,
            "book_valuer_per_share_4q_avg": 22.89,
            "equity": 521079,
            "current_ratio": 322.59,
            "debt_ratio": 22.7,
            "inventory_turnover_ratio": 2.07,
            "account_receivable_turnover_ratio": 0.89,
            "reinvestment_rate": null,
            "research_to_sale_ratio": 4.51,
            "price_fair": 93.94,
            "eps_avg_yearly": 2.68,
            "eps_latest_yearly": 0.96,
            "eps_growth_yearly": 418.69
        },
        "20174": {
            "year_quarter": 20174,
            "year": 2017,
            "quarter": 4,
            "eps": 0.36,
            "eps_growth_year": -63.95,
            "eps_4q": 1.77,
            "eps_4q_growth_year": -10.97,
            "roe": 1.68,
            "roe_4q": 8.61,
            "gross_profit": 22622,
            "gross_margin": 22.79,
            "gross_margin_4q_avg": 26.41,
            "net_income": 8822,
            "net_income_4q": null,
            "revenue": 99284,
            "revenue_4q": null,
            "common_shares": 245625,
            "book_valuer_per_share": 21.56,
            "book_valuer_per_share_4q_avg": 22.41,
            "equity": 529465,
            "current_ratio": 325.5,
            "debt_ratio": 21.78,
            "inventory_turnover_ratio": 1.9,
            "account_receivable_turnover_ratio": 0.88,
            "reinvestment_rate": 80.52,
            "research_to_sale_ratio": 4.28,
            "price_fair": 89.98,
            "eps_avg_yearly": 2.57,
            "eps_latest_yearly": 1.44,
            "eps_growth_yearly": 398.81
        },
        "20181": {
            "year_quarter": 20181,
            "year": 2018,
            "quarter": 1,
            "eps": 0.08,
            "eps_growth_year": -89.47,
            "eps_4q": 1.19,
            "eps_4q_growth_year": -56.03,
            "roe": 0.37,
            "roe_4q": 5.71,
            "gross_profit": 25644,
            "gross_margin": 23.69,
            "gross_margin_4q_avg": 26.04,
            "net_income": 1983,
            "net_income_4q": null,
            "revenue": 108248,
            "revenue_4q": null,
            "common_shares": 245625,
            "book_valuer_per_share": 21.94,
            "book_valuer_per_share_4q_avg": 22.13,
            "equity": 538853,
            "current_ratio": 322.6,
            "debt_ratio": 22.41,
            "inventory_turnover_ratio": 1.83,
            "account_receivable_turnover_ratio": 1,
            "reinvestment_rate": 173.28,
            "research_to_sale_ratio": 4.29,
            "price_fair": 83.42,
            "eps_avg_yearly": 2.38,
            "eps_latest_yearly": 0.32,
            "eps_growth_yearly": 339.65
        },
        "20182": {
            "year_quarter": 20182,
            "year": 2018,
            "quarter": 2,
            "eps": 1.14,
            "eps_growth_year": 119.23,
            "eps_4q": 1.81,
            "eps_4q_growth_year": -26.77,
            "roe": 5.24,
            "roe_4q": 8.39,
            "gross_profit": 33407,
            "gross_margin": 21.2,
            "gross_margin_4q_avg": 23.76,
            "net_income": 27997,
            "net_income_4q": null,
            "revenue": 157562,
            "revenue_4q": null,
            "common_shares": 245625,
            "book_valuer_per_share": 21.6,
            "book_valuer_per_share_4q_avg": 21.58,
            "equity": 530596,
            "current_ratio": 243.51,
            "debt_ratio": 30.58,
            "inventory_turnover_ratio": 2.5,
            "account_receivable_turnover_ratio": 1.1,
            "reinvestment_rate": 140.52,
            "research_to_sale_ratio": 3.16,
            "price_fair": 89.28,
            "eps_avg_yearly": 2.55,
            "eps_latest_yearly": 4.56,
            "eps_growth_yearly": 721.21
        },
        "20183": {
            "year_quarter": 20183,
            "year": 2018,
            "quarter": 3,
            "eps": 0.85,
            "eps_growth_year": 254.17,
            "eps_4q": 2.43,
            "eps_4q_growth_year": 6.39,
            "roe": 3.91,
            "roe_4q": 11.2,
            "gross_profit": 36991,
            "gross_margin": 28.38,
            "gross_margin_4q_avg": 24.02,
            "net_income": 20826,
            "net_income_4q": null,
            "revenue": 130353,
            "revenue_4q": null,
            "common_shares": 245625,
            "book_valuer_per_share": 21.78,
            "book_valuer_per_share_4q_avg": 21.72,
            "equity": 534915,
            "current_ratio": 302.45,
            "debt_ratio": 25.12,
            "inventory_turnover_ratio": 1.91,
            "account_receivable_turnover_ratio": 0.8,
            "reinvestment_rate": 36.14,
            "research_to_sale_ratio": 3.44,
            "price_fair": 91.4,
            "eps_avg_yearly": 2.61,
            "eps_latest_yearly": 3.4,
            "eps_growth_yearly": 662.43
        },
        "20184": {
            "year_quarter": 20184,
            "year": 2018,
            "quarter": 4,
            "eps": 0.67,
            "eps_growth_year": 85.93,
            "eps_4q": 2.74,
            "eps_4q_growth_year": 54.17,
            "roe": 3.01,
            "roe_4q": 12.53,
            "gross_profit": 39270,
            "gross_margin": 28.75,
            "gross_margin_4q_avg": 25.51,
            "net_income": 16403,
            "net_income_4q": null,
            "revenue": 136589,
            "revenue_4q": null,
            "common_shares": 245625,
            "book_valuer_per_share": 22.64,
            "book_valuer_per_share_4q_avg": 21.99,
            "equity": 556053,
            "current_ratio": 303.96,
            "debt_ratio": 25.62,
            "inventory_turnover_ratio": 1.99,
            "account_receivable_turnover_ratio": 0.93,
            "reinvestment_rate": 28.88,
            "research_to_sale_ratio": 4.74,
            "price_fair": 91.56,
            "eps_avg_yearly": 2.62,
            "eps_latest_yearly": 2.68,
            "eps_growth_yearly": 612.62
        },
        "20191": {
            "year_quarter": 20191,
            "year": 2019,
            "quarter": 1,
            "eps": 0.67,
            "eps_growth_year": 737.5,
            "eps_4q": 3.32,
            "eps_4q_growth_year": 178.47,
            "roe": 2.88,
            "roe_4q": 15.040000000000001,
            "gross_profit": 38548,
            "gross_margin": 27.9,
            "gross_margin_4q_avg": 26.56,
            "net_income": 16402,
            "net_income_4q": null,
            "revenue": 138158,
            "revenue_4q": null,
            "common_shares": 245625,
            "book_valuer_per_share": 23.75,
            "book_valuer_per_share_4q_avg": 22.44,
            "equity": 583287,
            "current_ratio": 279.3,
            "debt_ratio": 28.66,
            "inventory_turnover_ratio": 1.38,
            "account_receivable_turnover_ratio": 0.97,
            "reinvestment_rate": 29.61,
            "research_to_sale_ratio": 3.59,
            "price_fair": 91.7,
            "eps_avg_yearly": 2.62,
            "eps_latest_yearly": 2.68,
            "eps_growth_yearly": 574.33
        },
        "20192": {
            "year_quarter": 20192,
            "year": 2019,
            "quarter": 2,
            "eps": 0.96,
            "eps_growth_year": -15.79,
            "eps_4q": 2.75,
            "eps_4q_growth_year": 51.59,
            "roe": 4.87,
            "roe_4q": 14.67,
            "gross_profit": 50335,
            "gross_margin": 23.21,
            "gross_margin_4q_avg": 27.06,
            "net_income": 28775,
            "net_income_4q": null,
            "revenue": 216888,
            "revenue_4q": null,
            "common_shares": 245625,
            "book_valuer_per_share": 24.37,
            "book_valuer_per_share_4q_avg": 23.14,
            "equity": 598563,
            "current_ratio": 261.19,
            "debt_ratio": 31.34,
            "inventory_turnover_ratio": 1.99,
            "account_receivable_turnover_ratio": 1.27,
            "reinvestment_rate": 28.56,
            "research_to_sale_ratio": 3.37,
            "price_fair": 93.19,
            "eps_avg_yearly": 2.66,
            "eps_latest_yearly": 3.84,
            "eps_growth_yearly": 588.21
        },
        "20193": {
            "year_quarter": 20193,
            "year": 2019,
            "quarter": 3,
            "eps": 2.89,
            "eps_growth_year": 240,
            "eps_4q": 4.94,
            "eps_4q_growth_year": 103.56,
            "roe": 13.67,
            "roe_4q": 24.43,
            "gross_profit": 44756,
            "gross_margin": 24.12,
            "gross_margin_4q_avg": 26,
            "net_income": 86742,
            "net_income_4q": null,
            "revenue": 185528,
            "revenue_4q": null,
            "common_shares": 300154,
            "book_valuer_per_share": 22.32,
            "book_valuer_per_share_4q_avg": 23.27,
            "equity": 670083,
            "current_ratio": 247.7,
            "debt_ratio": 30.22,
            "inventory_turnover_ratio": 1.64,
            "account_receivable_turnover_ratio": 0.9,
            "reinvestment_rate": 46.21,
            "research_to_sale_ratio": 3.94,
            "price_fair": 100.8,
            "eps_avg_yearly": 2.88,
            "eps_latest_yearly": 11.56,
            "eps_growth_yearly": 599.55
        },
        "20194": {
            "year_quarter": 20194,
            "year": 2019,
            "quarter": 4,
            "eps": 0.48,
            "eps_growth_year": -27.67,
            "eps_4q": 4.88,
            "eps_4q_growth_year": 78.28,
            "roe": 2.15,
            "roe_4q": 23.57,
            "gross_profit": 54365,
            "gross_margin": 30.04,
            "gross_margin_4q_avg": 26.32,
            "net_income": 14497,
            "net_income_4q": null,
            "revenue": 180959,
            "revenue_4q": null,
            "common_shares": 300154,
            "book_valuer_per_share": 22.65,
            "book_valuer_per_share_4q_avg": 23.27,
            "equity": 679931,
            "current_ratio": 261.05,
            "debt_ratio": 28.51,
            "inventory_turnover_ratio": 1.29,
            "account_receivable_turnover_ratio": 0.93,
            "reinvestment_rate": 45.76,
            "research_to_sale_ratio": 6.63,
            "price_fair": 101.68,
            "eps_avg_yearly": 2.91,
            "eps_latest_yearly": 1.92,
            "eps_growth_yearly": 598.99
        },
        "20201": {
            "year_quarter": 20201,
            "year": 2020,
            "quarter": 1,
            "eps": 0.24,
            "eps_growth_year": -64.18,
            "eps_4q": 4.57,
            "eps_4q_growth_year": 37.48,
            "roe": 1.04,
            "roe_4q": 21.73,
            "gross_profit": 38155,
            "gross_margin": 26.03,
            "gross_margin_4q_avg": 25.85,
            "net_income": 7116,
            "net_income_4q": null,
            "revenue": 146563,
            "revenue_4q": null,
            "common_shares": 300154,
            "book_valuer_per_share": 22.76,
            "book_valuer_per_share_4q_avg": 23.03,
            "equity": 683338,
            "current_ratio": 262.59,
            "debt_ratio": 28.79,
            "inventory_turnover_ratio": 1.05,
            "account_receivable_turnover_ratio": 0.89,
            "reinvestment_rate": 38.37,
            "research_to_sale_ratio": 5.91,
            "price_fair": 103.43,
            "eps_avg_yearly": 2.96,
            "eps_latest_yearly": 0.96,
            "eps_growth_yearly": 608.86
        },
        "20202": {
            "year_quarter": 20202,
            "year": 2020,
            "quarter": 2,
            "eps": 1.07,
            "eps_growth_year": 11.46,
            "eps_4q": 4.68,
            "eps_4q_growth_year": 70.63,
            "roe": 4.97,
            "roe_4q": 21.83,
            "gross_profit": 73974,
            "gross_margin": 30.24,
            "gross_margin_4q_avg": 27.61,
            "net_income": 32253,
            "net_income_4q": null,
            "revenue": 244600,
            "revenue_4q": null,
            "common_shares": 300154,
            "book_valuer_per_share": 20.51,
            "book_valuer_per_share_4q_avg": 22.06,
            "equity": 615690,
            "current_ratio": 186.78,
            "debt_ratio": 40.11,
            "inventory_turnover_ratio": 1.62,
            "account_receivable_turnover_ratio": 1.24,
            "reinvestment_rate": 35.74,
            "research_to_sale_ratio": 3.56,
            "price_fair": 108.68,
            "eps_avg_yearly": 3.11,
            "eps_latest_yearly": 4.28,
            "eps_growth_yearly": 426.57
        },
        "20203": {
            "year_quarter": 20203,
            "year": 2020,
            "quarter": 3,
            "eps": 0.34,
            "eps_growth_year": -88.24,
            "eps_4q": 2.14,
            "eps_4q_growth_year": -56.75,
            "roe": 1.64,
            "roe_4q": 9.799999999999999,
            "gross_profit": 54835,
            "gross_margin": 29.24,
            "gross_margin_4q_avg": 28.89,
            "net_income": 10287,
            "net_income_4q": null,
            "revenue": 187529,
            "revenue_4q": null,
            "common_shares": 300154,
            "book_valuer_per_share": 21.16,
            "book_valuer_per_share_4q_avg": 21.77,
            "equity": 635079,
            "current_ratio": 245.15,
            "debt_ratio": 29.84,
            "inventory_turnover_ratio": 1.36,
            "account_receivable_turnover_ratio": 0.88,
            "reinvestment_rate": 38.22,
            "research_to_sale_ratio": 4.67,
            "price_fair": 107.36,
            "eps_avg_yearly": 3.07,
            "eps_latest_yearly": 1.36,
            "eps_growth_yearly": 408.45
        },
        "20204": {
            "year_quarter": 20204,
            "year": 2020,
            "quarter": 4,
            "eps": 0.44,
            "eps_growth_year": -9.88,
            "eps_4q": 2.09,
            "eps_4q_growth_year": -57.16,
            "roe": 2.02,
            "roe_4q": 9.669999999999998,
            "gross_profit": 49336,
            "gross_margin": 25.84,
            "gross_margin_4q_avg": 27.84,
            "net_income": 13066,
            "net_income_4q": null,
            "revenue": 190953,
            "revenue_4q": null,
            "common_shares": 300154,
            "book_valuer_per_share": 22,
            "book_valuer_per_share_4q_avg": 21.61,
            "equity": 660303,
            "current_ratio": 233.19,
            "debt_ratio": 31.39,
            "inventory_turnover_ratio": 1.49,
            "account_receivable_turnover_ratio": 0.98,
            "reinvestment_rate": 44.84,
            "research_to_sale_ratio": 5.32,
            "price_fair": 102.46,
            "eps_avg_yearly": 2.93,
            "eps_latest_yearly": 1.76,
            "eps_growth_yearly": 389.78
        },
        "20211": {
            "year_quarter": 20211,
            "year": 2021,
            "quarter": 1,
            "eps": 0.59,
            "eps_growth_year": 145.83,
            "eps_4q": 2.44,
            "eps_4q_growth_year": -46.61,
            "roe": 2.64,
            "roe_4q": 11.27,
            "gross_profit": 48564,
            "gross_margin": 25.03,
            "gross_margin_4q_avg": 27.59,
            "net_income": 17610,
            "net_income_4q": null,
            "revenue": 194045,
            "revenue_4q": null,
            "common_shares": 300154,
            "book_valuer_per_share": 22.5,
            "book_valuer_per_share_4q_avg": 21.54,
            "equity": 675319,
            "current_ratio": 243.71,
            "debt_ratio": 30.71,
            "inventory_turnover_ratio": 1.5,
            "account_receivable_turnover_ratio": 0.98,
            "reinvestment_rate": 26.04,
            "research_to_sale_ratio": 4.33,
            "price_fair": 100.98,
            "eps_avg_yearly": 2.89,
            "eps_latest_yearly": 2.36,
            "eps_growth_yearly": 404.31
        },
        "20212": {
            "year_quarter": 20212,
            "year": 2021,
            "quarter": 2,
            "eps": 0.79,
            "eps_growth_year": -26.17,
            "eps_4q": 2.15,
            "eps_4q_growth_year": -54.01,
            "roe": 3.75,
            "roe_4q": 10.05,
            "gross_profit": 55713,
            "gross_margin": 27.41,
            "gross_margin_4q_avg": 26.88,
            "net_income": 23708,
            "net_income_4q": null,
            "revenue": 203239,
            "revenue_4q": null,
            "common_shares": 300154,
            "book_valuer_per_share": 19.65,
            "book_valuer_per_share_4q_avg": 21.33,
            "equity": 589952,
            "current_ratio": 263.17,
            "debt_ratio": 35.34,
            "inventory_turnover_ratio": 1.62,
            "account_receivable_turnover_ratio": 1.2,
            "reinvestment_rate": -30.95,
            "research_to_sale_ratio": 3.52,
            "price_fair": 103.34,
            "eps_avg_yearly": 2.95,
            "eps_latest_yearly": 3.16,
            "eps_growth_yearly": 420.68
        },
        "20213": {
            "year_quarter": 20213,
            "year": 2021,
            "quarter": 3,
            "eps": 0.94,
            "eps_growth_year": 176.47,
            "eps_4q": 2.75,
            "eps_4q_growth_year": 28.8,
            "roe": 4.69,
            "roe_4q": 13.100000000000001,
            "gross_profit": 52822,
            "gross_margin": 26.96,
            "gross_margin_4q_avg": 26.31,
            "net_income": 28250,
            "net_income_4q": null,
            "revenue": 195926,
            "revenue_4q": null,
            "common_shares": 300154,
            "book_valuer_per_share": 20.51,
            "book_valuer_per_share_4q_avg": 21.17,
            "equity": 615690,
            "current_ratio": 363.44,
            "debt_ratio": 26.42,
            "inventory_turnover_ratio": 1.73,
            "account_receivable_turnover_ratio": 1.24,
            "reinvestment_rate": -28.49,
            "research_to_sale_ratio": 2.89,
            "price_fair": 109.46,
            "eps_avg_yearly": 3.13,
            "eps_latest_yearly": 3.76,
            "eps_growth_yearly": 438.88
        },
        "20214": {
            "year_quarter": 20214,
            "year": 2021,
            "quarter": 4,
            "eps": 0.78,
            "eps_growth_year": 80.13,
            "eps_4q": 3.1,
            "eps_4q_growth_year": 48.44,
            "roe": 3.73,
            "roe_4q": 14.81,
            "gross_profit": 60345,
            "gross_margin": 27.25,
            "gross_margin_4q_avg": 26.66,
            "net_income": 23536,
            "net_income_4q": null,
            "revenue": 221422,
            "revenue_4q": null,
            "common_shares": 300154,
            "book_valuer_per_share": 21.52,
            "book_valuer_per_share_4q_avg": 21.05,
            "equity": 645924,
            "current_ratio": 313.96,
            "debt_ratio": 30.6,
            "inventory_turnover_ratio": 1.64,
            "account_receivable_turnover_ratio": 1.18,
            "reinvestment_rate": -32.4,
            "research_to_sale_ratio": 4.54,
            "price_fair": 113.14,
            "eps_avg_yearly": 3.23,
            "eps_latest_yearly": 3.12,
            "eps_growth_yearly": 422.13
        },
        "20221": {
            "year_quarter": 20221,
            "year": 2022,
            "quarter": 1,
            "eps": 0.75,
            "eps_growth_year": 27.12,
            "eps_4q": 3.26,
            "eps_4q_growth_year": 33.69,
            "roe": 3.34,
            "roe_4q": 15.510000000000002,
            "gross_profit": 45693,
            "gross_margin": 24.64,
            "gross_margin_4q_avg": 26.57,
            "net_income": 22386,
            "net_income_4q": null,
            "revenue": 185448,
            "revenue_4q": null,
            "common_shares": 300154,
            "book_valuer_per_share": 23.1,
            "book_valuer_per_share_4q_avg": 21.2,
            "equity": 693473,
            "current_ratio": 377.51,
            "debt_ratio": 26.16,
            "inventory_turnover_ratio": 1.14,
            "account_receivable_turnover_ratio": 0.99,
            "reinvestment_rate": -29.97,
            "research_to_sale_ratio": 3.22,
            "price_fair": 119,
            "eps_avg_yearly": 3.4,
            "eps_latest_yearly": 3,
            "eps_growth_yearly": 440.61
        },
        "20222": {
            "year_quarter": 20222,
            "year": 2022,
            "quarter": 2,
            "eps": 1.32,
            "eps_growth_year": 67.09,
            "eps_4q": 3.79,
            "eps_4q_growth_year": 75.83,
            "roe": 6,
            "roe_4q": 17.76,
            "gross_profit": 33907,
            "gross_margin": 21.98,
            "gross_margin_4q_avg": 25.21,
            "net_income": 39538,
            "net_income_4q": null,
            "revenue": 154281,
            "revenue_4q": null,
            "common_shares": 300154,
            "book_valuer_per_share": 20.81,
            "book_valuer_per_share_4q_avg": 21.49,
            "equity": 624580,
            "current_ratio": 281.58,
            "debt_ratio": 34.66,
            "inventory_turnover_ratio": 0.96,
            "account_receivable_turnover_ratio": 0.9,
            "reinvestment_rate": -30.14,
            "research_to_sale_ratio": 4.11,
            "price_fair": 120.58,
            "eps_avg_yearly": 3.45,
            "eps_latest_yearly": 5.28,
            "eps_growth_yearly": 128.36
        },
        "20223": {
            "year_quarter": 20223,
            "year": 2022,
            "quarter": 3,
            "eps": 1.82,
            "eps_growth_year": 93.62,
            "eps_4q": 4.66,
            "eps_4q_growth_year": 69.44,
            "roe": 8.33,
            "roe_4q": 21.400000000000002,
            "gross_profit": 58428,
            "gross_margin": 27.8,
            "gross_margin_4q_avg": 25.42,
            "net_income": 54553,
            "net_income_4q": null,
            "revenue": 210177,
            "revenue_4q": null,
            "common_shares": 300154,
            "book_valuer_per_share": 22.84,
            "book_valuer_per_share_4q_avg": 22.07,
            "equity": 685589,
            "current_ratio": 412.37,
            "debt_ratio": 25.31,
            "inventory_turnover_ratio": 1.36,
            "account_receivable_turnover_ratio": 1.17,
            "reinvestment_rate": -26.29,
            "research_to_sale_ratio": 2.9,
            "price_fair": 129.06,
            "eps_avg_yearly": 3.69,
            "eps_latest_yearly": 7.28,
            "eps_growth_yearly": 144.19
        },
        "20224": {
            "year_quarter": 20224,
            "year": 2022,
            "quarter": 4,
            "eps": 0.32,
            "eps_growth_year": -59.09,
            "eps_4q": 4.2,
            "eps_4q_growth_year": 35.45,
            "roe": 1.4,
            "roe_4q": 19.07,
            "gross_profit": 39225,
            "gross_margin": 30.67,
            "gross_margin_4q_avg": 26.27,
            "net_income": 9628,
            "net_income_4q": null,
            "revenue": 127895,
            "revenue_4q": null,
            "common_shares": 300154,
            "book_valuer_per_share": 22.85,
            "book_valuer_per_share_4q_avg": 22.4,
            "equity": 685936,
            "current_ratio": 515.92,
            "debt_ratio": 20.05,
            "inventory_turnover_ratio": 0.97,
            "account_receivable_turnover_ratio": 0.86,
            "reinvestment_rate": -27.72,
            "research_to_sale_ratio": 5.49,
            "price_fair": 126,
            "eps_avg_yearly": 3.6,
            "eps_latest_yearly": 1.28,
            "eps_growth_yearly": 128.88
        },
        "20231": {
            "year_quarter": 20231,
            "year": 2023,
            "quarter": 1,
            "eps": 0.41,
            "eps_growth_year": -45.33,
            "eps_4q": 3.87,
            "eps_4q_growth_year": 18.61,
            "roe": 1.93,
            "roe_4q": 17.66,
            "gross_profit": 38133,
            "gross_margin": 29.48,
            "gross_margin_4q_avg": 27.48,
            "net_income": 12378,
            "net_income_4q": null,
            "revenue": 129363,
            "revenue_4q": null,
            "common_shares": 300154,
            "book_valuer_per_share": 19.87,
            "book_valuer_per_share_4q_avg": 21.59,
            "equity": 596355,
            "current_ratio": 319.14,
            "debt_ratio": 30.92,
            "inventory_turnover_ratio": 1.25,
            "account_receivable_turnover_ratio": 1.17,
            "reinvestment_rate": -28.92,
            "research_to_sale_ratio": 4.87,
            "price_fair": 123.73,
            "eps_avg_yearly": 3.54,
            "eps_latest_yearly": 1.64,
            "eps_growth_yearly": 135.91
        },
        "20232": {
            "year_quarter": 20232,
            "year": 2023,
            "quarter": 2,
            "eps": 1.07,
            "eps_growth_year": -18.94,
            "eps_4q": 3.62,
            "eps_4q_growth_year": -4.47,
            "roe": 5.31,
            "roe_4q": 16.97,
            "gross_profit": 30192,
            "gross_margin": 26.89,
            "gross_margin_4q_avg": 28.71,
            "net_income": 32066,
            "net_income_4q": null,
            "revenue": 112297,
            "revenue_4q": null,
            "common_shares": 300154,
            "book_valuer_per_share": 20.38,
            "book_valuer_per_share_4q_avg": 21.49,
            "equity": 611807,
            "current_ratio": 319.83,
            "debt_ratio": 31.32,
            "inventory_turnover_ratio": 1.36,
            "account_receivable_turnover_ratio": 1.09,
            "reinvestment_rate": -29.34,
            "research_to_sale_ratio": 5.14,
            "price_fair": 124.69,
            "eps_avg_yearly": 3.56,
            "eps_latest_yearly": 4.28,
            "eps_growth_yearly": 165.34
        },
        "20233": {
            "year_quarter": 20233,
            "year": 2023,
            "quarter": 3,
            "eps": 0.51,
            "eps_growth_year": -71.98,
            "eps_4q": 2.31,
            "eps_4q_growth_year": -50.53,
            "roe": 2.4,
            "roe_4q": 11.04,
            "gross_profit": 33531,
            "gross_margin": 30.02,
            "gross_margin_4q_avg": 29.27,
            "net_income": 15191,
            "net_income_4q": null,
            "revenue": 111714,
            "revenue_4q": null,
            "common_shares": 300154,
            "book_valuer_per_share": 21.76,
            "book_valuer_per_share_4q_avg": 21.22,
            "equity": 653087,
            "current_ratio": 506.52,
            "debt_ratio": 21.33,
            "inventory_turnover_ratio": 1.33,
            "account_receivable_turnover_ratio": 1.14,
            "reinvestment_rate": -59.65,
            "research_to_sale_ratio": 5.01,
            "price_fair": 103.86,
            "eps_avg_yearly": 2.97,
            "eps_latest_yearly": 2.04,
            "eps_growth_yearly": 101.99
        }
    },
    "months": {
        "2015-12": {
            "month": "2015-12",
            "price": "78.44",
            "revenue": 38238
        },
        "2016-01": {
            "month": "2016-01",
            "price": "63.66",
            "revenue": 45694
        },
        "2016-02": {
            "month": "2016-02",
            "price": "68.45",
            "revenue": 22620
        },
        "2016-03": {
            "month": "2016-03",
            "price": "66.52",
            "revenue": 36692
        },
        "2016-04": {
            "month": "2016-04",
            "price": "59.84",
            "revenue": 45255
        },
        "2016-05": {
            "month": "2016-05",
            "price": "45.22",
            "revenue": 32739
        },
        "2016-06": {
            "month": "2016-06",
            "price": "45.81",
            "revenue": 33570
        },
        "2016-07": {
            "month": "2016-07",
            "price": "41.50",
            "revenue": 40544
        },
        "2016-08": {
            "month": "2016-08",
            "price": "38.23",
            "revenue": 36120
        },
        "2016-09": {
            "month": "2016-09",
            "price": "35.73",
            "revenue": 43079
        },
        "2016-10": {
            "month": "2016-10",
            "price": "32.11",
            "revenue": 41236
        },
        "2016-11": {
            "month": "2016-11",
            "price": "34.25",
            "revenue": 45082
        },
        "2016-12": {
            "month": "2016-12",
            "price": "37.33",
            "revenue": 48962
        },
        "2017-01": {
            "month": "2017-01",
            "price": "39.29",
            "revenue": 31564
        },
        "2017-02": {
            "month": "2017-02",
            "price": "40.03",
            "revenue": 35094
        },
        "2017-03": {
            "month": "2017-03",
            "price": "39.72",
            "revenue": 39919
        },
        "2017-04": {
            "month": "2017-04",
            "price": "42.52",
            "revenue": 32793
        },
        "2017-05": {
            "month": "2017-05",
            "price": "42.66",
            "revenue": 45943
        },
        "2017-06": {
            "month": "2017-06",
            "price": "46.65",
            "revenue": 51406
        },
        "2017-07": {
            "month": "2017-07",
            "price": "44.80",
            "revenue": 35249
        },
        "2017-08": {
            "month": "2017-08",
            "price": "41.47",
            "revenue": 36165
        },
        "2017-09": {
            "month": "2017-09",
            "price": "40.18",
            "revenue": 42197
        },
        "2017-10": {
            "month": "2017-10",
            "price": "38.68",
            "revenue": 28402
        },
        "2017-11": {
            "month": "2017-11",
            "price": "35.09",
            "revenue": 33776
        },
        "2017-12": {
            "month": "2017-12",
            "price": "33.60",
            "revenue": 36892
        },
        "2018-01": {
            "month": "2018-01",
            "price": "32.47",
            "revenue": 42206
        },
        "2018-02": {
            "month": "2018-02",
            "price": "31.79",
            "revenue": 24664
        },
        "2018-03": {
            "month": "2018-03",
            "price": "31.74",
            "revenue": 41273
        },
        "2018-04": {
            "month": "2018-04",
            "price": "30.53",
            "revenue": 44203
        },
        "2018-05": {
            "month": "2018-05",
            "price": "27.52",
            "revenue": 59517
        },
        "2018-06": {
            "month": "2018-06",
            "price": "30.91",
            "revenue": 54180
        },
        "2018-07": {
            "month": "2018-07",
            "price": "33.97",
            "revenue": 40179
        },
        "2018-08": {
            "month": "2018-08",
            "price": "37.19",
            "revenue": 41890
        },
        "2018-09": {
            "month": "2018-09",
            "price": "39.29",
            "revenue": 48375
        },
        "2018-10": {
            "month": "2018-10",
            "price": "37.46",
            "revenue": 40857
        },
        "2018-11": {
            "month": "2018-11",
            "price": "38.23",
            "revenue": 44077
        },
        "2018-12": {
            "month": "2018-12",
            "price": "38.35",
            "revenue": 51669
        },
        "2019-01": {
            "month": "2019-01",
            "price": "38.36",
            "revenue": 47400
        },
        "2019-02": {
            "month": "2019-02",
            "price": "38.83",
            "revenue": 30416
        },
        "2019-03": {
            "month": "2019-03",
            "price": "42.31",
            "revenue": 60404
        },
        "2019-04": {
            "month": "2019-04",
            "price": "56.05",
            "revenue": 79134
        },
        "2019-05": {
            "month": "2019-05",
            "price": "61.53",
            "revenue": 83091
        },
        "2019-06": {
            "month": "2019-06",
            "price": "59.86",
            "revenue": 54733
        },
        "2019-07": {
            "month": "2019-07",
            "price": "59.54",
            "revenue": 56123
        },
        "2019-08": {
            "month": "2019-08",
            "price": "57.43",
            "revenue": 63845
        },
        "2019-09": {
            "month": "2019-09",
            "price": "69.73",
            "revenue": 65325
        },
        "2019-10": {
            "month": "2019-10",
            "price": "74.31",
            "revenue": 55427
        },
        "2019-11": {
            "month": "2019-11",
            "price": "72.19",
            "revenue": 64423
        },
        "2019-12": {
            "month": "2019-12",
            "price": "73.66",
            "revenue": 61169
        },
        "2020-01": {
            "month": "2020-01",
            "price": "68.58",
            "revenue": 54665
        },
        "2020-02": {
            "month": "2020-02",
            "price": "61.93",
            "revenue": 26670
        },
        "2020-03": {
            "month": "2020-03",
            "price": "48.33",
            "revenue": 65207
        },
        "2020-04": {
            "month": "2020-04",
            "price": "52.66",
            "revenue": 87625
        },
        "2020-05": {
            "month": "2020-05",
            "price": "60.60",
            "revenue": 85097
        },
        "2020-06": {
            "month": "2020-06",
            "price": "63.62",
            "revenue": 71878
        },
        "2020-07": {
            "month": "2020-07",
            "price": "65.86",
            "revenue": 72786
        },
        "2020-08": {
            "month": "2020-08",
            "price": "57.60",
            "revenue": 52217
        },
        "2020-09": {
            "month": "2020-09",
            "price": "51.21",
            "revenue": 62524
        },
        "2020-10": {
            "month": "2020-10",
            "price": "48.88",
            "revenue": 49304
        },
        "2020-11": {
            "month": "2020-11",
            "price": "46.64",
            "revenue": 66883
        },
        "2020-12": {
            "month": "2020-12",
            "price": "47.30",
            "revenue": 74768
        },
        "2021-01": {
            "month": "2021-01",
            "price": "44.93",
            "revenue": 70406
        },
        "2021-02": {
            "month": "2021-02",
            "price": "44.44",
            "revenue": 42358
        },
        "2021-03": {
            "month": "2021-03",
            "price": "47.23",
            "revenue": 81281
        },
        "2021-04": {
            "month": "2021-04",
            "price": "50.02",
            "revenue": 76922
        },
        "2021-05": {
            "month": "2021-05",
            "price": "45.30",
            "revenue": 72588
        },
        "2021-06": {
            "month": "2021-06",
            "price": "47.18",
            "revenue": 53729
        },
        "2021-07": {
            "month": "2021-07",
            "price": "47.15",
            "revenue": 71651
        },
        "2021-08": {
            "month": "2021-08",
            "price": "42.50",
            "revenue": 68931
        },
        "2021-09": {
            "month": "2021-09",
            "price": "42.15",
            "revenue": 54230
        },
        "2021-10": {
            "month": "2021-10",
            "price": "42.52",
            "revenue": 56028
        },
        "2021-11": {
            "month": "2021-11",
            "price": "55.82",
            "revenue": 82749
        },
        "2021-12": {
            "month": "2021-12",
            "price": "76.22",
            "revenue": 83532
        },
        "2022-01": {
            "month": "2022-01",
            "price": "69.44",
            "revenue": 71659
        },
        "2022-02": {
            "month": "2022-02",
            "price": "62.50",
            "revenue": 35903
        },
        "2022-03": {
            "month": "2022-03",
            "price": "63.53",
            "revenue": 76833
        },
        "2022-04": {
            "month": "2022-04",
            "price": "69.52",
            "revenue": 6342
        },
        "2022-05": {
            "month": "2022-05",
            "price": "64.46",
            "revenue": 70988
        },
        "2022-06": {
            "month": "2022-06",
            "price": "68.34",
            "revenue": 78004
        },
        "2022-07": {
            "month": "2022-07",
            "price": "59.59",
            "revenue": 77589
        },
        "2022-08": {
            "month": "2022-08",
            "price": "65.30",
            "revenue": 74978
        },
        "2022-09": {
            "month": "2022-09",
            "price": "59.09",
            "revenue": 57594
        },
        "2022-10": {
            "month": "2022-10",
            "price": "48.99",
            "revenue": 54077
        },
        "2022-11": {
            "month": "2022-11",
            "price": "53.83",
            "revenue": 24724
        },
        "2022-12": {
            "month": "2022-12",
            "price": "53.58",
            "revenue": 49094
        },
        "2023-01": {
            "month": "2023-01",
            "price": "50.62",
            "revenue": 41707
        },
        "2023-02": {
            "month": "2023-02",
            "price": "54.65",
            "revenue": 43282
        },
        "2023-03": {
            "month": "2023-03",
            "price": "58.22",
            "revenue": 44355
        },
        "2023-04": {
            "month": "2023-04",
            "price": "59.81",
            "revenue": 43212
        },
        "2023-05": {
            "month": "2023-05",
            "price": "57.87",
            "revenue": 34119
        },
        "2023-06": {
            "month": "2023-06",
            "price": "57.24",
            "revenue": 35122
        },
        "2023-07": {
            "month": "2023-07",
            "price": "52.99",
            "revenue": 39936
        },
        "2023-08": {
            "month": "2023-08",
            "price": "49.66",
            "revenue": 34151
        },
        "2023-09": {
            "month": "2023-09",
            "price": "49.32",
            "revenue": 37590
        },
        "2023-10": {
            "month": "2023-10",
            "price": "48.95",
            "revenue": 43827
        },
        "2023-11": {
            "month": "2023-11",
            "price": "50.65",
            "revenue": 45502
        },
        "2023-12": {
            "month": "2023-12",
            "price": "51.75",
            "revenue": 43925
        }
    }
}
