{
    "summary": {
        "stock_name": "勤崴國際",
        "stock_id": "6516",
        "category": "資訊服務",
        "main_business": "電子地圖 、導航服務及車載、自駕整合服務、系統整合服務<br>電商及其他服務",
        "website_url": "http://www.kingwaytek.com",
        "ceo": "黃晟中",
        "pe_ratio": 51,
        "report_year_from": 2013,
        "report_year_to": 2023,
        "age": 10,
        "eps_negative_percentage": 0,
        "eps_growth_avg": {
            "last_all": 8.09,
            "last_2y": 41.24,
            "last_4y": null,
            "last_8y": null,
            "last_12y": null,
            "last_16y": null,
            "last_20y": null,
            "at_2006_last_3y": null,
            "at_2007_last_3y": null,
            "at_2008_last_3y": null,
            "at_2009_last_3y": null,
            "at_2010_last_3y": null,
            "at_2011_last_3y": null,
            "at_2012_last_3y": null,
            "at_2013_last_3y": null,
            "at_2014_last_3y": null,
            "at_2015_last_3y": null,
            "at_2016_last_3y": null,
            "at_2017_last_3y": null,
            "at_2018_last_3y": null,
            "at_2019_last_3y": null,
            "at_2020_last_3y": null,
            "at_2021_last_3y": null,
            "at_2022_last_3y": 8.09,
            "at_2023_last_3y": 8.09,
            "at_2006_last_all": null,
            "at_2007_last_all": null,
            "at_2008_last_all": null,
            "at_2009_last_all": null,
            "at_2010_last_all": null,
            "at_2011_last_all": null,
            "at_2012_last_all": null,
            "at_2013_last_all": null,
            "at_2014_last_all": null,
            "at_2015_last_all": null,
            "at_2016_last_all": null,
            "at_2017_last_all": null,
            "at_2018_last_all": null,
            "at_2019_last_all": null,
            "at_2020_last_all": -58.18,
            "at_2021_last_all": -5.46,
            "at_2022_last_all": 8.09,
            "at_2023_last_all": 8.09
        },
        "latest_eps": 1.77,
        "latest_price": 90.8,
        "latest_roe": 8.05,
        "latest_gross_margin": 47.49,
        "latest_equity": 1037179,
        "latest_revenue": 128301,
        "latest_gross_profit": 60936,
        "latest_net_income": 17555,
        "latest_debt_ratio": 14.32,
        "latest_current_ratio": 839.66,
        "latest_account_receivable_turnover_ratio": 1.41,
        "latest_inventory_turnover_ratio": 580.73,
        "latest_reinvestment_rate": 34.4,
        "latest_research_to_sale_ratio": 15.29
    },
    "eps_dividends": {
        "2001": {
            "cash": 0,
            "stock": 0,
            "eps": 0
        },
        "2002": {
            "cash": 0,
            "stock": 0,
            "eps": 0
        },
        "2003": {
            "cash": 0,
            "stock": 0,
            "eps": 0
        },
        "2004": {
            "cash": 0,
            "stock": 0,
            "eps": 0
        },
        "2005": {
            "cash": 0,
            "stock": 0,
            "eps": 0
        },
        "2006": {
            "cash": 0,
            "stock": 0,
            "eps": 0
        },
        "2007": {
            "cash": 0,
            "stock": 0,
            "eps": 0
        },
        "2008": {
            "cash": 0,
            "stock": 0,
            "eps": 0
        },
        "2009": {
            "cash": 0,
            "stock": 0,
            "eps": 0
        },
        "2010": {
            "cash": 0,
            "stock": 0,
            "eps": 0
        },
        "2011": {
            "cash": 0,
            "stock": 0,
            "eps": 0
        },
        "2012": {
            "cash": 0,
            "stock": 0,
            "eps": 0
        },
        "2013": {
            "cash": 0,
            "stock": 0,
            "eps": 0
        },
        "2014": {
            "cash": 0,
            "stock": 0,
            "eps": 0
        },
        "2015": {
            "cash": 0,
            "stock": 3,
            "eps": 0
        },
        "2016": {
            "cash": 0,
            "stock": 2,
            "eps": 0
        },
        "2017": {
            "cash": 0,
            "stock": 2,
            "eps": 0
        },
        "2018": {
            "cash": 0,
            "stock": 2,
            "eps": 1.39
        },
        "2019": {
            "cash": 0,
            "stock": 2,
            "eps": 0.12
        },
        "2020": {
            "cash": 0,
            "stock": 1,
            "eps": 0.09
        },
        "2021": {
            "cash": 0,
            "stock": 1,
            "eps": 1.17
        },
        "2022": {
            "cash": 1,
            "stock": 1,
            "eps": 1.74
        },
        "2023": {
            "cash": 1,
            "stock": 1,
            "eps": 0.38
        }
    },
    "dividends": {
        "2015-09-04": {
            "cash": 0.3,
            "stock": 2.5
        },
        "2016-09-19": {
            "cash": 0.13,
            "stock": 1.8
        },
        "2017-08-14": {
            "cash": 0.1,
            "stock": 1.8
        },
        "2018-08-16": {
            "cash": 0.13,
            "stock": 1.8
        },
        "2019-10-04": {
            "cash": 0.12,
            "stock": 1.9
        },
        "2020-10-13": {
            "cash": 0.07,
            "stock": 1
        },
        "2021-10-27": {
            "cash": 0.13,
            "stock": 1
        },
        "2022-08-08": {
            "cash": 0.88,
            "stock": 1
        },
        "2023-02-24": {
            "cash": 1.24,
            "stock": 1
        }
    },
    "prices": {
        "200101": "無",
        "200102": "無",
        "200103": "無",
        "200104": "無",
        "200105": "無",
        "200106": "無",
        "200107": "無",
        "200108": "無",
        "200109": "無",
        "200110": "無",
        "200111": "無",
        "200112": "無",
        "200201": "無",
        "200202": "無",
        "200203": "無",
        "200204": "無",
        "200205": "無",
        "200206": "無",
        "200207": "無",
        "200208": "無",
        "200209": "無",
        "200210": "無",
        "200211": "無",
        "200212": "無",
        "200301": "無",
        "200302": "無",
        "200303": "無",
        "200304": "無",
        "200305": "無",
        "200306": "無",
        "200307": "無",
        "200308": "無",
        "200309": "無",
        "200310": "無",
        "200311": "無",
        "200312": "無",
        "200401": "無",
        "200402": "無",
        "200403": "無",
        "200404": "無",
        "200405": "無",
        "200406": "無",
        "200407": "無",
        "200408": "無",
        "200409": "無",
        "200410": "無",
        "200411": "無",
        "200412": "無",
        "200501": "無",
        "200502": "無",
        "200503": "無",
        "200504": "無",
        "200505": "無",
        "200506": "無",
        "200507": "無",
        "200508": "無",
        "200509": "無",
        "200510": "無",
        "200511": "無",
        "200512": "無",
        "200601": "無",
        "200602": "無",
        "200603": "無",
        "200604": "無",
        "200605": "無",
        "200606": "無",
        "200607": "無",
        "200608": "無",
        "200609": "無",
        "200610": "無",
        "200611": "無",
        "200612": "無",
        "200701": "無",
        "200702": "無",
        "200703": "無",
        "200704": "無",
        "200705": "無",
        "200706": "無",
        "200707": "無",
        "200708": "無",
        "200709": "無",
        "200710": "無",
        "200711": "無",
        "200712": "無",
        "200801": "無",
        "200802": "無",
        "200803": "無",
        "200804": "無",
        "200805": "無",
        "200806": "無",
        "200807": "無",
        "200808": "無",
        "200809": "無",
        "200810": "無",
        "200811": "無",
        "200812": "無",
        "200901": "無",
        "200902": "無",
        "200903": "無",
        "200904": "無",
        "200905": "無",
        "200906": "無",
        "200907": "無",
        "200908": "無",
        "200909": "無",
        "200910": "無",
        "200911": "無",
        "200912": "無",
        "201001": "無",
        "201002": "無",
        "201003": "無",
        "201004": "無",
        "201005": "無",
        "201006": "無",
        "201007": "無",
        "201008": "無",
        "201009": "無",
        "201010": "無",
        "201011": "無",
        "201012": "無",
        "201101": "無",
        "201102": "無",
        "201103": "無",
        "201104": "無",
        "201105": "無",
        "201106": "無",
        "201107": "無",
        "201108": "無",
        "201109": "無",
        "201110": "無",
        "201111": "無",
        "201112": "無",
        "201201": "無",
        "201202": "無",
        "201203": "無",
        "201204": "無",
        "201205": "無",
        "201206": "無",
        "201207": "無",
        "201208": "無",
        "201209": "無",
        "201210": "無",
        "201211": "無",
        "201212": "無",
        "201301": "無",
        "201302": "無",
        "201303": "無",
        "201304": "無",
        "201305": "無",
        "201306": "無",
        "201307": "無",
        "201308": "無",
        "201309": "無",
        "201310": "無",
        "201311": "無",
        "201312": "無",
        "201401": "無",
        "201402": "無",
        "201403": "無",
        "201404": "無",
        "201405": "無",
        "201406": "無",
        "201407": "無",
        "201408": "無",
        "201409": "無",
        "201410": "無",
        "201411": "無",
        "201412": "無",
        "201501": "120.73",
        "201502": "119.96",
        "201503": "129.65",
        "201504": "144.98",
        "201505": "140.47",
        "201506": "139.67",
        "201507": "132.09",
        "201508": "97.46",
        "201509": "137.66",
        "201510": "206.39",
        "201511": "221.68",
        "201512": "211.09",
        "201601": "204.01",
        "201602": "200.21",
        "201603": "216.60",
        "201604": "246.50",
        "201605": "248.12",
        "201606": "238.20",
        "201607": "233.84",
        "201608": "230.08",
        "201609": "240.28",
        "201610": "249.81",
        "201611": "370.14",
        "201612": "435.08",
        "201701": "417.74",
        "201702": "393.97",
        "201703": "403.68",
        "201704": "402.21",
        "201705": "391.75",
        "201706": "394.93",
        "201707": "382.43",
        "201708": "378.74",
        "201709": "360.01",
        "201710": "324.79",
        "201711": "347.66",
        "201712": "343.34",
        "201801": "336.56",
        "201802": "325.05",
        "201803": "313.17",
        "201804": "298.06",
        "201805": "281.60",
        "201806": "290.10",
        "201807": "274.86",
        "201808": "229.14",
        "201809": "182.89",
        "201810": "153.29",
        "201811": "153.85",
        "201812": "196.89",
        "201901": "177.31",
        "201902": "183.73",
        "201903": "208.01",
        "201904": "217.68",
        "201905": "161.70",
        "201906": "148.00",
        "201907": "150.98",
        "201908": "144.76",
        "201909": "130.50",
        "201910": "112.71",
        "201911": "107.02",
        "201912": "105.02",
        "202001": "111.47",
        "202002": "103.72",
        "202003": "86.30",
        "202004": "80.35",
        "202005": "82.69",
        "202006": "84.60",
        "202007": "97.67",
        "202008": "90.15",
        "202009": "84.26",
        "202010": "78.64",
        "202011": "78.74",
        "202012": "78.73",
        "202101": "80.23",
        "202102": "85.63",
        "202103": "126.83",
        "202104": "133.61",
        "202105": "101.18",
        "202106": "105.27",
        "202107": "123.84",
        "202108": "112.07",
        "202109": "115.92",
        "202110": "102.00",
        "202111": "100.89",
        "202112": "94.51",
        "202201": "92.03",
        "202202": "92.66",
        "202203": "90.11",
        "202204": "89.81",
        "202205": "85.31",
        "202206": "83.90",
        "202207": "73.13",
        "202208": "77.53",
        "202209": "85.38",
        "202210": "75.90",
        "202211": "76.69",
        "202212": "77.73",
        "202301": "77.09",
        "202302": "83.11",
        "202303": "84.74",
        "202304": "92.14",
        "202305": "93.88"
    },
    "quarters": {
        "20011": {
            "year_quarter": 20011,
            "year": 2001,
            "quarter": 1,
            "eps": null,
            "eps_growth_year": null,
            "eps_4q": null,
            "eps_4q_growth_year": null,
            "roe": null,
            "roe_4q": 0,
            "gross_profit": null,
            "gross_margin": null,
            "gross_margin_4q_avg": 0,
            "net_income": null,
            "revenue": null,
            "common_shares": null,
            "book_valuer_per_share": null,
            "book_valuer_per_share_4q_avg": 0,
            "equity": null,
            "current_ratio": null,
            "debt_ratio": null,
            "inventory_turnover_ratio": null,
            "account_receivable_turnover_ratio": null,
            "reinvestment_rate": null,
            "research_to_sale_ratio": null,
            "price_fair": 0,
            "eps_avg_yearly": 0,
            "eps_latest_yearly": 0,
            "eps_growth_yearly": 0
        },
        "20012": {
            "year_quarter": 20012,
            "year": 2001,
            "quarter": 2,
            "eps": null,
            "eps_growth_year": null,
            "eps_4q": null,
            "eps_4q_growth_year": null,
            "roe": null,
            "roe_4q": 0,
            "gross_profit": null,
            "gross_margin": null,
            "gross_margin_4q_avg": 0,
            "net_income": null,
            "revenue": null,
            "common_shares": null,
            "book_valuer_per_share": null,
            "book_valuer_per_share_4q_avg": 0,
            "equity": null,
            "current_ratio": null,
            "debt_ratio": null,
            "inventory_turnover_ratio": null,
            "account_receivable_turnover_ratio": null,
            "reinvestment_rate": null,
            "research_to_sale_ratio": null,
            "price_fair": 0,
            "eps_avg_yearly": 0,
            "eps_latest_yearly": 0,
            "eps_growth_yearly": 0
        },
        "20013": {
            "year_quarter": 20013,
            "year": 2001,
            "quarter": 3,
            "eps": null,
            "eps_growth_year": null,
            "eps_4q": null,
            "eps_4q_growth_year": null,
            "roe": null,
            "roe_4q": 0,
            "gross_profit": null,
            "gross_margin": null,
            "gross_margin_4q_avg": 0,
            "net_income": null,
            "revenue": null,
            "common_shares": null,
            "book_valuer_per_share": null,
            "book_valuer_per_share_4q_avg": 0,
            "equity": null,
            "current_ratio": null,
            "debt_ratio": null,
            "inventory_turnover_ratio": null,
            "account_receivable_turnover_ratio": null,
            "reinvestment_rate": null,
            "research_to_sale_ratio": null,
            "price_fair": 0,
            "eps_avg_yearly": 0,
            "eps_latest_yearly": 0,
            "eps_growth_yearly": 0
        },
        "20014": {
            "year_quarter": 20014,
            "year": 2001,
            "quarter": 4,
            "eps": null,
            "eps_growth_year": null,
            "eps_4q": null,
            "eps_4q_growth_year": null,
            "roe": null,
            "roe_4q": 0,
            "gross_profit": null,
            "gross_margin": null,
            "gross_margin_4q_avg": 0,
            "net_income": null,
            "revenue": null,
            "common_shares": null,
            "book_valuer_per_share": null,
            "book_valuer_per_share_4q_avg": 0,
            "equity": null,
            "current_ratio": null,
            "debt_ratio": null,
            "inventory_turnover_ratio": null,
            "account_receivable_turnover_ratio": null,
            "reinvestment_rate": null,
            "research_to_sale_ratio": null,
            "price_fair": 0,
            "eps_avg_yearly": 0,
            "eps_latest_yearly": 0,
            "eps_growth_yearly": 0
        },
        "20021": {
            "year_quarter": 20021,
            "year": 2002,
            "quarter": 1,
            "eps": null,
            "eps_growth_year": null,
            "eps_4q": null,
            "eps_4q_growth_year": null,
            "roe": null,
            "roe_4q": 0,
            "gross_profit": null,
            "gross_margin": null,
            "gross_margin_4q_avg": 0,
            "net_income": null,
            "revenue": null,
            "common_shares": null,
            "book_valuer_per_share": null,
            "book_valuer_per_share_4q_avg": 0,
            "equity": null,
            "current_ratio": null,
            "debt_ratio": null,
            "inventory_turnover_ratio": null,
            "account_receivable_turnover_ratio": null,
            "reinvestment_rate": null,
            "research_to_sale_ratio": null,
            "price_fair": 0,
            "eps_avg_yearly": 0,
            "eps_latest_yearly": 0,
            "eps_growth_yearly": 0
        },
        "20022": {
            "year_quarter": 20022,
            "year": 2002,
            "quarter": 2,
            "eps": null,
            "eps_growth_year": null,
            "eps_4q": null,
            "eps_4q_growth_year": null,
            "roe": null,
            "roe_4q": 0,
            "gross_profit": null,
            "gross_margin": null,
            "gross_margin_4q_avg": 0,
            "net_income": null,
            "revenue": null,
            "common_shares": null,
            "book_valuer_per_share": null,
            "book_valuer_per_share_4q_avg": 0,
            "equity": null,
            "current_ratio": null,
            "debt_ratio": null,
            "inventory_turnover_ratio": null,
            "account_receivable_turnover_ratio": null,
            "reinvestment_rate": null,
            "research_to_sale_ratio": null,
            "price_fair": 0,
            "eps_avg_yearly": 0,
            "eps_latest_yearly": 0,
            "eps_growth_yearly": 0
        },
        "20023": {
            "year_quarter": 20023,
            "year": 2002,
            "quarter": 3,
            "eps": null,
            "eps_growth_year": null,
            "eps_4q": null,
            "eps_4q_growth_year": null,
            "roe": null,
            "roe_4q": 0,
            "gross_profit": null,
            "gross_margin": null,
            "gross_margin_4q_avg": 0,
            "net_income": null,
            "revenue": null,
            "common_shares": null,
            "book_valuer_per_share": null,
            "book_valuer_per_share_4q_avg": 0,
            "equity": null,
            "current_ratio": null,
            "debt_ratio": null,
            "inventory_turnover_ratio": null,
            "account_receivable_turnover_ratio": null,
            "reinvestment_rate": null,
            "research_to_sale_ratio": null,
            "price_fair": 0,
            "eps_avg_yearly": 0,
            "eps_latest_yearly": 0,
            "eps_growth_yearly": 0
        },
        "20024": {
            "year_quarter": 20024,
            "year": 2002,
            "quarter": 4,
            "eps": null,
            "eps_growth_year": null,
            "eps_4q": null,
            "eps_4q_growth_year": null,
            "roe": null,
            "roe_4q": 0,
            "gross_profit": null,
            "gross_margin": null,
            "gross_margin_4q_avg": 0,
            "net_income": null,
            "revenue": null,
            "common_shares": null,
            "book_valuer_per_share": null,
            "book_valuer_per_share_4q_avg": 0,
            "equity": null,
            "current_ratio": null,
            "debt_ratio": null,
            "inventory_turnover_ratio": null,
            "account_receivable_turnover_ratio": null,
            "reinvestment_rate": null,
            "research_to_sale_ratio": null,
            "price_fair": 0,
            "eps_avg_yearly": 0,
            "eps_latest_yearly": 0,
            "eps_growth_yearly": 0
        },
        "20031": {
            "year_quarter": 20031,
            "year": 2003,
            "quarter": 1,
            "eps": null,
            "eps_growth_year": null,
            "eps_4q": null,
            "eps_4q_growth_year": null,
            "roe": null,
            "roe_4q": 0,
            "gross_profit": null,
            "gross_margin": null,
            "gross_margin_4q_avg": 0,
            "net_income": null,
            "revenue": null,
            "common_shares": null,
            "book_valuer_per_share": null,
            "book_valuer_per_share_4q_avg": 0,
            "equity": null,
            "current_ratio": null,
            "debt_ratio": null,
            "inventory_turnover_ratio": null,
            "account_receivable_turnover_ratio": null,
            "reinvestment_rate": null,
            "research_to_sale_ratio": null,
            "price_fair": 0,
            "eps_avg_yearly": 0,
            "eps_latest_yearly": 0,
            "eps_growth_yearly": 0
        },
        "20032": {
            "year_quarter": 20032,
            "year": 2003,
            "quarter": 2,
            "eps": null,
            "eps_growth_year": null,
            "eps_4q": null,
            "eps_4q_growth_year": null,
            "roe": null,
            "roe_4q": 0,
            "gross_profit": null,
            "gross_margin": null,
            "gross_margin_4q_avg": 0,
            "net_income": null,
            "revenue": null,
            "common_shares": null,
            "book_valuer_per_share": null,
            "book_valuer_per_share_4q_avg": 0,
            "equity": null,
            "current_ratio": null,
            "debt_ratio": null,
            "inventory_turnover_ratio": null,
            "account_receivable_turnover_ratio": null,
            "reinvestment_rate": null,
            "research_to_sale_ratio": null,
            "price_fair": 0,
            "eps_avg_yearly": 0,
            "eps_latest_yearly": 0,
            "eps_growth_yearly": 0
        },
        "20033": {
            "year_quarter": 20033,
            "year": 2003,
            "quarter": 3,
            "eps": null,
            "eps_growth_year": null,
            "eps_4q": null,
            "eps_4q_growth_year": null,
            "roe": null,
            "roe_4q": 0,
            "gross_profit": null,
            "gross_margin": null,
            "gross_margin_4q_avg": 0,
            "net_income": null,
            "revenue": null,
            "common_shares": null,
            "book_valuer_per_share": null,
            "book_valuer_per_share_4q_avg": 0,
            "equity": null,
            "current_ratio": null,
            "debt_ratio": null,
            "inventory_turnover_ratio": null,
            "account_receivable_turnover_ratio": null,
            "reinvestment_rate": null,
            "research_to_sale_ratio": null,
            "price_fair": 0,
            "eps_avg_yearly": 0,
            "eps_latest_yearly": 0,
            "eps_growth_yearly": 0
        },
        "20034": {
            "year_quarter": 20034,
            "year": 2003,
            "quarter": 4,
            "eps": null,
            "eps_growth_year": null,
            "eps_4q": null,
            "eps_4q_growth_year": null,
            "roe": null,
            "roe_4q": 0,
            "gross_profit": null,
            "gross_margin": null,
            "gross_margin_4q_avg": 0,
            "net_income": null,
            "revenue": null,
            "common_shares": null,
            "book_valuer_per_share": null,
            "book_valuer_per_share_4q_avg": 0,
            "equity": null,
            "current_ratio": null,
            "debt_ratio": null,
            "inventory_turnover_ratio": null,
            "account_receivable_turnover_ratio": null,
            "reinvestment_rate": null,
            "research_to_sale_ratio": null,
            "price_fair": 0,
            "eps_avg_yearly": 0,
            "eps_latest_yearly": 0,
            "eps_growth_yearly": 0
        },
        "20041": {
            "year_quarter": 20041,
            "year": 2004,
            "quarter": 1,
            "eps": null,
            "eps_growth_year": null,
            "eps_4q": null,
            "eps_4q_growth_year": null,
            "roe": null,
            "roe_4q": 0,
            "gross_profit": null,
            "gross_margin": null,
            "gross_margin_4q_avg": 0,
            "net_income": null,
            "revenue": null,
            "common_shares": null,
            "book_valuer_per_share": null,
            "book_valuer_per_share_4q_avg": 0,
            "equity": null,
            "current_ratio": null,
            "debt_ratio": null,
            "inventory_turnover_ratio": null,
            "account_receivable_turnover_ratio": null,
            "reinvestment_rate": null,
            "research_to_sale_ratio": null,
            "price_fair": 0,
            "eps_avg_yearly": 0,
            "eps_latest_yearly": 0,
            "eps_growth_yearly": 0
        },
        "20042": {
            "year_quarter": 20042,
            "year": 2004,
            "quarter": 2,
            "eps": null,
            "eps_growth_year": null,
            "eps_4q": null,
            "eps_4q_growth_year": null,
            "roe": null,
            "roe_4q": 0,
            "gross_profit": null,
            "gross_margin": null,
            "gross_margin_4q_avg": 0,
            "net_income": null,
            "revenue": null,
            "common_shares": null,
            "book_valuer_per_share": null,
            "book_valuer_per_share_4q_avg": 0,
            "equity": null,
            "current_ratio": null,
            "debt_ratio": null,
            "inventory_turnover_ratio": null,
            "account_receivable_turnover_ratio": null,
            "reinvestment_rate": null,
            "research_to_sale_ratio": null,
            "price_fair": 0,
            "eps_avg_yearly": 0,
            "eps_latest_yearly": 0,
            "eps_growth_yearly": 0
        },
        "20043": {
            "year_quarter": 20043,
            "year": 2004,
            "quarter": 3,
            "eps": null,
            "eps_growth_year": null,
            "eps_4q": null,
            "eps_4q_growth_year": null,
            "roe": null,
            "roe_4q": 0,
            "gross_profit": null,
            "gross_margin": null,
            "gross_margin_4q_avg": 0,
            "net_income": null,
            "revenue": null,
            "common_shares": null,
            "book_valuer_per_share": null,
            "book_valuer_per_share_4q_avg": 0,
            "equity": null,
            "current_ratio": null,
            "debt_ratio": null,
            "inventory_turnover_ratio": null,
            "account_receivable_turnover_ratio": null,
            "reinvestment_rate": null,
            "research_to_sale_ratio": null,
            "price_fair": 0,
            "eps_avg_yearly": 0,
            "eps_latest_yearly": 0,
            "eps_growth_yearly": 0
        },
        "20044": {
            "year_quarter": 20044,
            "year": 2004,
            "quarter": 4,
            "eps": null,
            "eps_growth_year": null,
            "eps_4q": null,
            "eps_4q_growth_year": null,
            "roe": null,
            "roe_4q": 0,
            "gross_profit": null,
            "gross_margin": null,
            "gross_margin_4q_avg": 0,
            "net_income": null,
            "revenue": null,
            "common_shares": null,
            "book_valuer_per_share": null,
            "book_valuer_per_share_4q_avg": 0,
            "equity": null,
            "current_ratio": null,
            "debt_ratio": null,
            "inventory_turnover_ratio": null,
            "account_receivable_turnover_ratio": null,
            "reinvestment_rate": null,
            "research_to_sale_ratio": null,
            "price_fair": 0,
            "eps_avg_yearly": 0,
            "eps_latest_yearly": 0,
            "eps_growth_yearly": 0
        },
        "20051": {
            "year_quarter": 20051,
            "year": 2005,
            "quarter": 1,
            "eps": null,
            "eps_growth_year": null,
            "eps_4q": null,
            "eps_4q_growth_year": null,
            "roe": null,
            "roe_4q": 0,
            "gross_profit": null,
            "gross_margin": null,
            "gross_margin_4q_avg": 0,
            "net_income": null,
            "revenue": null,
            "common_shares": null,
            "book_valuer_per_share": null,
            "book_valuer_per_share_4q_avg": 0,
            "equity": null,
            "current_ratio": null,
            "debt_ratio": null,
            "inventory_turnover_ratio": null,
            "account_receivable_turnover_ratio": null,
            "reinvestment_rate": null,
            "research_to_sale_ratio": null,
            "price_fair": 0,
            "eps_avg_yearly": 0,
            "eps_latest_yearly": 0,
            "eps_growth_yearly": 0
        },
        "20052": {
            "year_quarter": 20052,
            "year": 2005,
            "quarter": 2,
            "eps": null,
            "eps_growth_year": null,
            "eps_4q": null,
            "eps_4q_growth_year": null,
            "roe": null,
            "roe_4q": 0,
            "gross_profit": null,
            "gross_margin": null,
            "gross_margin_4q_avg": 0,
            "net_income": null,
            "revenue": null,
            "common_shares": null,
            "book_valuer_per_share": null,
            "book_valuer_per_share_4q_avg": 0,
            "equity": null,
            "current_ratio": null,
            "debt_ratio": null,
            "inventory_turnover_ratio": null,
            "account_receivable_turnover_ratio": null,
            "reinvestment_rate": null,
            "research_to_sale_ratio": null,
            "price_fair": 0,
            "eps_avg_yearly": 0,
            "eps_latest_yearly": 0,
            "eps_growth_yearly": 0
        },
        "20053": {
            "year_quarter": 20053,
            "year": 2005,
            "quarter": 3,
            "eps": null,
            "eps_growth_year": null,
            "eps_4q": null,
            "eps_4q_growth_year": null,
            "roe": null,
            "roe_4q": 0,
            "gross_profit": null,
            "gross_margin": null,
            "gross_margin_4q_avg": 0,
            "net_income": null,
            "revenue": null,
            "common_shares": null,
            "book_valuer_per_share": null,
            "book_valuer_per_share_4q_avg": 0,
            "equity": null,
            "current_ratio": null,
            "debt_ratio": null,
            "inventory_turnover_ratio": null,
            "account_receivable_turnover_ratio": null,
            "reinvestment_rate": null,
            "research_to_sale_ratio": null,
            "price_fair": 0,
            "eps_avg_yearly": 0,
            "eps_latest_yearly": 0,
            "eps_growth_yearly": 0
        },
        "20054": {
            "year_quarter": 20054,
            "year": 2005,
            "quarter": 4,
            "eps": null,
            "eps_growth_year": null,
            "eps_4q": null,
            "eps_4q_growth_year": null,
            "roe": null,
            "roe_4q": 0,
            "gross_profit": null,
            "gross_margin": null,
            "gross_margin_4q_avg": 0,
            "net_income": null,
            "revenue": null,
            "common_shares": null,
            "book_valuer_per_share": null,
            "book_valuer_per_share_4q_avg": 0,
            "equity": null,
            "current_ratio": null,
            "debt_ratio": null,
            "inventory_turnover_ratio": null,
            "account_receivable_turnover_ratio": null,
            "reinvestment_rate": null,
            "research_to_sale_ratio": null,
            "price_fair": 0,
            "eps_avg_yearly": 0,
            "eps_latest_yearly": 0,
            "eps_growth_yearly": 0
        },
        "20061": {
            "year_quarter": 20061,
            "year": 2006,
            "quarter": 1,
            "eps": null,
            "eps_growth_year": null,
            "eps_4q": null,
            "eps_4q_growth_year": null,
            "roe": null,
            "roe_4q": 0,
            "gross_profit": null,
            "gross_margin": null,
            "gross_margin_4q_avg": 0,
            "net_income": null,
            "revenue": null,
            "common_shares": null,
            "book_valuer_per_share": null,
            "book_valuer_per_share_4q_avg": 0,
            "equity": null,
            "current_ratio": null,
            "debt_ratio": null,
            "inventory_turnover_ratio": null,
            "account_receivable_turnover_ratio": null,
            "reinvestment_rate": null,
            "research_to_sale_ratio": null,
            "price_fair": 0,
            "eps_avg_yearly": 0,
            "eps_latest_yearly": 0,
            "eps_growth_yearly": 0
        },
        "20062": {
            "year_quarter": 20062,
            "year": 2006,
            "quarter": 2,
            "eps": null,
            "eps_growth_year": null,
            "eps_4q": null,
            "eps_4q_growth_year": null,
            "roe": null,
            "roe_4q": 0,
            "gross_profit": null,
            "gross_margin": null,
            "gross_margin_4q_avg": 0,
            "net_income": null,
            "revenue": null,
            "common_shares": null,
            "book_valuer_per_share": null,
            "book_valuer_per_share_4q_avg": 0,
            "equity": null,
            "current_ratio": null,
            "debt_ratio": null,
            "inventory_turnover_ratio": null,
            "account_receivable_turnover_ratio": null,
            "reinvestment_rate": null,
            "research_to_sale_ratio": null,
            "price_fair": 0,
            "eps_avg_yearly": 0,
            "eps_latest_yearly": 0,
            "eps_growth_yearly": 0
        },
        "20063": {
            "year_quarter": 20063,
            "year": 2006,
            "quarter": 3,
            "eps": null,
            "eps_growth_year": null,
            "eps_4q": null,
            "eps_4q_growth_year": null,
            "roe": null,
            "roe_4q": 0,
            "gross_profit": null,
            "gross_margin": null,
            "gross_margin_4q_avg": 0,
            "net_income": null,
            "revenue": null,
            "common_shares": null,
            "book_valuer_per_share": null,
            "book_valuer_per_share_4q_avg": 0,
            "equity": null,
            "current_ratio": null,
            "debt_ratio": null,
            "inventory_turnover_ratio": null,
            "account_receivable_turnover_ratio": null,
            "reinvestment_rate": null,
            "research_to_sale_ratio": null,
            "price_fair": 0,
            "eps_avg_yearly": 0,
            "eps_latest_yearly": 0,
            "eps_growth_yearly": 0
        },
        "20064": {
            "year_quarter": 20064,
            "year": 2006,
            "quarter": 4,
            "eps": null,
            "eps_growth_year": null,
            "eps_4q": null,
            "eps_4q_growth_year": null,
            "roe": null,
            "roe_4q": 0,
            "gross_profit": null,
            "gross_margin": null,
            "gross_margin_4q_avg": 0,
            "net_income": null,
            "revenue": null,
            "common_shares": null,
            "book_valuer_per_share": null,
            "book_valuer_per_share_4q_avg": 0,
            "equity": null,
            "current_ratio": null,
            "debt_ratio": null,
            "inventory_turnover_ratio": null,
            "account_receivable_turnover_ratio": null,
            "reinvestment_rate": null,
            "research_to_sale_ratio": null,
            "price_fair": 0,
            "eps_avg_yearly": 0,
            "eps_latest_yearly": 0,
            "eps_growth_yearly": 0
        },
        "20071": {
            "year_quarter": 20071,
            "year": 2007,
            "quarter": 1,
            "eps": null,
            "eps_growth_year": null,
            "eps_4q": null,
            "eps_4q_growth_year": null,
            "roe": null,
            "roe_4q": 0,
            "gross_profit": null,
            "gross_margin": null,
            "gross_margin_4q_avg": 0,
            "net_income": null,
            "revenue": null,
            "common_shares": null,
            "book_valuer_per_share": null,
            "book_valuer_per_share_4q_avg": 0,
            "equity": null,
            "current_ratio": null,
            "debt_ratio": null,
            "inventory_turnover_ratio": null,
            "account_receivable_turnover_ratio": null,
            "reinvestment_rate": null,
            "research_to_sale_ratio": null,
            "price_fair": 0,
            "eps_avg_yearly": 0,
            "eps_latest_yearly": 0,
            "eps_growth_yearly": 0
        },
        "20072": {
            "year_quarter": 20072,
            "year": 2007,
            "quarter": 2,
            "eps": null,
            "eps_growth_year": null,
            "eps_4q": null,
            "eps_4q_growth_year": null,
            "roe": null,
            "roe_4q": 0,
            "gross_profit": null,
            "gross_margin": null,
            "gross_margin_4q_avg": 0,
            "net_income": null,
            "revenue": null,
            "common_shares": null,
            "book_valuer_per_share": null,
            "book_valuer_per_share_4q_avg": 0,
            "equity": null,
            "current_ratio": null,
            "debt_ratio": null,
            "inventory_turnover_ratio": null,
            "account_receivable_turnover_ratio": null,
            "reinvestment_rate": null,
            "research_to_sale_ratio": null,
            "price_fair": 0,
            "eps_avg_yearly": 0,
            "eps_latest_yearly": 0,
            "eps_growth_yearly": 0
        },
        "20073": {
            "year_quarter": 20073,
            "year": 2007,
            "quarter": 3,
            "eps": null,
            "eps_growth_year": null,
            "eps_4q": null,
            "eps_4q_growth_year": null,
            "roe": null,
            "roe_4q": 0,
            "gross_profit": null,
            "gross_margin": null,
            "gross_margin_4q_avg": 0,
            "net_income": null,
            "revenue": null,
            "common_shares": null,
            "book_valuer_per_share": null,
            "book_valuer_per_share_4q_avg": 0,
            "equity": null,
            "current_ratio": null,
            "debt_ratio": null,
            "inventory_turnover_ratio": null,
            "account_receivable_turnover_ratio": null,
            "reinvestment_rate": null,
            "research_to_sale_ratio": null,
            "price_fair": 0,
            "eps_avg_yearly": 0,
            "eps_latest_yearly": 0,
            "eps_growth_yearly": 0
        },
        "20074": {
            "year_quarter": 20074,
            "year": 2007,
            "quarter": 4,
            "eps": null,
            "eps_growth_year": null,
            "eps_4q": null,
            "eps_4q_growth_year": null,
            "roe": null,
            "roe_4q": 0,
            "gross_profit": null,
            "gross_margin": null,
            "gross_margin_4q_avg": 0,
            "net_income": null,
            "revenue": null,
            "common_shares": null,
            "book_valuer_per_share": null,
            "book_valuer_per_share_4q_avg": 0,
            "equity": null,
            "current_ratio": null,
            "debt_ratio": null,
            "inventory_turnover_ratio": null,
            "account_receivable_turnover_ratio": null,
            "reinvestment_rate": null,
            "research_to_sale_ratio": null,
            "price_fair": 0,
            "eps_avg_yearly": 0,
            "eps_latest_yearly": 0,
            "eps_growth_yearly": 0
        },
        "20081": {
            "year_quarter": 20081,
            "year": 2008,
            "quarter": 1,
            "eps": null,
            "eps_growth_year": null,
            "eps_4q": null,
            "eps_4q_growth_year": null,
            "roe": null,
            "roe_4q": 0,
            "gross_profit": null,
            "gross_margin": null,
            "gross_margin_4q_avg": 0,
            "net_income": null,
            "revenue": null,
            "common_shares": null,
            "book_valuer_per_share": null,
            "book_valuer_per_share_4q_avg": 0,
            "equity": null,
            "current_ratio": null,
            "debt_ratio": null,
            "inventory_turnover_ratio": null,
            "account_receivable_turnover_ratio": null,
            "reinvestment_rate": null,
            "research_to_sale_ratio": null,
            "price_fair": 0,
            "eps_avg_yearly": 0,
            "eps_latest_yearly": 0,
            "eps_growth_yearly": 0
        },
        "20082": {
            "year_quarter": 20082,
            "year": 2008,
            "quarter": 2,
            "eps": null,
            "eps_growth_year": null,
            "eps_4q": null,
            "eps_4q_growth_year": null,
            "roe": null,
            "roe_4q": 0,
            "gross_profit": null,
            "gross_margin": null,
            "gross_margin_4q_avg": 0,
            "net_income": null,
            "revenue": null,
            "common_shares": null,
            "book_valuer_per_share": null,
            "book_valuer_per_share_4q_avg": 0,
            "equity": null,
            "current_ratio": null,
            "debt_ratio": null,
            "inventory_turnover_ratio": null,
            "account_receivable_turnover_ratio": null,
            "reinvestment_rate": null,
            "research_to_sale_ratio": null,
            "price_fair": 0,
            "eps_avg_yearly": 0,
            "eps_latest_yearly": 0,
            "eps_growth_yearly": 0
        },
        "20083": {
            "year_quarter": 20083,
            "year": 2008,
            "quarter": 3,
            "eps": null,
            "eps_growth_year": null,
            "eps_4q": null,
            "eps_4q_growth_year": null,
            "roe": null,
            "roe_4q": 0,
            "gross_profit": null,
            "gross_margin": null,
            "gross_margin_4q_avg": 0,
            "net_income": null,
            "revenue": null,
            "common_shares": null,
            "book_valuer_per_share": null,
            "book_valuer_per_share_4q_avg": 0,
            "equity": null,
            "current_ratio": null,
            "debt_ratio": null,
            "inventory_turnover_ratio": null,
            "account_receivable_turnover_ratio": null,
            "reinvestment_rate": null,
            "research_to_sale_ratio": null,
            "price_fair": 0,
            "eps_avg_yearly": 0,
            "eps_latest_yearly": 0,
            "eps_growth_yearly": 0
        },
        "20084": {
            "year_quarter": 20084,
            "year": 2008,
            "quarter": 4,
            "eps": null,
            "eps_growth_year": null,
            "eps_4q": null,
            "eps_4q_growth_year": null,
            "roe": null,
            "roe_4q": 0,
            "gross_profit": null,
            "gross_margin": null,
            "gross_margin_4q_avg": 0,
            "net_income": null,
            "revenue": null,
            "common_shares": null,
            "book_valuer_per_share": null,
            "book_valuer_per_share_4q_avg": 0,
            "equity": null,
            "current_ratio": null,
            "debt_ratio": null,
            "inventory_turnover_ratio": null,
            "account_receivable_turnover_ratio": null,
            "reinvestment_rate": null,
            "research_to_sale_ratio": null,
            "price_fair": 0,
            "eps_avg_yearly": 0,
            "eps_latest_yearly": 0,
            "eps_growth_yearly": 0
        },
        "20091": {
            "year_quarter": 20091,
            "year": 2009,
            "quarter": 1,
            "eps": null,
            "eps_growth_year": null,
            "eps_4q": null,
            "eps_4q_growth_year": null,
            "roe": null,
            "roe_4q": 0,
            "gross_profit": null,
            "gross_margin": null,
            "gross_margin_4q_avg": 0,
            "net_income": null,
            "revenue": null,
            "common_shares": null,
            "book_valuer_per_share": null,
            "book_valuer_per_share_4q_avg": 0,
            "equity": null,
            "current_ratio": null,
            "debt_ratio": null,
            "inventory_turnover_ratio": null,
            "account_receivable_turnover_ratio": null,
            "reinvestment_rate": null,
            "research_to_sale_ratio": null,
            "price_fair": 0,
            "eps_avg_yearly": 0,
            "eps_latest_yearly": 0,
            "eps_growth_yearly": 0
        },
        "20092": {
            "year_quarter": 20092,
            "year": 2009,
            "quarter": 2,
            "eps": null,
            "eps_growth_year": null,
            "eps_4q": null,
            "eps_4q_growth_year": null,
            "roe": null,
            "roe_4q": 0,
            "gross_profit": null,
            "gross_margin": null,
            "gross_margin_4q_avg": 0,
            "net_income": null,
            "revenue": null,
            "common_shares": null,
            "book_valuer_per_share": null,
            "book_valuer_per_share_4q_avg": 0,
            "equity": null,
            "current_ratio": null,
            "debt_ratio": null,
            "inventory_turnover_ratio": null,
            "account_receivable_turnover_ratio": null,
            "reinvestment_rate": null,
            "research_to_sale_ratio": null,
            "price_fair": 0,
            "eps_avg_yearly": 0,
            "eps_latest_yearly": 0,
            "eps_growth_yearly": 0
        },
        "20093": {
            "year_quarter": 20093,
            "year": 2009,
            "quarter": 3,
            "eps": null,
            "eps_growth_year": null,
            "eps_4q": null,
            "eps_4q_growth_year": null,
            "roe": null,
            "roe_4q": 0,
            "gross_profit": null,
            "gross_margin": null,
            "gross_margin_4q_avg": 0,
            "net_income": null,
            "revenue": null,
            "common_shares": null,
            "book_valuer_per_share": null,
            "book_valuer_per_share_4q_avg": 0,
            "equity": null,
            "current_ratio": null,
            "debt_ratio": null,
            "inventory_turnover_ratio": null,
            "account_receivable_turnover_ratio": null,
            "reinvestment_rate": null,
            "research_to_sale_ratio": null,
            "price_fair": 0,
            "eps_avg_yearly": 0,
            "eps_latest_yearly": 0,
            "eps_growth_yearly": 0
        },
        "20094": {
            "year_quarter": 20094,
            "year": 2009,
            "quarter": 4,
            "eps": null,
            "eps_growth_year": null,
            "eps_4q": null,
            "eps_4q_growth_year": null,
            "roe": null,
            "roe_4q": 0,
            "gross_profit": null,
            "gross_margin": null,
            "gross_margin_4q_avg": 0,
            "net_income": null,
            "revenue": null,
            "common_shares": null,
            "book_valuer_per_share": null,
            "book_valuer_per_share_4q_avg": 0,
            "equity": null,
            "current_ratio": null,
            "debt_ratio": null,
            "inventory_turnover_ratio": null,
            "account_receivable_turnover_ratio": null,
            "reinvestment_rate": null,
            "research_to_sale_ratio": null,
            "price_fair": 0,
            "eps_avg_yearly": 0,
            "eps_latest_yearly": 0,
            "eps_growth_yearly": 0
        },
        "20101": {
            "year_quarter": 20101,
            "year": 2010,
            "quarter": 1,
            "eps": null,
            "eps_growth_year": null,
            "eps_4q": null,
            "eps_4q_growth_year": null,
            "roe": null,
            "roe_4q": 0,
            "gross_profit": null,
            "gross_margin": null,
            "gross_margin_4q_avg": 0,
            "net_income": null,
            "revenue": null,
            "common_shares": null,
            "book_valuer_per_share": null,
            "book_valuer_per_share_4q_avg": 0,
            "equity": null,
            "current_ratio": null,
            "debt_ratio": null,
            "inventory_turnover_ratio": null,
            "account_receivable_turnover_ratio": null,
            "reinvestment_rate": null,
            "research_to_sale_ratio": null,
            "price_fair": 0,
            "eps_avg_yearly": 0,
            "eps_latest_yearly": 0,
            "eps_growth_yearly": 0
        },
        "20102": {
            "year_quarter": 20102,
            "year": 2010,
            "quarter": 2,
            "eps": null,
            "eps_growth_year": null,
            "eps_4q": null,
            "eps_4q_growth_year": null,
            "roe": null,
            "roe_4q": 0,
            "gross_profit": null,
            "gross_margin": null,
            "gross_margin_4q_avg": 0,
            "net_income": null,
            "revenue": null,
            "common_shares": null,
            "book_valuer_per_share": null,
            "book_valuer_per_share_4q_avg": 0,
            "equity": null,
            "current_ratio": null,
            "debt_ratio": null,
            "inventory_turnover_ratio": null,
            "account_receivable_turnover_ratio": null,
            "reinvestment_rate": null,
            "research_to_sale_ratio": null,
            "price_fair": 0,
            "eps_avg_yearly": 0,
            "eps_latest_yearly": 0,
            "eps_growth_yearly": 0
        },
        "20103": {
            "year_quarter": 20103,
            "year": 2010,
            "quarter": 3,
            "eps": null,
            "eps_growth_year": null,
            "eps_4q": null,
            "eps_4q_growth_year": null,
            "roe": null,
            "roe_4q": 0,
            "gross_profit": null,
            "gross_margin": null,
            "gross_margin_4q_avg": 0,
            "net_income": null,
            "revenue": null,
            "common_shares": null,
            "book_valuer_per_share": null,
            "book_valuer_per_share_4q_avg": 0,
            "equity": null,
            "current_ratio": null,
            "debt_ratio": null,
            "inventory_turnover_ratio": null,
            "account_receivable_turnover_ratio": null,
            "reinvestment_rate": null,
            "research_to_sale_ratio": null,
            "price_fair": 0,
            "eps_avg_yearly": 0,
            "eps_latest_yearly": 0,
            "eps_growth_yearly": 0
        },
        "20104": {
            "year_quarter": 20104,
            "year": 2010,
            "quarter": 4,
            "eps": null,
            "eps_growth_year": null,
            "eps_4q": null,
            "eps_4q_growth_year": null,
            "roe": null,
            "roe_4q": 0,
            "gross_profit": null,
            "gross_margin": null,
            "gross_margin_4q_avg": 0,
            "net_income": null,
            "revenue": null,
            "common_shares": null,
            "book_valuer_per_share": null,
            "book_valuer_per_share_4q_avg": 0,
            "equity": null,
            "current_ratio": null,
            "debt_ratio": null,
            "inventory_turnover_ratio": null,
            "account_receivable_turnover_ratio": null,
            "reinvestment_rate": null,
            "research_to_sale_ratio": null,
            "price_fair": 0,
            "eps_avg_yearly": 0,
            "eps_latest_yearly": 0,
            "eps_growth_yearly": 0
        },
        "20111": {
            "year_quarter": 20111,
            "year": 2011,
            "quarter": 1,
            "eps": null,
            "eps_growth_year": null,
            "eps_4q": null,
            "eps_4q_growth_year": null,
            "roe": null,
            "roe_4q": 0,
            "gross_profit": null,
            "gross_margin": null,
            "gross_margin_4q_avg": 0,
            "net_income": null,
            "revenue": null,
            "common_shares": null,
            "book_valuer_per_share": null,
            "book_valuer_per_share_4q_avg": 0,
            "equity": null,
            "current_ratio": null,
            "debt_ratio": null,
            "inventory_turnover_ratio": null,
            "account_receivable_turnover_ratio": null,
            "reinvestment_rate": null,
            "research_to_sale_ratio": null,
            "price_fair": 0,
            "eps_avg_yearly": 0,
            "eps_latest_yearly": 0,
            "eps_growth_yearly": 0
        },
        "20112": {
            "year_quarter": 20112,
            "year": 2011,
            "quarter": 2,
            "eps": null,
            "eps_growth_year": null,
            "eps_4q": null,
            "eps_4q_growth_year": null,
            "roe": null,
            "roe_4q": 0,
            "gross_profit": null,
            "gross_margin": null,
            "gross_margin_4q_avg": 0,
            "net_income": null,
            "revenue": null,
            "common_shares": null,
            "book_valuer_per_share": null,
            "book_valuer_per_share_4q_avg": 0,
            "equity": null,
            "current_ratio": null,
            "debt_ratio": null,
            "inventory_turnover_ratio": null,
            "account_receivable_turnover_ratio": null,
            "reinvestment_rate": null,
            "research_to_sale_ratio": null,
            "price_fair": 0,
            "eps_avg_yearly": 0,
            "eps_latest_yearly": 0,
            "eps_growth_yearly": 0
        },
        "20113": {
            "year_quarter": 20113,
            "year": 2011,
            "quarter": 3,
            "eps": null,
            "eps_growth_year": null,
            "eps_4q": null,
            "eps_4q_growth_year": null,
            "roe": null,
            "roe_4q": 0,
            "gross_profit": null,
            "gross_margin": null,
            "gross_margin_4q_avg": 0,
            "net_income": null,
            "revenue": null,
            "common_shares": null,
            "book_valuer_per_share": null,
            "book_valuer_per_share_4q_avg": 0,
            "equity": null,
            "current_ratio": null,
            "debt_ratio": null,
            "inventory_turnover_ratio": null,
            "account_receivable_turnover_ratio": null,
            "reinvestment_rate": null,
            "research_to_sale_ratio": null,
            "price_fair": 0,
            "eps_avg_yearly": 0,
            "eps_latest_yearly": 0,
            "eps_growth_yearly": 0
        },
        "20114": {
            "year_quarter": 20114,
            "year": 2011,
            "quarter": 4,
            "eps": null,
            "eps_growth_year": null,
            "eps_4q": null,
            "eps_4q_growth_year": null,
            "roe": null,
            "roe_4q": 0,
            "gross_profit": null,
            "gross_margin": null,
            "gross_margin_4q_avg": 0,
            "net_income": null,
            "revenue": null,
            "common_shares": 51000,
            "book_valuer_per_share": null,
            "book_valuer_per_share_4q_avg": 0,
            "equity": 106531,
            "current_ratio": null,
            "debt_ratio": null,
            "inventory_turnover_ratio": null,
            "account_receivable_turnover_ratio": null,
            "reinvestment_rate": null,
            "research_to_sale_ratio": null,
            "price_fair": 0,
            "eps_avg_yearly": 0,
            "eps_latest_yearly": 0,
            "eps_growth_yearly": 0
        },
        "20121": {
            "year_quarter": 20121,
            "year": 2012,
            "quarter": 1,
            "eps": null,
            "eps_growth_year": null,
            "eps_4q": null,
            "eps_4q_growth_year": null,
            "roe": null,
            "roe_4q": 0,
            "gross_profit": null,
            "gross_margin": null,
            "gross_margin_4q_avg": 0,
            "net_income": null,
            "revenue": null,
            "common_shares": null,
            "book_valuer_per_share": null,
            "book_valuer_per_share_4q_avg": 0,
            "equity": null,
            "current_ratio": null,
            "debt_ratio": null,
            "inventory_turnover_ratio": null,
            "account_receivable_turnover_ratio": null,
            "reinvestment_rate": null,
            "research_to_sale_ratio": null,
            "price_fair": 0,
            "eps_avg_yearly": 0,
            "eps_latest_yearly": 0,
            "eps_growth_yearly": 0
        },
        "20122": {
            "year_quarter": 20122,
            "year": 2012,
            "quarter": 2,
            "eps": null,
            "eps_growth_year": null,
            "eps_4q": null,
            "eps_4q_growth_year": null,
            "roe": null,
            "roe_4q": 0,
            "gross_profit": null,
            "gross_margin": null,
            "gross_margin_4q_avg": 0,
            "net_income": null,
            "revenue": null,
            "common_shares": null,
            "book_valuer_per_share": null,
            "book_valuer_per_share_4q_avg": 0,
            "equity": null,
            "current_ratio": null,
            "debt_ratio": null,
            "inventory_turnover_ratio": null,
            "account_receivable_turnover_ratio": null,
            "reinvestment_rate": null,
            "research_to_sale_ratio": null,
            "price_fair": 0,
            "eps_avg_yearly": 0,
            "eps_latest_yearly": 0,
            "eps_growth_yearly": 0
        },
        "20123": {
            "year_quarter": 20123,
            "year": 2012,
            "quarter": 3,
            "eps": null,
            "eps_growth_year": null,
            "eps_4q": null,
            "eps_4q_growth_year": null,
            "roe": null,
            "roe_4q": 0,
            "gross_profit": null,
            "gross_margin": null,
            "gross_margin_4q_avg": 0,
            "net_income": null,
            "revenue": null,
            "common_shares": null,
            "book_valuer_per_share": null,
            "book_valuer_per_share_4q_avg": 0,
            "equity": null,
            "current_ratio": null,
            "debt_ratio": null,
            "inventory_turnover_ratio": null,
            "account_receivable_turnover_ratio": null,
            "reinvestment_rate": null,
            "research_to_sale_ratio": null,
            "price_fair": 0,
            "eps_avg_yearly": 0,
            "eps_latest_yearly": 0,
            "eps_growth_yearly": 0
        },
        "20124": {
            "year_quarter": 20124,
            "year": 2012,
            "quarter": 4,
            "eps": null,
            "eps_growth_year": null,
            "eps_4q": null,
            "eps_4q_growth_year": null,
            "roe": null,
            "roe_4q": 0,
            "gross_profit": null,
            "gross_margin": null,
            "gross_margin_4q_avg": 0,
            "net_income": null,
            "revenue": null,
            "common_shares": 66300,
            "book_valuer_per_share": 19.73,
            "book_valuer_per_share_4q_avg": 4.93,
            "equity": 130810,
            "current_ratio": 354.39,
            "debt_ratio": 23,
            "inventory_turnover_ratio": null,
            "account_receivable_turnover_ratio": null,
            "reinvestment_rate": null,
            "research_to_sale_ratio": null,
            "price_fair": 0,
            "eps_avg_yearly": 0,
            "eps_latest_yearly": 0,
            "eps_growth_yearly": 0
        },
        "20131": {
            "year_quarter": 20131,
            "year": 2013,
            "quarter": 1,
            "eps": null,
            "eps_growth_year": null,
            "eps_4q": null,
            "eps_4q_growth_year": null,
            "roe": null,
            "roe_4q": 0,
            "gross_profit": null,
            "gross_margin": null,
            "gross_margin_4q_avg": 0,
            "net_income": null,
            "revenue": null,
            "common_shares": null,
            "book_valuer_per_share": null,
            "book_valuer_per_share_4q_avg": 4.93,
            "equity": null,
            "current_ratio": null,
            "debt_ratio": null,
            "inventory_turnover_ratio": null,
            "account_receivable_turnover_ratio": null,
            "reinvestment_rate": null,
            "research_to_sale_ratio": null,
            "price_fair": 0,
            "eps_avg_yearly": 0,
            "eps_latest_yearly": 0,
            "eps_growth_yearly": 0
        },
        "20132": {
            "year_quarter": 20132,
            "year": 2013,
            "quarter": 2,
            "eps": null,
            "eps_growth_year": null,
            "eps_4q": null,
            "eps_4q_growth_year": null,
            "roe": null,
            "roe_4q": 0,
            "gross_profit": null,
            "gross_margin": null,
            "gross_margin_4q_avg": 0,
            "net_income": null,
            "revenue": null,
            "common_shares": null,
            "book_valuer_per_share": null,
            "book_valuer_per_share_4q_avg": 4.93,
            "equity": null,
            "current_ratio": null,
            "debt_ratio": null,
            "inventory_turnover_ratio": null,
            "account_receivable_turnover_ratio": null,
            "reinvestment_rate": null,
            "research_to_sale_ratio": null,
            "price_fair": 0,
            "eps_avg_yearly": 0,
            "eps_latest_yearly": 0,
            "eps_growth_yearly": 0
        },
        "20133": {
            "year_quarter": 20133,
            "year": 2013,
            "quarter": 3,
            "eps": null,
            "eps_growth_year": null,
            "eps_4q": null,
            "eps_4q_growth_year": null,
            "roe": null,
            "roe_4q": 0,
            "gross_profit": null,
            "gross_margin": null,
            "gross_margin_4q_avg": 0,
            "net_income": null,
            "revenue": null,
            "common_shares": null,
            "book_valuer_per_share": null,
            "book_valuer_per_share_4q_avg": 4.93,
            "equity": null,
            "current_ratio": null,
            "debt_ratio": null,
            "inventory_turnover_ratio": null,
            "account_receivable_turnover_ratio": null,
            "reinvestment_rate": null,
            "research_to_sale_ratio": null,
            "price_fair": 0,
            "eps_avg_yearly": 0,
            "eps_latest_yearly": 0,
            "eps_growth_yearly": 0
        },
        "20134": {
            "year_quarter": 20134,
            "year": 2013,
            "quarter": 4,
            "eps": null,
            "eps_growth_year": null,
            "eps_4q": null,
            "eps_4q_growth_year": null,
            "roe": null,
            "roe_4q": 0,
            "gross_profit": null,
            "gross_margin": null,
            "gross_margin_4q_avg": 0,
            "net_income": null,
            "revenue": null,
            "common_shares": 86190,
            "book_valuer_per_share": null,
            "book_valuer_per_share_4q_avg": 0,
            "equity": 123237,
            "current_ratio": null,
            "debt_ratio": null,
            "inventory_turnover_ratio": null,
            "account_receivable_turnover_ratio": null,
            "reinvestment_rate": null,
            "research_to_sale_ratio": null,
            "price_fair": 0,
            "eps_avg_yearly": 0,
            "eps_latest_yearly": 0,
            "eps_growth_yearly": 0
        },
        "20141": {
            "year_quarter": 20141,
            "year": 2014,
            "quarter": 1,
            "eps": null,
            "eps_growth_year": null,
            "eps_4q": null,
            "eps_4q_growth_year": null,
            "roe": null,
            "roe_4q": 0,
            "gross_profit": null,
            "gross_margin": null,
            "gross_margin_4q_avg": 0,
            "net_income": null,
            "revenue": null,
            "common_shares": null,
            "book_valuer_per_share": null,
            "book_valuer_per_share_4q_avg": 0,
            "equity": null,
            "current_ratio": null,
            "debt_ratio": null,
            "inventory_turnover_ratio": null,
            "account_receivable_turnover_ratio": null,
            "reinvestment_rate": null,
            "research_to_sale_ratio": null,
            "price_fair": 0,
            "eps_avg_yearly": 0,
            "eps_latest_yearly": 0,
            "eps_growth_yearly": 0
        },
        "20142": {
            "year_quarter": 20142,
            "year": 2014,
            "quarter": 2,
            "eps": null,
            "eps_growth_year": null,
            "eps_4q": null,
            "eps_4q_growth_year": null,
            "roe": null,
            "roe_4q": 0,
            "gross_profit": null,
            "gross_margin": null,
            "gross_margin_4q_avg": 0,
            "net_income": null,
            "revenue": null,
            "common_shares": 106014,
            "book_valuer_per_share": null,
            "book_valuer_per_share_4q_avg": 0,
            "equity": 92436,
            "current_ratio": null,
            "debt_ratio": null,
            "inventory_turnover_ratio": null,
            "account_receivable_turnover_ratio": null,
            "reinvestment_rate": null,
            "research_to_sale_ratio": null,
            "price_fair": 0,
            "eps_avg_yearly": 0,
            "eps_latest_yearly": 0,
            "eps_growth_yearly": 0
        },
        "20143": {
            "year_quarter": 20143,
            "year": 2014,
            "quarter": 3,
            "eps": null,
            "eps_growth_year": null,
            "eps_4q": null,
            "eps_4q_growth_year": null,
            "roe": null,
            "roe_4q": 0,
            "gross_profit": null,
            "gross_margin": null,
            "gross_margin_4q_avg": 0,
            "net_income": null,
            "revenue": null,
            "common_shares": null,
            "book_valuer_per_share": null,
            "book_valuer_per_share_4q_avg": 0,
            "equity": null,
            "current_ratio": null,
            "debt_ratio": null,
            "inventory_turnover_ratio": null,
            "account_receivable_turnover_ratio": null,
            "reinvestment_rate": null,
            "research_to_sale_ratio": null,
            "price_fair": 0,
            "eps_avg_yearly": 0,
            "eps_latest_yearly": 0,
            "eps_growth_yearly": 0
        },
        "20144": {
            "year_quarter": 20144,
            "year": 2014,
            "quarter": 4,
            "eps": null,
            "eps_growth_year": null,
            "eps_4q": null,
            "eps_4q_growth_year": null,
            "roe": null,
            "roe_4q": 0,
            "gross_profit": null,
            "gross_margin": null,
            "gross_margin_4q_avg": 0,
            "net_income": null,
            "revenue": null,
            "common_shares": 130014,
            "book_valuer_per_share": 24.23,
            "book_valuer_per_share_4q_avg": 6.06,
            "equity": 315002,
            "current_ratio": 525.93,
            "debt_ratio": 15.93,
            "inventory_turnover_ratio": null,
            "account_receivable_turnover_ratio": null,
            "reinvestment_rate": null,
            "research_to_sale_ratio": null,
            "price_fair": 0,
            "eps_avg_yearly": 0,
            "eps_latest_yearly": 0,
            "eps_growth_yearly": 0
        },
        "20151": {
            "year_quarter": 20151,
            "year": 2015,
            "quarter": 1,
            "eps": null,
            "eps_growth_year": null,
            "eps_4q": null,
            "eps_4q_growth_year": null,
            "roe": null,
            "roe_4q": 0,
            "gross_profit": null,
            "gross_margin": null,
            "gross_margin_4q_avg": 0,
            "net_income": null,
            "revenue": null,
            "common_shares": null,
            "book_valuer_per_share": null,
            "book_valuer_per_share_4q_avg": 6.06,
            "equity": null,
            "current_ratio": null,
            "debt_ratio": null,
            "inventory_turnover_ratio": null,
            "account_receivable_turnover_ratio": null,
            "reinvestment_rate": null,
            "research_to_sale_ratio": null,
            "price_fair": 0,
            "eps_avg_yearly": 0,
            "eps_latest_yearly": 0,
            "eps_growth_yearly": 0
        },
        "20152": {
            "year_quarter": 20152,
            "year": 2015,
            "quarter": 2,
            "eps": null,
            "eps_growth_year": null,
            "eps_4q": null,
            "eps_4q_growth_year": null,
            "roe": null,
            "roe_4q": 0,
            "gross_profit": null,
            "gross_margin": null,
            "gross_margin_4q_avg": 0,
            "net_income": null,
            "revenue": null,
            "common_shares": 130014,
            "book_valuer_per_share": 20.61,
            "book_valuer_per_share_4q_avg": 11.21,
            "equity": 267939,
            "current_ratio": 589.17,
            "debt_ratio": 12.94,
            "inventory_turnover_ratio": null,
            "account_receivable_turnover_ratio": null,
            "reinvestment_rate": null,
            "research_to_sale_ratio": null,
            "price_fair": 0,
            "eps_avg_yearly": 0,
            "eps_latest_yearly": 0,
            "eps_growth_yearly": 0
        },
        "20153": {
            "year_quarter": 20153,
            "year": 2015,
            "quarter": 3,
            "eps": null,
            "eps_growth_year": null,
            "eps_4q": null,
            "eps_4q_growth_year": null,
            "roe": null,
            "roe_4q": 0,
            "gross_profit": null,
            "gross_margin": null,
            "gross_margin_4q_avg": 0,
            "net_income": null,
            "revenue": null,
            "common_shares": null,
            "book_valuer_per_share": null,
            "book_valuer_per_share_4q_avg": 11.21,
            "equity": null,
            "current_ratio": null,
            "debt_ratio": null,
            "inventory_turnover_ratio": null,
            "account_receivable_turnover_ratio": null,
            "reinvestment_rate": null,
            "research_to_sale_ratio": null,
            "price_fair": 0,
            "eps_avg_yearly": 0,
            "eps_latest_yearly": 0,
            "eps_growth_yearly": 0
        },
        "20154": {
            "year_quarter": 20154,
            "year": 2015,
            "quarter": 4,
            "eps": null,
            "eps_growth_year": null,
            "eps_4q": null,
            "eps_4q_growth_year": null,
            "roe": null,
            "roe_4q": 0,
            "gross_profit": null,
            "gross_margin": null,
            "gross_margin_4q_avg": 0,
            "net_income": null,
            "revenue": null,
            "common_shares": 162517,
            "book_valuer_per_share": 20.27,
            "book_valuer_per_share_4q_avg": 10.22,
            "equity": 329458,
            "current_ratio": 570.75,
            "debt_ratio": 14.51,
            "inventory_turnover_ratio": null,
            "account_receivable_turnover_ratio": null,
            "reinvestment_rate": null,
            "research_to_sale_ratio": null,
            "price_fair": 0,
            "eps_avg_yearly": 0,
            "eps_latest_yearly": 0,
            "eps_growth_yearly": 0
        },
        "20161": {
            "year_quarter": 20161,
            "year": 2016,
            "quarter": 1,
            "eps": null,
            "eps_growth_year": null,
            "eps_4q": null,
            "eps_4q_growth_year": null,
            "roe": null,
            "roe_4q": 0,
            "gross_profit": null,
            "gross_margin": null,
            "gross_margin_4q_avg": 0,
            "net_income": null,
            "revenue": null,
            "common_shares": null,
            "book_valuer_per_share": null,
            "book_valuer_per_share_4q_avg": 10.22,
            "equity": null,
            "current_ratio": null,
            "debt_ratio": null,
            "inventory_turnover_ratio": null,
            "account_receivable_turnover_ratio": null,
            "reinvestment_rate": null,
            "research_to_sale_ratio": null,
            "price_fair": 0,
            "eps_avg_yearly": 0,
            "eps_latest_yearly": 0,
            "eps_growth_yearly": 0
        },
        "20162": {
            "year_quarter": 20162,
            "year": 2016,
            "quarter": 2,
            "eps": null,
            "eps_growth_year": null,
            "eps_4q": null,
            "eps_4q_growth_year": null,
            "roe": null,
            "roe_4q": 0,
            "gross_profit": null,
            "gross_margin": null,
            "gross_margin_4q_avg": 0,
            "net_income": null,
            "revenue": null,
            "common_shares": 191770,
            "book_valuer_per_share": 16.22,
            "book_valuer_per_share_4q_avg": 9.12,
            "equity": 310956,
            "current_ratio": 673.3,
            "debt_ratio": 12.6,
            "inventory_turnover_ratio": null,
            "account_receivable_turnover_ratio": null,
            "reinvestment_rate": null,
            "research_to_sale_ratio": null,
            "price_fair": 0,
            "eps_avg_yearly": 0,
            "eps_latest_yearly": 0,
            "eps_growth_yearly": 0
        },
        "20163": {
            "year_quarter": 20163,
            "year": 2016,
            "quarter": 3,
            "eps": null,
            "eps_growth_year": null,
            "eps_4q": null,
            "eps_4q_growth_year": null,
            "roe": null,
            "roe_4q": 0,
            "gross_profit": null,
            "gross_margin": null,
            "gross_margin_4q_avg": 0,
            "net_income": null,
            "revenue": null,
            "common_shares": null,
            "book_valuer_per_share": null,
            "book_valuer_per_share_4q_avg": 9.12,
            "equity": null,
            "current_ratio": null,
            "debt_ratio": null,
            "inventory_turnover_ratio": null,
            "account_receivable_turnover_ratio": null,
            "reinvestment_rate": null,
            "research_to_sale_ratio": null,
            "price_fair": 0,
            "eps_avg_yearly": 0,
            "eps_latest_yearly": 0,
            "eps_growth_yearly": 0
        },
        "20164": {
            "year_quarter": 20164,
            "year": 2016,
            "quarter": 4,
            "eps": null,
            "eps_growth_year": null,
            "eps_4q": null,
            "eps_4q_growth_year": null,
            "roe": null,
            "roe_4q": 0,
            "gross_profit": null,
            "gross_margin": null,
            "gross_margin_4q_avg": 0,
            "net_income": null,
            "revenue": null,
            "common_shares": null,
            "book_valuer_per_share": null,
            "book_valuer_per_share_4q_avg": 4.06,
            "equity": null,
            "current_ratio": null,
            "debt_ratio": null,
            "inventory_turnover_ratio": null,
            "account_receivable_turnover_ratio": null,
            "reinvestment_rate": null,
            "research_to_sale_ratio": null,
            "price_fair": 0,
            "eps_avg_yearly": 0,
            "eps_latest_yearly": 0,
            "eps_growth_yearly": 0
        },
        "20171": {
            "year_quarter": 20171,
            "year": 2017,
            "quarter": 1,
            "eps": null,
            "eps_growth_year": null,
            "eps_4q": null,
            "eps_4q_growth_year": null,
            "roe": null,
            "roe_4q": 0,
            "gross_profit": null,
            "gross_margin": null,
            "gross_margin_4q_avg": 0,
            "net_income": null,
            "revenue": null,
            "common_shares": null,
            "book_valuer_per_share": null,
            "book_valuer_per_share_4q_avg": 4.06,
            "equity": null,
            "current_ratio": null,
            "debt_ratio": null,
            "inventory_turnover_ratio": null,
            "account_receivable_turnover_ratio": null,
            "reinvestment_rate": null,
            "research_to_sale_ratio": null,
            "price_fair": 0,
            "eps_avg_yearly": 0,
            "eps_latest_yearly": 0,
            "eps_growth_yearly": 0
        },
        "20172": {
            "year_quarter": 20172,
            "year": 2017,
            "quarter": 2,
            "eps": null,
            "eps_growth_year": null,
            "eps_4q": null,
            "eps_4q_growth_year": null,
            "roe": null,
            "roe_4q": 0,
            "gross_profit": null,
            "gross_margin": null,
            "gross_margin_4q_avg": 0,
            "net_income": null,
            "revenue": null,
            "common_shares": 191770,
            "book_valuer_per_share": 17.15,
            "book_valuer_per_share_4q_avg": 4.29,
            "equity": 328818,
            "current_ratio": 681.24,
            "debt_ratio": 12.7,
            "inventory_turnover_ratio": null,
            "account_receivable_turnover_ratio": null,
            "reinvestment_rate": null,
            "research_to_sale_ratio": null,
            "price_fair": 0,
            "eps_avg_yearly": 0,
            "eps_latest_yearly": 0,
            "eps_growth_yearly": 0
        },
        "20173": {
            "year_quarter": 20173,
            "year": 2017,
            "quarter": 3,
            "eps": null,
            "eps_growth_year": null,
            "eps_4q": null,
            "eps_4q_growth_year": null,
            "roe": null,
            "roe_4q": 0,
            "gross_profit": null,
            "gross_margin": null,
            "gross_margin_4q_avg": 0,
            "net_income": null,
            "revenue": null,
            "common_shares": null,
            "book_valuer_per_share": null,
            "book_valuer_per_share_4q_avg": 4.29,
            "equity": null,
            "current_ratio": null,
            "debt_ratio": null,
            "inventory_turnover_ratio": null,
            "account_receivable_turnover_ratio": null,
            "reinvestment_rate": null,
            "research_to_sale_ratio": null,
            "price_fair": 0,
            "eps_avg_yearly": 0,
            "eps_latest_yearly": 0,
            "eps_growth_yearly": 0
        },
        "20174": {
            "year_quarter": 20174,
            "year": 2017,
            "quarter": 4,
            "eps": null,
            "eps_growth_year": null,
            "eps_4q": null,
            "eps_4q_growth_year": null,
            "roe": null,
            "roe_4q": 0,
            "gross_profit": null,
            "gross_margin": null,
            "gross_margin_4q_avg": 0,
            "net_income": null,
            "revenue": null,
            "common_shares": 226289,
            "book_valuer_per_share": 16.4,
            "book_valuer_per_share_4q_avg": 8.39,
            "equity": 371181,
            "current_ratio": 578.93,
            "debt_ratio": 15.16,
            "inventory_turnover_ratio": null,
            "account_receivable_turnover_ratio": null,
            "reinvestment_rate": null,
            "research_to_sale_ratio": null,
            "price_fair": 0,
            "eps_avg_yearly": 0,
            "eps_latest_yearly": 0,
            "eps_growth_yearly": 0
        },
        "20181": {
            "year_quarter": 20181,
            "year": 2018,
            "quarter": 1,
            "eps": null,
            "eps_growth_year": null,
            "eps_4q": null,
            "eps_4q_growth_year": null,
            "roe": null,
            "roe_4q": 0,
            "gross_profit": null,
            "gross_margin": null,
            "gross_margin_4q_avg": 0,
            "net_income": null,
            "revenue": null,
            "common_shares": null,
            "book_valuer_per_share": null,
            "book_valuer_per_share_4q_avg": 8.39,
            "equity": null,
            "current_ratio": null,
            "debt_ratio": null,
            "inventory_turnover_ratio": null,
            "account_receivable_turnover_ratio": null,
            "reinvestment_rate": null,
            "research_to_sale_ratio": null,
            "price_fair": 0,
            "eps_avg_yearly": 0,
            "eps_latest_yearly": 0,
            "eps_growth_yearly": 0
        },
        "20182": {
            "year_quarter": 20182,
            "year": 2018,
            "quarter": 2,
            "eps": null,
            "eps_growth_year": null,
            "eps_4q": null,
            "eps_4q_growth_year": null,
            "roe": null,
            "roe_4q": 0,
            "gross_profit": null,
            "gross_margin": null,
            "gross_margin_4q_avg": 0,
            "net_income": null,
            "revenue": null,
            "common_shares": 226289,
            "book_valuer_per_share": 16.36,
            "book_valuer_per_share_4q_avg": 8.19,
            "equity": 370256,
            "current_ratio": 893.3,
            "debt_ratio": 9.71,
            "inventory_turnover_ratio": null,
            "account_receivable_turnover_ratio": null,
            "reinvestment_rate": null,
            "research_to_sale_ratio": null,
            "price_fair": 0,
            "eps_avg_yearly": 0,
            "eps_latest_yearly": 0,
            "eps_growth_yearly": 0
        },
        "20183": {
            "year_quarter": 20183,
            "year": 2018,
            "quarter": 3,
            "eps": 0.25,
            "eps_growth_year": null,
            "eps_4q": null,
            "eps_4q_growth_year": null,
            "roe": 1.78,
            "roe_4q": 1.78,
            "gross_profit": 29570,
            "gross_margin": 36.61,
            "gross_margin_4q_avg": 9.15,
            "net_income": 6636,
            "revenue": 80781,
            "common_shares": 267021,
            "book_valuer_per_share": 14.11,
            "book_valuer_per_share_4q_avg": 11.72,
            "equity": 376892,
            "current_ratio": 813.42,
            "debt_ratio": 10.84,
            "inventory_turnover_ratio": 225.1,
            "account_receivable_turnover_ratio": 1.79,
            "reinvestment_rate": null,
            "research_to_sale_ratio": 7.76,
            "price_fair": 0,
            "eps_avg_yearly": 0,
            "eps_latest_yearly": 0,
            "eps_growth_yearly": 0
        },
        "20184": {
            "year_quarter": 20184,
            "year": 2018,
            "quarter": 4,
            "eps": 1.14,
            "eps_growth_year": null,
            "eps_4q": null,
            "eps_4q_growth_year": null,
            "roe": 7.84,
            "roe_4q": 9.62,
            "gross_profit": 63234,
            "gross_margin": 44.06,
            "gross_margin_4q_avg": 20.17,
            "net_income": 30425,
            "revenue": 143526,
            "common_shares": 267021,
            "book_valuer_per_share": 14.96,
            "book_valuer_per_share_4q_avg": 11.36,
            "equity": 399512,
            "current_ratio": 466.13,
            "debt_ratio": 18.82,
            "inventory_turnover_ratio": 686.26,
            "account_receivable_turnover_ratio": 2.5,
            "reinvestment_rate": null,
            "research_to_sale_ratio": 7.94,
            "price_fair": 159.6,
            "eps_avg_yearly": 4.56,
            "eps_latest_yearly": 4.56,
            "eps_growth_yearly": 1424
        },
        "20191": {
            "year_quarter": 20191,
            "year": 2019,
            "quarter": 1,
            "eps": 0.12,
            "eps_growth_year": null,
            "eps_4q": null,
            "eps_4q_growth_year": null,
            "roe": 0.8,
            "roe_4q": 10.42,
            "gross_profit": 31824,
            "gross_margin": 37.11,
            "gross_margin_4q_avg": 29.45,
            "net_income": 3226,
            "revenue": 85764,
            "common_shares": 267021,
            "book_valuer_per_share": 15.08,
            "book_valuer_per_share_4q_avg": 15.13,
            "equity": 402738,
            "current_ratio": 387.95,
            "debt_ratio": 24.08,
            "inventory_turnover_ratio": 2035.47,
            "account_receivable_turnover_ratio": 1.37,
            "reinvestment_rate": null,
            "research_to_sale_ratio": 17.21,
            "price_fair": 88.2,
            "eps_avg_yearly": 2.52,
            "eps_latest_yearly": 0.48,
            "eps_growth_yearly": 533.05
        },
        "20192": {
            "year_quarter": 20192,
            "year": 2019,
            "quarter": 2,
            "eps": 0.09,
            "eps_growth_year": null,
            "eps_4q": 1.22,
            "eps_4q_growth_year": null,
            "roe": 0.37,
            "roe_4q": 10.79,
            "gross_profit": 32416,
            "gross_margin": 55.29,
            "gross_margin_4q_avg": 43.27,
            "net_income": 2578,
            "revenue": 58628,
            "common_shares": 300401,
            "book_valuer_per_share": 33.11,
            "book_valuer_per_share_4q_avg": 19.32,
            "equity": 994578,
            "current_ratio": 987.45,
            "debt_ratio": 10.56,
            "inventory_turnover_ratio": 989.13,
            "account_receivable_turnover_ratio": 0.75,
            "reinvestment_rate": null,
            "research_to_sale_ratio": 27.82,
            "price_fair": 63,
            "eps_avg_yearly": 1.8,
            "eps_latest_yearly": 0.36,
            "eps_growth_yearly": 322.04
        },
        "20193": {
            "year_quarter": 20193,
            "year": 2019,
            "quarter": 3,
            "eps": -0.32,
            "eps_growth_year": -228,
            "eps_4q": 0.71,
            "eps_4q_growth_year": null,
            "roe": -1.13,
            "roe_4q": 7.88,
            "gross_profit": 18600,
            "gross_margin": 39.92,
            "gross_margin_4q_avg": 44.1,
            "net_income": -11217,
            "revenue": 46592,
            "common_shares": 351135,
            "book_valuer_per_share": 28.01,
            "book_valuer_per_share_4q_avg": 22.79,
            "equity": 983361,
            "current_ratio": 1229.72,
            "debt_ratio": 8.39,
            "inventory_turnover_ratio": 799.77,
            "account_receivable_turnover_ratio": 0.54,
            "reinvestment_rate": null,
            "research_to_sale_ratio": 37.84,
            "price_fair": 63,
            "eps_avg_yearly": 1.8,
            "eps_latest_yearly": 0.36,
            "eps_growth_yearly": 322.04
        },
        "20194": {
            "year_quarter": 20194,
            "year": 2019,
            "quarter": 4,
            "eps": 0.23,
            "eps_growth_year": -79.71,
            "eps_4q": 0.08,
            "eps_4q_growth_year": null,
            "roe": 0.82,
            "roe_4q": 0.8600000000000001,
            "gross_profit": 45282,
            "gross_margin": 70.65,
            "gross_margin_4q_avg": 50.74,
            "net_income": 8105,
            "revenue": 64091,
            "common_shares": 351135,
            "book_valuer_per_share": 28.12,
            "book_valuer_per_share_4q_avg": 26.08,
            "equity": 985835,
            "current_ratio": 1508.63,
            "debt_ratio": 8.85,
            "inventory_turnover_ratio": 709.77,
            "account_receivable_turnover_ratio": 0.78,
            "reinvestment_rate": null,
            "research_to_sale_ratio": 32.35,
            "price_fair": 63,
            "eps_avg_yearly": 1.8,
            "eps_latest_yearly": 0.36,
            "eps_growth_yearly": 322.04
        },
        "20201": {
            "year_quarter": 20201,
            "year": 2020,
            "quarter": 1,
            "eps": -0.3,
            "eps_growth_year": -350,
            "eps_4q": -0.32,
            "eps_4q_growth_year": null,
            "roe": -1.09,
            "roe_4q": -1.0299999999999998,
            "gross_profit": 26816,
            "gross_margin": 44.28,
            "gross_margin_4q_avg": 52.54,
            "net_income": -10525,
            "revenue": 60555,
            "common_shares": 351135,
            "book_valuer_per_share": 27.1,
            "book_valuer_per_share_4q_avg": 29.09,
            "equity": 942096,
            "current_ratio": 1409.84,
            "debt_ratio": 10.26,
            "inventory_turnover_ratio": 3748.78,
            "account_receivable_turnover_ratio": 0.85,
            "reinvestment_rate": null,
            "research_to_sale_ratio": 30.5,
            "price_fair": 63,
            "eps_avg_yearly": 1.8,
            "eps_latest_yearly": 0.36,
            "eps_growth_yearly": 322.04
        },
        "20202": {
            "year_quarter": 20202,
            "year": 2020,
            "quarter": 2,
            "eps": -0.29,
            "eps_growth_year": -422.22,
            "eps_4q": -0.62,
            "eps_4q_growth_year": -150.96,
            "roe": -1.08,
            "roe_4q": -2.48,
            "gross_profit": 19523,
            "gross_margin": 38.98,
            "gross_margin_4q_avg": 48.46,
            "net_income": -10150,
            "revenue": 50082,
            "common_shares": 351135,
            "book_valuer_per_share": 26.74,
            "book_valuer_per_share_4q_avg": 27.49,
            "equity": 929513,
            "current_ratio": 1240.44,
            "debt_ratio": 11.11,
            "inventory_turnover_ratio": 3055.9,
            "account_receivable_turnover_ratio": 1.18,
            "reinvestment_rate": null,
            "research_to_sale_ratio": 33.82,
            "price_fair": 63,
            "eps_avg_yearly": 1.8,
            "eps_latest_yearly": 0.36,
            "eps_growth_yearly": 322.04
        },
        "20203": {
            "year_quarter": 20203,
            "year": 2020,
            "quarter": 3,
            "eps": -0.14,
            "eps_growth_year": null,
            "eps_4q": -0.47,
            "eps_4q_growth_year": -165.33,
            "roe": -0.56,
            "roe_4q": -1.9100000000000006,
            "gross_profit": 24912,
            "gross_margin": 40.68,
            "gross_margin_4q_avg": 48.65,
            "net_income": -5226,
            "revenue": 61239,
            "common_shares": 385898,
            "book_valuer_per_share": 24.17,
            "book_valuer_per_share_4q_avg": 26.53,
            "equity": 924287,
            "current_ratio": 1039.48,
            "debt_ratio": 12.3,
            "inventory_turnover_ratio": 1816.35,
            "account_receivable_turnover_ratio": 1.97,
            "reinvestment_rate": null,
            "research_to_sale_ratio": 30.93,
            "price_fair": 63,
            "eps_avg_yearly": 1.8,
            "eps_latest_yearly": 0.36,
            "eps_growth_yearly": 322.04
        },
        "20204": {
            "year_quarter": 20204,
            "year": 2020,
            "quarter": 4,
            "eps": 0.82,
            "eps_growth_year": 254.22,
            "eps_4q": 0.14,
            "eps_4q_growth_year": 84.24,
            "roe": 3.33,
            "roe_4q": 0.5999999999999999,
            "gross_profit": 65725,
            "gross_margin": 63.85,
            "gross_margin_4q_avg": 46.95,
            "net_income": 31310,
            "revenue": 102938,
            "common_shares": 385898,
            "book_valuer_per_share": 24.99,
            "book_valuer_per_share_4q_avg": 25.75,
            "equity": 955597,
            "current_ratio": 823.24,
            "debt_ratio": 14.24,
            "inventory_turnover_ratio": 1860.65,
            "account_receivable_turnover_ratio": 2.06,
            "reinvestment_rate": null,
            "research_to_sale_ratio": 22.71,
            "price_fair": 63,
            "eps_avg_yearly": 1.8,
            "eps_latest_yearly": 0.36,
            "eps_growth_yearly": 322.04
        },
        "20211": {
            "year_quarter": 20211,
            "year": 2021,
            "quarter": 1,
            "eps": 0.24,
            "eps_growth_year": null,
            "eps_4q": 0.66,
            "eps_4q_growth_year": null,
            "roe": 0.95,
            "roe_4q": 2.64,
            "gross_profit": 48005,
            "gross_margin": 51.48,
            "gross_margin_4q_avg": 48.75,
            "net_income": 9134,
            "revenue": 93245,
            "common_shares": 385898,
            "book_valuer_per_share": 25.23,
            "book_valuer_per_share_4q_avg": 25.28,
            "equity": 964731,
            "current_ratio": 1028.81,
            "debt_ratio": 12.19,
            "inventory_turnover_ratio": 4524,
            "account_receivable_turnover_ratio": 1.33,
            "reinvestment_rate": null,
            "research_to_sale_ratio": 24.91,
            "price_fair": 55.65,
            "eps_avg_yearly": 1.59,
            "eps_latest_yearly": 0.96,
            "eps_growth_yearly": 170.79
        },
        "20212": {
            "year_quarter": 20212,
            "year": 2021,
            "quarter": 2,
            "eps": 0.53,
            "eps_growth_year": null,
            "eps_4q": 1.45,
            "eps_4q_growth_year": null,
            "roe": 2.08,
            "roe_4q": 5.800000000000001,
            "gross_profit": 69356,
            "gross_margin": 76.43,
            "gross_margin_4q_avg": 58.11,
            "net_income": 20230,
            "revenue": 90739,
            "common_shares": 385898,
            "book_valuer_per_share": 25.76,
            "book_valuer_per_share_4q_avg": 25.04,
            "equity": 984961,
            "current_ratio": 1133.88,
            "debt_ratio": 11.13,
            "inventory_turnover_ratio": 307.67,
            "account_receivable_turnover_ratio": 1.26,
            "reinvestment_rate": null,
            "research_to_sale_ratio": 25.38,
            "price_fair": 59.36,
            "eps_avg_yearly": 1.7,
            "eps_latest_yearly": 2.12,
            "eps_growth_yearly": 233.3
        },
        "20213": {
            "year_quarter": 20213,
            "year": 2021,
            "quarter": 3,
            "eps": -0.05,
            "eps_growth_year": null,
            "eps_4q": 1.39,
            "eps_4q_growth_year": null,
            "roe": -0.23,
            "roe_4q": 6.13,
            "gross_profit": 34195,
            "gross_margin": 42.19,
            "gross_margin_4q_avg": 58.49,
            "net_income": -2224,
            "revenue": 81044,
            "common_shares": 424138,
            "book_valuer_per_share": 23.24,
            "book_valuer_per_share_4q_avg": 24.81,
            "equity": 977766,
            "current_ratio": 1134.77,
            "debt_ratio": 10.73,
            "inventory_turnover_ratio": 523.45,
            "account_receivable_turnover_ratio": 1.15,
            "reinvestment_rate": null,
            "research_to_sale_ratio": 29.41,
            "price_fair": 59.36,
            "eps_avg_yearly": 1.7,
            "eps_latest_yearly": 2.12,
            "eps_growth_yearly": 233.3
        },
        "20214": {
            "year_quarter": 20214,
            "year": 2021,
            "quarter": 4,
            "eps": 0.45,
            "eps_growth_year": -45.12,
            "eps_4q": 1.09,
            "eps_4q_growth_year": 673.8,
            "roe": 1.91,
            "roe_4q": 4.71,
            "gross_profit": 42114,
            "gross_margin": 53.59,
            "gross_margin_4q_avg": 55.92,
            "net_income": 18900,
            "revenue": 78589,
            "common_shares": 424138,
            "book_valuer_per_share": 23.69,
            "book_valuer_per_share_4q_avg": 24.48,
            "equity": 996405,
            "current_ratio": 1022.89,
            "debt_ratio": 11.47,
            "inventory_turnover_ratio": 1621.11,
            "account_receivable_turnover_ratio": 1.18,
            "reinvestment_rate": null,
            "research_to_sale_ratio": 27.05,
            "price_fair": 59.36,
            "eps_avg_yearly": 1.7,
            "eps_latest_yearly": 2.12,
            "eps_growth_yearly": 233.3
        },
        "20221": {
            "year_quarter": 20221,
            "year": 2022,
            "quarter": 1,
            "eps": 0.35,
            "eps_growth_year": 45.83,
            "eps_4q": 1.22,
            "eps_4q_growth_year": 86.78,
            "roe": 1.46,
            "roe_4q": 5.220000000000001,
            "gross_profit": 55675,
            "gross_margin": 51.02,
            "gross_margin_4q_avg": 55.81,
            "net_income": 14597,
            "revenue": 109121,
            "common_shares": 424138,
            "book_valuer_per_share": 23.73,
            "book_valuer_per_share_4q_avg": 24.11,
            "equity": 998318,
            "current_ratio": 1246.86,
            "debt_ratio": 9.92,
            "inventory_turnover_ratio": 10689.2,
            "account_receivable_turnover_ratio": 1.17,
            "reinvestment_rate": null,
            "research_to_sale_ratio": 19.27,
            "price_fair": 57.63,
            "eps_avg_yearly": 1.65,
            "eps_latest_yearly": 1.4,
            "eps_growth_yearly": 179.6
        },
        "20222": {
            "year_quarter": 20222,
            "year": 2022,
            "quarter": 2,
            "eps": 0.47,
            "eps_growth_year": -11.32,
            "eps_4q": 1.15,
            "eps_4q_growth_year": -20.9,
            "roe": 2.19,
            "roe_4q": 5.329999999999999,
            "gross_profit": 59570,
            "gross_margin": 53.68,
            "gross_margin_4q_avg": 50.12,
            "net_income": 21796,
            "revenue": 110962,
            "common_shares": 424138,
            "book_valuer_per_share": 23.52,
            "book_valuer_per_share_4q_avg": 23.55,
            "equity": 989477,
            "current_ratio": 696.21,
            "debt_ratio": 15.59,
            "inventory_turnover_ratio": 10278.4,
            "account_receivable_turnover_ratio": 0.99,
            "reinvestment_rate": 18.99,
            "research_to_sale_ratio": 18.25,
            "price_fair": 58.8,
            "eps_avg_yearly": 1.68,
            "eps_latest_yearly": 1.88,
            "eps_growth_yearly": 173.54
        },
        "20223": {
            "year_quarter": 20223,
            "year": 2022,
            "quarter": 3,
            "eps": 0.55,
            "eps_growth_year": null,
            "eps_4q": 1.74,
            "eps_4q_growth_year": 25.35,
            "roe": 2.53,
            "roe_4q": 8.09,
            "gross_profit": 66753,
            "gross_margin": 46.76,
            "gross_margin_4q_avg": 51.26,
            "net_income": 25303,
            "revenue": 142763,
            "common_shares": 466202,
            "book_valuer_per_share": 21.84,
            "book_valuer_per_share_4q_avg": 23.2,
            "equity": 1010601,
            "current_ratio": 734.53,
            "debt_ratio": 16.42,
            "inventory_turnover_ratio": 1256.36,
            "account_receivable_turnover_ratio": 1.57,
            "reinvestment_rate": 20,
            "research_to_sale_ratio": 14.6,
            "price_fair": 61.08,
            "eps_avg_yearly": 1.75,
            "eps_latest_yearly": 2.2,
            "eps_growth_yearly": 160.36
        },
        "20224": {
            "year_quarter": 20224,
            "year": 2022,
            "quarter": 4,
            "eps": 0.37,
            "eps_growth_year": -17.12,
            "eps_4q": 1.71,
            "eps_4q_growth_year": 55.85,
            "roe": 1.69,
            "roe_4q": 7.87,
            "gross_profit": 66521,
            "gross_margin": 56.25,
            "gross_margin_4q_avg": 51.93,
            "net_income": 17231,
            "revenue": 118263,
            "common_shares": 466202,
            "book_valuer_per_share": 22.2,
            "book_valuer_per_share_4q_avg": 22.82,
            "equity": 1027066,
            "current_ratio": 768.41,
            "debt_ratio": 15.48,
            "inventory_turnover_ratio": 446.05,
            "account_receivable_turnover_ratio": 1.54,
            "reinvestment_rate": 37.43,
            "research_to_sale_ratio": 16.62,
            "price_fair": 4.08,
            "eps_avg_yearly": 1.36,
            "eps_latest_yearly": 1.48,
            "eps_growth_yearly": -34.01
        },
        "20231": {
            "year_quarter": 20231,
            "year": 2023,
            "quarter": 1,
            "eps": 0.38,
            "eps_growth_year": 8.57,
            "eps_4q": 1.77,
            "eps_4q_growth_year": 44.54,
            "roe": 1.7,
            "roe_4q": 8.11,
            "gross_profit": 60936,
            "gross_margin": 47.49,
            "gross_margin_4q_avg": 51.05,
            "net_income": 17555,
            "revenue": 128301,
            "common_shares": 466202,
            "book_valuer_per_share": 22.42,
            "book_valuer_per_share_4q_avg": 22.5,
            "equity": 1037179,
            "current_ratio": 839.66,
            "debt_ratio": 14.32,
            "inventory_turnover_ratio": 580.73,
            "account_receivable_turnover_ratio": 1.41,
            "reinvestment_rate": 34.4,
            "research_to_sale_ratio": 15.29,
            "price_fair": 32.9,
            "eps_avg_yearly": 1.49,
            "eps_latest_yearly": 1.52,
            "eps_growth_yearly": 12.08
        }
    },
    "months": {
        "2015-01": {
            "month": "2015-01",
            "price": "120.73",
            "revenue": 6789
        },
        "2015-02": {
            "month": "2015-02",
            "price": "119.96",
            "revenue": 5412
        },
        "2015-03": {
            "month": "2015-03",
            "price": "129.65",
            "revenue": 11593
        },
        "2015-04": {
            "month": "2015-04",
            "price": "144.98",
            "revenue": 10223
        },
        "2015-05": {
            "month": "2015-05",
            "price": "140.47",
            "revenue": 12917
        },
        "2015-06": {
            "month": "2015-06",
            "price": "139.67",
            "revenue": 25040
        },
        "2015-07": {
            "month": "2015-07",
            "price": "132.09",
            "revenue": 14042
        },
        "2015-08": {
            "month": "2015-08",
            "price": "97.46",
            "revenue": 24359
        },
        "2015-09": {
            "month": "2015-09",
            "price": "137.66",
            "revenue": 28703
        },
        "2015-10": {
            "month": "2015-10",
            "price": "206.39",
            "revenue": 26354
        },
        "2015-11": {
            "month": "2015-11",
            "price": "221.68",
            "revenue": 39270
        },
        "2015-12": {
            "month": "2015-12",
            "price": "211.09",
            "revenue": 79091
        },
        "2016-01": {
            "month": "2016-01",
            "price": "204.01",
            "revenue": 11423
        },
        "2016-02": {
            "month": "2016-02",
            "price": "200.21",
            "revenue": 13942
        },
        "2016-03": {
            "month": "2016-03",
            "price": "216.60",
            "revenue": 22975
        },
        "2016-04": {
            "month": "2016-04",
            "price": "246.50",
            "revenue": 11093
        },
        "2016-05": {
            "month": "2016-05",
            "price": "248.12",
            "revenue": 18304
        },
        "2016-06": {
            "month": "2016-06",
            "price": "238.20",
            "revenue": 17597
        },
        "2016-07": {
            "month": "2016-07",
            "price": "233.84",
            "revenue": 14223
        },
        "2016-08": {
            "month": "2016-08",
            "price": "230.08",
            "revenue": 15258
        },
        "2016-09": {
            "month": "2016-09",
            "price": "240.28",
            "revenue": 16848
        },
        "2016-10": {
            "month": "2016-10",
            "price": "249.81",
            "revenue": 23272
        },
        "2016-11": {
            "month": "2016-11",
            "price": "370.14",
            "revenue": 28444
        },
        "2016-12": {
            "month": "2016-12",
            "price": "435.08",
            "revenue": 91135
        },
        "2017-01": {
            "month": "2017-01",
            "price": "417.74",
            "revenue": 8134
        },
        "2017-02": {
            "month": "2017-02",
            "price": "393.97",
            "revenue": 12232
        },
        "2017-03": {
            "month": "2017-03",
            "price": "403.68",
            "revenue": 18876
        },
        "2017-04": {
            "month": "2017-04",
            "price": "402.21",
            "revenue": 9466
        },
        "2017-05": {
            "month": "2017-05",
            "price": "391.75",
            "revenue": 14520
        },
        "2017-06": {
            "month": "2017-06",
            "price": "394.93",
            "revenue": 38133
        },
        "2017-07": {
            "month": "2017-07",
            "price": "382.43",
            "revenue": 23761
        },
        "2017-08": {
            "month": "2017-08",
            "price": "378.74",
            "revenue": 19959
        },
        "2017-09": {
            "month": "2017-09",
            "price": "360.01",
            "revenue": 18579
        },
        "2017-10": {
            "month": "2017-10",
            "price": "324.79",
            "revenue": 36980
        },
        "2017-11": {
            "month": "2017-11",
            "price": "347.66",
            "revenue": 26335
        },
        "2017-12": {
            "month": "2017-12",
            "price": "343.34",
            "revenue": 63545
        },
        "2018-01": {
            "month": "2018-01",
            "price": "336.56",
            "revenue": 14425
        },
        "2018-02": {
            "month": "2018-02",
            "price": "325.05",
            "revenue": 6744
        },
        "2018-03": {
            "month": "2018-03",
            "price": "313.17",
            "revenue": 25409
        },
        "2018-04": {
            "month": "2018-04",
            "price": "298.06",
            "revenue": 18737
        },
        "2018-05": {
            "month": "2018-05",
            "price": "281.60",
            "revenue": 20064
        },
        "2018-06": {
            "month": "2018-06",
            "price": "290.10",
            "revenue": 22268
        },
        "2018-07": {
            "month": "2018-07",
            "price": "274.86",
            "revenue": 36764
        },
        "2018-08": {
            "month": "2018-08",
            "price": "229.14",
            "revenue": 21150
        },
        "2018-09": {
            "month": "2018-09",
            "price": "182.89",
            "revenue": 22868
        },
        "2018-10": {
            "month": "2018-10",
            "price": "153.29",
            "revenue": 25177
        },
        "2018-11": {
            "month": "2018-11",
            "price": "153.85",
            "revenue": 74199
        },
        "2018-12": {
            "month": "2018-12",
            "price": "196.89",
            "revenue": 44149
        },
        "2019-01": {
            "month": "2019-01",
            "price": "177.31",
            "revenue": 30308
        },
        "2019-02": {
            "month": "2019-02",
            "price": "183.73",
            "revenue": 17894
        },
        "2019-03": {
            "month": "2019-03",
            "price": "208.01",
            "revenue": 37562
        },
        "2019-04": {
            "month": "2019-04",
            "price": "217.68",
            "revenue": 21341
        },
        "2019-05": {
            "month": "2019-05",
            "price": "161.70",
            "revenue": 18643
        },
        "2019-06": {
            "month": "2019-06",
            "price": "148.00",
            "revenue": 18644
        },
        "2019-07": {
            "month": "2019-07",
            "price": "150.98",
            "revenue": 19180
        },
        "2019-08": {
            "month": "2019-08",
            "price": "144.76",
            "revenue": 16368
        },
        "2019-09": {
            "month": "2019-09",
            "price": "130.50",
            "revenue": 11044
        },
        "2019-10": {
            "month": "2019-10",
            "price": "112.71",
            "revenue": 21496
        },
        "2019-11": {
            "month": "2019-11",
            "price": "107.02",
            "revenue": 17814
        },
        "2019-12": {
            "month": "2019-12",
            "price": "105.02",
            "revenue": 24781
        },
        "2020-01": {
            "month": "2020-01",
            "price": "111.47",
            "revenue": 15183
        },
        "2020-02": {
            "month": "2020-02",
            "price": "103.72",
            "revenue": 15035
        },
        "2020-03": {
            "month": "2020-03",
            "price": "86.30",
            "revenue": 30337
        },
        "2020-04": {
            "month": "2020-04",
            "price": "80.35",
            "revenue": 18544
        },
        "2020-05": {
            "month": "2020-05",
            "price": "82.69",
            "revenue": 17171
        },
        "2020-06": {
            "month": "2020-06",
            "price": "84.60",
            "revenue": 14367
        },
        "2020-07": {
            "month": "2020-07",
            "price": "97.67",
            "revenue": 24013
        },
        "2020-08": {
            "month": "2020-08",
            "price": "90.15",
            "revenue": 17608
        },
        "2020-09": {
            "month": "2020-09",
            "price": "84.26",
            "revenue": 19618
        },
        "2020-10": {
            "month": "2020-10",
            "price": "78.64",
            "revenue": 26424
        },
        "2020-11": {
            "month": "2020-11",
            "price": "78.74",
            "revenue": 32061
        },
        "2020-12": {
            "month": "2020-12",
            "price": "78.73",
            "revenue": 44453
        },
        "2021-01": {
            "month": "2021-01",
            "price": "80.23",
            "revenue": 23562
        },
        "2021-02": {
            "month": "2021-02",
            "price": "85.63",
            "revenue": 40520
        },
        "2021-03": {
            "month": "2021-03",
            "price": "126.83",
            "revenue": 29163
        },
        "2021-04": {
            "month": "2021-04",
            "price": "133.61",
            "revenue": 22875
        },
        "2021-05": {
            "month": "2021-05",
            "price": "101.18",
            "revenue": 16467
        },
        "2021-06": {
            "month": "2021-06",
            "price": "105.27",
            "revenue": 51398
        },
        "2021-07": {
            "month": "2021-07",
            "price": "123.84",
            "revenue": 39122
        },
        "2021-08": {
            "month": "2021-08",
            "price": "112.07",
            "revenue": 19891
        },
        "2021-09": {
            "month": "2021-09",
            "price": "115.92",
            "revenue": 22031
        },
        "2021-10": {
            "month": "2021-10",
            "price": "102.00",
            "revenue": 18258
        },
        "2021-11": {
            "month": "2021-11",
            "price": "100.89",
            "revenue": 35089
        },
        "2021-12": {
            "month": "2021-12",
            "price": "94.51",
            "revenue": 25243
        },
        "2022-01": {
            "month": "2022-01",
            "price": "92.03",
            "revenue": 33157
        },
        "2022-02": {
            "month": "2022-02",
            "price": "92.66",
            "revenue": 49745
        },
        "2022-03": {
            "month": "2022-03",
            "price": "90.11",
            "revenue": 26219
        },
        "2022-04": {
            "month": "2022-04",
            "price": "89.81",
            "revenue": 39784
        },
        "2022-05": {
            "month": "2022-05",
            "price": "85.31",
            "revenue": 36344
        },
        "2022-06": {
            "month": "2022-06",
            "price": "83.90",
            "revenue": 34835
        },
        "2022-07": {
            "month": "2022-07",
            "price": "73.13",
            "revenue": 42153
        },
        "2022-08": {
            "month": "2022-08",
            "price": "77.53",
            "revenue": 59297
        },
        "2022-09": {
            "month": "2022-09",
            "price": "85.38",
            "revenue": 41313
        },
        "2022-10": {
            "month": "2022-10",
            "price": "75.90",
            "revenue": 29725
        },
        "2022-11": {
            "month": "2022-11",
            "price": "76.69",
            "revenue": 40065
        },
        "2022-12": {
            "month": "2022-12",
            "price": "77.73",
            "revenue": 48472
        },
        "2023-01": {
            "month": "2023-01",
            "price": "77.09",
            "revenue": 36904
        },
        "2023-02": {
            "month": "2023-02",
            "price": "83.11",
            "revenue": 38622
        },
        "2023-03": {
            "month": "2023-03",
            "price": "84.74",
            "revenue": 52776
        },
        "2023-04": {
            "month": "2023-04",
            "price": "92.14",
            "revenue": 35444
        }
    }
}
