{
    "summary": {
        "stock_name": "達爾膚",
        "stock_id": "6523",
        "category": "生技醫療",
        "main_business": "醫學美容保養相關產品之研發及銷售<br>除許可業務外，得經營法令非禁止或限制之業務",
        "website_url": "http://www.drwu.com",
        "ceo": "吳奕叡",
        "pe_ratio": 17,
        "report_year_from": 2014,
        "report_year_to": 2023,
        "age": 10,
        "eps_negative_percentage": 0,
        "eps_growth_avg": {
            "last_all": 2.81,
            "last_2y": -16.19,
            "last_4y": 30.29,
            "last_8y": null,
            "last_12y": null,
            "last_16y": null,
            "last_20y": null,
            "at_2006_last_3y": null,
            "at_2007_last_3y": null,
            "at_2008_last_3y": null,
            "at_2009_last_3y": null,
            "at_2010_last_3y": null,
            "at_2011_last_3y": null,
            "at_2012_last_3y": null,
            "at_2013_last_3y": null,
            "at_2014_last_3y": null,
            "at_2015_last_3y": null,
            "at_2016_last_3y": null,
            "at_2017_last_3y": null,
            "at_2018_last_3y": null,
            "at_2019_last_3y": -7.23,
            "at_2020_last_3y": 13.81,
            "at_2021_last_3y": 16.15,
            "at_2022_last_3y": 39.88,
            "at_2023_last_3y": 12.86,
            "at_2024_last_3y": 12.86,
            "at_2006_last_all": null,
            "at_2007_last_all": null,
            "at_2008_last_all": null,
            "at_2009_last_all": null,
            "at_2010_last_all": null,
            "at_2011_last_all": null,
            "at_2012_last_all": null,
            "at_2013_last_all": null,
            "at_2014_last_all": null,
            "at_2015_last_all": null,
            "at_2016_last_all": null,
            "at_2017_last_all": -24.4,
            "at_2018_last_all": -42.98,
            "at_2019_last_all": -7.23,
            "at_2020_last_all": 14.21,
            "at_2021_last_all": 2.64,
            "at_2022_last_all": 4.37,
            "at_2023_last_all": 2.81,
            "at_2024_last_all": 2.81
        },
        "latest_eps": 9.03,
        "latest_price": 157,
        "latest_roe": 26.22,
        "latest_gross_margin": 71.09,
        "latest_equity": 1541860,
        "latest_revenue": 297718,
        "latest_gross_profit": 211643,
        "latest_net_income": 126838,
        "latest_debt_ratio": 19.61,
        "latest_current_ratio": 486.82,
        "latest_account_receivable_turnover_ratio": 1.88,
        "latest_inventory_turnover_ratio": 0.45,
        "latest_reinvestment_rate": -1.04,
        "latest_research_to_sale_ratio": 0.77
    },
    "eps_dividends": {
        "2001": {
            "cash": 0,
            "stock": 0,
            "eps": 0
        },
        "2002": {
            "cash": 0,
            "stock": 0,
            "eps": 0
        },
        "2003": {
            "cash": 0,
            "stock": 0,
            "eps": 0
        },
        "2004": {
            "cash": 0,
            "stock": 0,
            "eps": 0
        },
        "2005": {
            "cash": 0,
            "stock": 0,
            "eps": 0
        },
        "2006": {
            "cash": 0,
            "stock": 0,
            "eps": 0
        },
        "2007": {
            "cash": 0,
            "stock": 0,
            "eps": 0
        },
        "2008": {
            "cash": 0,
            "stock": 0,
            "eps": 0
        },
        "2009": {
            "cash": 0,
            "stock": 0,
            "eps": 0
        },
        "2010": {
            "cash": 0,
            "stock": 0,
            "eps": 0
        },
        "2011": {
            "cash": 0,
            "stock": 0,
            "eps": 0
        },
        "2012": {
            "cash": 0,
            "stock": 0,
            "eps": 0
        },
        "2013": {
            "cash": 0,
            "stock": 0,
            "eps": 0
        },
        "2014": {
            "cash": 0,
            "stock": 0,
            "eps": 0
        },
        "2015": {
            "cash": 6,
            "stock": 0,
            "eps": 6.76
        },
        "2016": {
            "cash": 3,
            "stock": 5,
            "eps": 7.83
        },
        "2017": {
            "cash": 6.6,
            "stock": 0,
            "eps": 2.77
        },
        "2018": {
            "cash": 2.5,
            "stock": 0,
            "eps": 0.55
        },
        "2019": {
            "cash": 0.45,
            "stock": 0,
            "eps": 4.25
        },
        "2020": {
            "cash": 3.86,
            "stock": 0,
            "eps": 14.68
        },
        "2021": {
            "cash": 17.22,
            "stock": 0,
            "eps": 6.57
        },
        "2022": {
            "cash": 8,
            "stock": 0,
            "eps": 7.54
        },
        "2023": {
            "cash": 10,
            "stock": 0,
            "eps": 6.93
        }
    },
    "dividends": {
        "2015-08-07": {
            "cash": 6,
            "stock": 0
        },
        "2016-07-13": {
            "cash": 3,
            "stock": 5
        },
        "2017-08-04": {
            "cash": 6.6,
            "stock": 0
        },
        "2018-08-31": {
            "cash": 2.5,
            "stock": 0
        },
        "2019-07-31": {
            "cash": 0.45,
            "stock": 0
        },
        "2020-08-14": {
            "cash": 3.86,
            "stock": 0
        },
        "2021-04-29": {
            "cash": 4,
            "stock": 0
        },
        "2021-07-12": {
            "cash": 4,
            "stock": 0
        },
        "2021-11-30": {
            "cash": 4,
            "stock": 0
        },
        "2021-12-30": {
            "cash": 5.22,
            "stock": 0
        },
        "2022-04-29": {
            "cash": 2,
            "stock": 0
        },
        "2022-07-29": {
            "cash": 2,
            "stock": 0
        },
        "2022-10-31": {
            "cash": 2,
            "stock": 0
        },
        "2022-12-30": {
            "cash": 2,
            "stock": 0
        },
        "2023-04-28": {
            "cash": 2,
            "stock": 0
        },
        "2023-07-28": {
            "cash": 2,
            "stock": 0
        },
        "2023-10-31": {
            "cash": 2,
            "stock": 0
        },
        "2023-12-29": {
            "cash": 4,
            "stock": 0
        }
    },
    "prices": {
        "200101": "無",
        "200102": "無",
        "200103": "無",
        "200104": "無",
        "200105": "無",
        "200106": "無",
        "200107": "無",
        "200108": "無",
        "200109": "無",
        "200110": "無",
        "200111": "無",
        "200112": "無",
        "200201": "無",
        "200202": "無",
        "200203": "無",
        "200204": "無",
        "200205": "無",
        "200206": "無",
        "200207": "無",
        "200208": "無",
        "200209": "無",
        "200210": "無",
        "200211": "無",
        "200212": "無",
        "200301": "無",
        "200302": "無",
        "200303": "無",
        "200304": "無",
        "200305": "無",
        "200306": "無",
        "200307": "無",
        "200308": "無",
        "200309": "無",
        "200310": "無",
        "200311": "無",
        "200312": "無",
        "200401": "無",
        "200402": "無",
        "200403": "無",
        "200404": "無",
        "200405": "無",
        "200406": "無",
        "200407": "無",
        "200408": "無",
        "200409": "無",
        "200410": "無",
        "200411": "無",
        "200412": "無",
        "200501": "無",
        "200502": "無",
        "200503": "無",
        "200504": "無",
        "200505": "無",
        "200506": "無",
        "200507": "無",
        "200508": "無",
        "200509": "無",
        "200510": "無",
        "200511": "無",
        "200512": "無",
        "200601": "無",
        "200602": "無",
        "200603": "無",
        "200604": "無",
        "200605": "無",
        "200606": "無",
        "200607": "無",
        "200608": "無",
        "200609": "無",
        "200610": "無",
        "200611": "無",
        "200612": "無",
        "200701": "無",
        "200702": "無",
        "200703": "無",
        "200704": "無",
        "200705": "無",
        "200706": "無",
        "200707": "無",
        "200708": "無",
        "200709": "無",
        "200710": "無",
        "200711": "無",
        "200712": "無",
        "200801": "無",
        "200802": "無",
        "200803": "無",
        "200804": "無",
        "200805": "無",
        "200806": "無",
        "200807": "無",
        "200808": "無",
        "200809": "無",
        "200810": "無",
        "200811": "無",
        "200812": "無",
        "200901": "無",
        "200902": "無",
        "200903": "無",
        "200904": "無",
        "200905": "無",
        "200906": "無",
        "200907": "無",
        "200908": "無",
        "200909": "無",
        "200910": "無",
        "200911": "無",
        "200912": "無",
        "201001": "無",
        "201002": "無",
        "201003": "無",
        "201004": "無",
        "201005": "無",
        "201006": "無",
        "201007": "無",
        "201008": "無",
        "201009": "無",
        "201010": "無",
        "201011": "無",
        "201012": "無",
        "201101": "無",
        "201102": "無",
        "201103": "無",
        "201104": "無",
        "201105": "無",
        "201106": "無",
        "201107": "無",
        "201108": "無",
        "201109": "無",
        "201110": "無",
        "201111": "無",
        "201112": "無",
        "201201": "無",
        "201202": "無",
        "201203": "無",
        "201204": "無",
        "201205": "無",
        "201206": "無",
        "201207": "無",
        "201208": "無",
        "201209": "無",
        "201210": "無",
        "201211": "無",
        "201212": "無",
        "201301": "無",
        "201302": "無",
        "201303": "無",
        "201304": "無",
        "201305": "無",
        "201306": "無",
        "201307": "無",
        "201308": "無",
        "201309": "無",
        "201310": "無",
        "201311": "無",
        "201312": "無",
        "201401": "無",
        "201402": "無",
        "201403": "無",
        "201404": "無",
        "201405": "無",
        "201406": "無",
        "201407": "無",
        "201408": "無",
        "201409": "無",
        "201410": "無",
        "201411": "無",
        "201412": "無",
        "201501": "無",
        "201502": "無",
        "201503": "無",
        "201504": "236.41",
        "201505": "243.31",
        "201506": "209.16",
        "201507": "197.73",
        "201508": "184.21",
        "201509": "200.71",
        "201510": "212.38",
        "201511": "229.32",
        "201512": "256.58",
        "201601": "282.96",
        "201602": "282.60",
        "201603": "300.43",
        "201604": "323.38",
        "201605": "366.19",
        "201606": "257.88",
        "201607": "248.08",
        "201608": "226.93",
        "201609": "215.87",
        "201610": "217.88",
        "201611": "198.55",
        "201612": "187.64",
        "201701": "168.62",
        "201702": "168.58",
        "201703": "190.15",
        "201704": "208.44",
        "201705": "187.18",
        "201706": "184.48",
        "201707": "166.02",
        "201708": "145.74",
        "201709": "141.02",
        "201710": "137.18",
        "201711": "113.90",
        "201712": "84.40",
        "201801": "90.27",
        "201802": "88.22",
        "201803": "105.61",
        "201804": "146.53",
        "201805": "124.47",
        "201806": "99.52",
        "201807": "95.58",
        "201808": "93.72",
        "201809": "84.16",
        "201810": "67.31",
        "201811": "60.44",
        "201812": "65.86",
        "201901": "65.49",
        "201902": "70.55",
        "201903": "66.64",
        "201904": "67.59",
        "201905": "71.84",
        "201906": "74.54",
        "201907": "69.54",
        "201908": "62.62",
        "201909": "63.96",
        "201910": "62.19",
        "201911": "67.51",
        "201912": "73.54",
        "202001": "94.32",
        "202002": "88.63",
        "202003": "58.85",
        "202004": "58.73",
        "202005": "63.61",
        "202006": "67.60",
        "202007": "69.17",
        "202008": "61.65",
        "202009": "58.92",
        "202010": "59.39",
        "202011": "66.11",
        "202012": "68.85",
        "202101": "66.34",
        "202102": "68.15",
        "202103": "83.72",
        "202104": "77.83",
        "202105": "74.60",
        "202106": "75.61",
        "202107": "73.52",
        "202108": "72.68",
        "202109": "75.90",
        "202110": "85.30",
        "202111": "114.94",
        "202112": "113.29",
        "202201": "96.77",
        "202202": "96.07",
        "202203": "95.40",
        "202204": "87.69",
        "202205": "81.17",
        "202206": "84.94",
        "202207": "81.96",
        "202208": "86.93",
        "202209": "98.43",
        "202210": "87.44",
        "202211": "93.33",
        "202212": "105.08",
        "202301": "103.65",
        "202302": "109.92",
        "202303": "108.67",
        "202304": "133.44",
        "202305": "131.80",
        "202306": "128.82",
        "202307": "131.81",
        "202308": "130.32",
        "202309": "140.78",
        "202310": "132.92",
        "202311": "147.05",
        "202312": "149.31"
    },
    "quarters": {
        "20011": {
            "year_quarter": 20011,
            "year": 2001,
            "quarter": 1,
            "eps": null,
            "eps_growth_year": null,
            "eps_4q": null,
            "eps_4q_growth_year": null,
            "roe": null,
            "roe_4q": 0,
            "gross_profit": null,
            "gross_margin": null,
            "gross_margin_4q_avg": 0,
            "net_income": null,
            "net_income_4q": null,
            "revenue": null,
            "revenue_4q": null,
            "common_shares": null,
            "book_valuer_per_share": null,
            "book_valuer_per_share_4q_avg": 0,
            "equity": null,
            "current_ratio": null,
            "debt_ratio": null,
            "inventory_turnover_ratio": null,
            "account_receivable_turnover_ratio": null,
            "reinvestment_rate": null,
            "research_to_sale_ratio": null,
            "price_fair": 0,
            "eps_avg_yearly": 0,
            "eps_latest_yearly": 0,
            "eps_growth_yearly": 0
        },
        "20012": {
            "year_quarter": 20012,
            "year": 2001,
            "quarter": 2,
            "eps": null,
            "eps_growth_year": null,
            "eps_4q": null,
            "eps_4q_growth_year": null,
            "roe": null,
            "roe_4q": 0,
            "gross_profit": null,
            "gross_margin": null,
            "gross_margin_4q_avg": 0,
            "net_income": null,
            "net_income_4q": null,
            "revenue": null,
            "revenue_4q": null,
            "common_shares": null,
            "book_valuer_per_share": null,
            "book_valuer_per_share_4q_avg": 0,
            "equity": null,
            "current_ratio": null,
            "debt_ratio": null,
            "inventory_turnover_ratio": null,
            "account_receivable_turnover_ratio": null,
            "reinvestment_rate": null,
            "research_to_sale_ratio": null,
            "price_fair": 0,
            "eps_avg_yearly": 0,
            "eps_latest_yearly": 0,
            "eps_growth_yearly": 0
        },
        "20013": {
            "year_quarter": 20013,
            "year": 2001,
            "quarter": 3,
            "eps": null,
            "eps_growth_year": null,
            "eps_4q": null,
            "eps_4q_growth_year": null,
            "roe": null,
            "roe_4q": 0,
            "gross_profit": null,
            "gross_margin": null,
            "gross_margin_4q_avg": 0,
            "net_income": null,
            "net_income_4q": null,
            "revenue": null,
            "revenue_4q": null,
            "common_shares": null,
            "book_valuer_per_share": null,
            "book_valuer_per_share_4q_avg": 0,
            "equity": null,
            "current_ratio": null,
            "debt_ratio": null,
            "inventory_turnover_ratio": null,
            "account_receivable_turnover_ratio": null,
            "reinvestment_rate": null,
            "research_to_sale_ratio": null,
            "price_fair": 0,
            "eps_avg_yearly": 0,
            "eps_latest_yearly": 0,
            "eps_growth_yearly": 0
        },
        "20014": {
            "year_quarter": 20014,
            "year": 2001,
            "quarter": 4,
            "eps": null,
            "eps_growth_year": null,
            "eps_4q": null,
            "eps_4q_growth_year": null,
            "roe": null,
            "roe_4q": 0,
            "gross_profit": null,
            "gross_margin": null,
            "gross_margin_4q_avg": 0,
            "net_income": null,
            "net_income_4q": null,
            "revenue": null,
            "revenue_4q": null,
            "common_shares": null,
            "book_valuer_per_share": null,
            "book_valuer_per_share_4q_avg": 0,
            "equity": null,
            "current_ratio": null,
            "debt_ratio": null,
            "inventory_turnover_ratio": null,
            "account_receivable_turnover_ratio": null,
            "reinvestment_rate": null,
            "research_to_sale_ratio": null,
            "price_fair": 0,
            "eps_avg_yearly": 0,
            "eps_latest_yearly": 0,
            "eps_growth_yearly": 0
        },
        "20021": {
            "year_quarter": 20021,
            "year": 2002,
            "quarter": 1,
            "eps": null,
            "eps_growth_year": null,
            "eps_4q": null,
            "eps_4q_growth_year": null,
            "roe": null,
            "roe_4q": 0,
            "gross_profit": null,
            "gross_margin": null,
            "gross_margin_4q_avg": 0,
            "net_income": null,
            "net_income_4q": null,
            "revenue": null,
            "revenue_4q": null,
            "common_shares": null,
            "book_valuer_per_share": null,
            "book_valuer_per_share_4q_avg": 0,
            "equity": null,
            "current_ratio": null,
            "debt_ratio": null,
            "inventory_turnover_ratio": null,
            "account_receivable_turnover_ratio": null,
            "reinvestment_rate": null,
            "research_to_sale_ratio": null,
            "price_fair": 0,
            "eps_avg_yearly": 0,
            "eps_latest_yearly": 0,
            "eps_growth_yearly": 0
        },
        "20022": {
            "year_quarter": 20022,
            "year": 2002,
            "quarter": 2,
            "eps": null,
            "eps_growth_year": null,
            "eps_4q": null,
            "eps_4q_growth_year": null,
            "roe": null,
            "roe_4q": 0,
            "gross_profit": null,
            "gross_margin": null,
            "gross_margin_4q_avg": 0,
            "net_income": null,
            "net_income_4q": null,
            "revenue": null,
            "revenue_4q": null,
            "common_shares": null,
            "book_valuer_per_share": null,
            "book_valuer_per_share_4q_avg": 0,
            "equity": null,
            "current_ratio": null,
            "debt_ratio": null,
            "inventory_turnover_ratio": null,
            "account_receivable_turnover_ratio": null,
            "reinvestment_rate": null,
            "research_to_sale_ratio": null,
            "price_fair": 0,
            "eps_avg_yearly": 0,
            "eps_latest_yearly": 0,
            "eps_growth_yearly": 0
        },
        "20023": {
            "year_quarter": 20023,
            "year": 2002,
            "quarter": 3,
            "eps": null,
            "eps_growth_year": null,
            "eps_4q": null,
            "eps_4q_growth_year": null,
            "roe": null,
            "roe_4q": 0,
            "gross_profit": null,
            "gross_margin": null,
            "gross_margin_4q_avg": 0,
            "net_income": null,
            "net_income_4q": null,
            "revenue": null,
            "revenue_4q": null,
            "common_shares": null,
            "book_valuer_per_share": null,
            "book_valuer_per_share_4q_avg": 0,
            "equity": null,
            "current_ratio": null,
            "debt_ratio": null,
            "inventory_turnover_ratio": null,
            "account_receivable_turnover_ratio": null,
            "reinvestment_rate": null,
            "research_to_sale_ratio": null,
            "price_fair": 0,
            "eps_avg_yearly": 0,
            "eps_latest_yearly": 0,
            "eps_growth_yearly": 0
        },
        "20024": {
            "year_quarter": 20024,
            "year": 2002,
            "quarter": 4,
            "eps": null,
            "eps_growth_year": null,
            "eps_4q": null,
            "eps_4q_growth_year": null,
            "roe": null,
            "roe_4q": 0,
            "gross_profit": null,
            "gross_margin": null,
            "gross_margin_4q_avg": 0,
            "net_income": null,
            "net_income_4q": null,
            "revenue": null,
            "revenue_4q": null,
            "common_shares": null,
            "book_valuer_per_share": null,
            "book_valuer_per_share_4q_avg": 0,
            "equity": null,
            "current_ratio": null,
            "debt_ratio": null,
            "inventory_turnover_ratio": null,
            "account_receivable_turnover_ratio": null,
            "reinvestment_rate": null,
            "research_to_sale_ratio": null,
            "price_fair": 0,
            "eps_avg_yearly": 0,
            "eps_latest_yearly": 0,
            "eps_growth_yearly": 0
        },
        "20031": {
            "year_quarter": 20031,
            "year": 2003,
            "quarter": 1,
            "eps": null,
            "eps_growth_year": null,
            "eps_4q": null,
            "eps_4q_growth_year": null,
            "roe": null,
            "roe_4q": 0,
            "gross_profit": null,
            "gross_margin": null,
            "gross_margin_4q_avg": 0,
            "net_income": null,
            "net_income_4q": null,
            "revenue": null,
            "revenue_4q": null,
            "common_shares": null,
            "book_valuer_per_share": null,
            "book_valuer_per_share_4q_avg": 0,
            "equity": null,
            "current_ratio": null,
            "debt_ratio": null,
            "inventory_turnover_ratio": null,
            "account_receivable_turnover_ratio": null,
            "reinvestment_rate": null,
            "research_to_sale_ratio": null,
            "price_fair": 0,
            "eps_avg_yearly": 0,
            "eps_latest_yearly": 0,
            "eps_growth_yearly": 0
        },
        "20032": {
            "year_quarter": 20032,
            "year": 2003,
            "quarter": 2,
            "eps": null,
            "eps_growth_year": null,
            "eps_4q": null,
            "eps_4q_growth_year": null,
            "roe": null,
            "roe_4q": 0,
            "gross_profit": null,
            "gross_margin": null,
            "gross_margin_4q_avg": 0,
            "net_income": null,
            "net_income_4q": null,
            "revenue": null,
            "revenue_4q": null,
            "common_shares": null,
            "book_valuer_per_share": null,
            "book_valuer_per_share_4q_avg": 0,
            "equity": null,
            "current_ratio": null,
            "debt_ratio": null,
            "inventory_turnover_ratio": null,
            "account_receivable_turnover_ratio": null,
            "reinvestment_rate": null,
            "research_to_sale_ratio": null,
            "price_fair": 0,
            "eps_avg_yearly": 0,
            "eps_latest_yearly": 0,
            "eps_growth_yearly": 0
        },
        "20033": {
            "year_quarter": 20033,
            "year": 2003,
            "quarter": 3,
            "eps": null,
            "eps_growth_year": null,
            "eps_4q": null,
            "eps_4q_growth_year": null,
            "roe": null,
            "roe_4q": 0,
            "gross_profit": null,
            "gross_margin": null,
            "gross_margin_4q_avg": 0,
            "net_income": null,
            "net_income_4q": null,
            "revenue": null,
            "revenue_4q": null,
            "common_shares": null,
            "book_valuer_per_share": null,
            "book_valuer_per_share_4q_avg": 0,
            "equity": null,
            "current_ratio": null,
            "debt_ratio": null,
            "inventory_turnover_ratio": null,
            "account_receivable_turnover_ratio": null,
            "reinvestment_rate": null,
            "research_to_sale_ratio": null,
            "price_fair": 0,
            "eps_avg_yearly": 0,
            "eps_latest_yearly": 0,
            "eps_growth_yearly": 0
        },
        "20034": {
            "year_quarter": 20034,
            "year": 2003,
            "quarter": 4,
            "eps": null,
            "eps_growth_year": null,
            "eps_4q": null,
            "eps_4q_growth_year": null,
            "roe": null,
            "roe_4q": 0,
            "gross_profit": null,
            "gross_margin": null,
            "gross_margin_4q_avg": 0,
            "net_income": null,
            "net_income_4q": null,
            "revenue": null,
            "revenue_4q": null,
            "common_shares": null,
            "book_valuer_per_share": null,
            "book_valuer_per_share_4q_avg": 0,
            "equity": null,
            "current_ratio": null,
            "debt_ratio": null,
            "inventory_turnover_ratio": null,
            "account_receivable_turnover_ratio": null,
            "reinvestment_rate": null,
            "research_to_sale_ratio": null,
            "price_fair": 0,
            "eps_avg_yearly": 0,
            "eps_latest_yearly": 0,
            "eps_growth_yearly": 0
        },
        "20041": {
            "year_quarter": 20041,
            "year": 2004,
            "quarter": 1,
            "eps": null,
            "eps_growth_year": null,
            "eps_4q": null,
            "eps_4q_growth_year": null,
            "roe": null,
            "roe_4q": 0,
            "gross_profit": null,
            "gross_margin": null,
            "gross_margin_4q_avg": 0,
            "net_income": null,
            "net_income_4q": null,
            "revenue": null,
            "revenue_4q": null,
            "common_shares": null,
            "book_valuer_per_share": null,
            "book_valuer_per_share_4q_avg": 0,
            "equity": null,
            "current_ratio": null,
            "debt_ratio": null,
            "inventory_turnover_ratio": null,
            "account_receivable_turnover_ratio": null,
            "reinvestment_rate": null,
            "research_to_sale_ratio": null,
            "price_fair": 0,
            "eps_avg_yearly": 0,
            "eps_latest_yearly": 0,
            "eps_growth_yearly": 0
        },
        "20042": {
            "year_quarter": 20042,
            "year": 2004,
            "quarter": 2,
            "eps": null,
            "eps_growth_year": null,
            "eps_4q": null,
            "eps_4q_growth_year": null,
            "roe": null,
            "roe_4q": 0,
            "gross_profit": null,
            "gross_margin": null,
            "gross_margin_4q_avg": 0,
            "net_income": null,
            "net_income_4q": null,
            "revenue": null,
            "revenue_4q": null,
            "common_shares": null,
            "book_valuer_per_share": null,
            "book_valuer_per_share_4q_avg": 0,
            "equity": null,
            "current_ratio": null,
            "debt_ratio": null,
            "inventory_turnover_ratio": null,
            "account_receivable_turnover_ratio": null,
            "reinvestment_rate": null,
            "research_to_sale_ratio": null,
            "price_fair": 0,
            "eps_avg_yearly": 0,
            "eps_latest_yearly": 0,
            "eps_growth_yearly": 0
        },
        "20043": {
            "year_quarter": 20043,
            "year": 2004,
            "quarter": 3,
            "eps": null,
            "eps_growth_year": null,
            "eps_4q": null,
            "eps_4q_growth_year": null,
            "roe": null,
            "roe_4q": 0,
            "gross_profit": null,
            "gross_margin": null,
            "gross_margin_4q_avg": 0,
            "net_income": null,
            "net_income_4q": null,
            "revenue": null,
            "revenue_4q": null,
            "common_shares": null,
            "book_valuer_per_share": null,
            "book_valuer_per_share_4q_avg": 0,
            "equity": null,
            "current_ratio": null,
            "debt_ratio": null,
            "inventory_turnover_ratio": null,
            "account_receivable_turnover_ratio": null,
            "reinvestment_rate": null,
            "research_to_sale_ratio": null,
            "price_fair": 0,
            "eps_avg_yearly": 0,
            "eps_latest_yearly": 0,
            "eps_growth_yearly": 0
        },
        "20044": {
            "year_quarter": 20044,
            "year": 2004,
            "quarter": 4,
            "eps": null,
            "eps_growth_year": null,
            "eps_4q": null,
            "eps_4q_growth_year": null,
            "roe": null,
            "roe_4q": 0,
            "gross_profit": null,
            "gross_margin": null,
            "gross_margin_4q_avg": 0,
            "net_income": null,
            "net_income_4q": null,
            "revenue": null,
            "revenue_4q": null,
            "common_shares": null,
            "book_valuer_per_share": null,
            "book_valuer_per_share_4q_avg": 0,
            "equity": null,
            "current_ratio": null,
            "debt_ratio": null,
            "inventory_turnover_ratio": null,
            "account_receivable_turnover_ratio": null,
            "reinvestment_rate": null,
            "research_to_sale_ratio": null,
            "price_fair": 0,
            "eps_avg_yearly": 0,
            "eps_latest_yearly": 0,
            "eps_growth_yearly": 0
        },
        "20051": {
            "year_quarter": 20051,
            "year": 2005,
            "quarter": 1,
            "eps": null,
            "eps_growth_year": null,
            "eps_4q": null,
            "eps_4q_growth_year": null,
            "roe": null,
            "roe_4q": 0,
            "gross_profit": null,
            "gross_margin": null,
            "gross_margin_4q_avg": 0,
            "net_income": null,
            "net_income_4q": null,
            "revenue": null,
            "revenue_4q": null,
            "common_shares": null,
            "book_valuer_per_share": null,
            "book_valuer_per_share_4q_avg": 0,
            "equity": null,
            "current_ratio": null,
            "debt_ratio": null,
            "inventory_turnover_ratio": null,
            "account_receivable_turnover_ratio": null,
            "reinvestment_rate": null,
            "research_to_sale_ratio": null,
            "price_fair": 0,
            "eps_avg_yearly": 0,
            "eps_latest_yearly": 0,
            "eps_growth_yearly": 0
        },
        "20052": {
            "year_quarter": 20052,
            "year": 2005,
            "quarter": 2,
            "eps": null,
            "eps_growth_year": null,
            "eps_4q": null,
            "eps_4q_growth_year": null,
            "roe": null,
            "roe_4q": 0,
            "gross_profit": null,
            "gross_margin": null,
            "gross_margin_4q_avg": 0,
            "net_income": null,
            "net_income_4q": null,
            "revenue": null,
            "revenue_4q": null,
            "common_shares": null,
            "book_valuer_per_share": null,
            "book_valuer_per_share_4q_avg": 0,
            "equity": null,
            "current_ratio": null,
            "debt_ratio": null,
            "inventory_turnover_ratio": null,
            "account_receivable_turnover_ratio": null,
            "reinvestment_rate": null,
            "research_to_sale_ratio": null,
            "price_fair": 0,
            "eps_avg_yearly": 0,
            "eps_latest_yearly": 0,
            "eps_growth_yearly": 0
        },
        "20053": {
            "year_quarter": 20053,
            "year": 2005,
            "quarter": 3,
            "eps": null,
            "eps_growth_year": null,
            "eps_4q": null,
            "eps_4q_growth_year": null,
            "roe": null,
            "roe_4q": 0,
            "gross_profit": null,
            "gross_margin": null,
            "gross_margin_4q_avg": 0,
            "net_income": null,
            "net_income_4q": null,
            "revenue": null,
            "revenue_4q": null,
            "common_shares": null,
            "book_valuer_per_share": null,
            "book_valuer_per_share_4q_avg": 0,
            "equity": null,
            "current_ratio": null,
            "debt_ratio": null,
            "inventory_turnover_ratio": null,
            "account_receivable_turnover_ratio": null,
            "reinvestment_rate": null,
            "research_to_sale_ratio": null,
            "price_fair": 0,
            "eps_avg_yearly": 0,
            "eps_latest_yearly": 0,
            "eps_growth_yearly": 0
        },
        "20054": {
            "year_quarter": 20054,
            "year": 2005,
            "quarter": 4,
            "eps": null,
            "eps_growth_year": null,
            "eps_4q": null,
            "eps_4q_growth_year": null,
            "roe": null,
            "roe_4q": 0,
            "gross_profit": null,
            "gross_margin": null,
            "gross_margin_4q_avg": 0,
            "net_income": null,
            "net_income_4q": null,
            "revenue": null,
            "revenue_4q": null,
            "common_shares": null,
            "book_valuer_per_share": null,
            "book_valuer_per_share_4q_avg": 0,
            "equity": null,
            "current_ratio": null,
            "debt_ratio": null,
            "inventory_turnover_ratio": null,
            "account_receivable_turnover_ratio": null,
            "reinvestment_rate": null,
            "research_to_sale_ratio": null,
            "price_fair": 0,
            "eps_avg_yearly": 0,
            "eps_latest_yearly": 0,
            "eps_growth_yearly": 0
        },
        "20061": {
            "year_quarter": 20061,
            "year": 2006,
            "quarter": 1,
            "eps": null,
            "eps_growth_year": null,
            "eps_4q": null,
            "eps_4q_growth_year": null,
            "roe": null,
            "roe_4q": 0,
            "gross_profit": null,
            "gross_margin": null,
            "gross_margin_4q_avg": 0,
            "net_income": null,
            "net_income_4q": null,
            "revenue": null,
            "revenue_4q": null,
            "common_shares": null,
            "book_valuer_per_share": null,
            "book_valuer_per_share_4q_avg": 0,
            "equity": null,
            "current_ratio": null,
            "debt_ratio": null,
            "inventory_turnover_ratio": null,
            "account_receivable_turnover_ratio": null,
            "reinvestment_rate": null,
            "research_to_sale_ratio": null,
            "price_fair": 0,
            "eps_avg_yearly": 0,
            "eps_latest_yearly": 0,
            "eps_growth_yearly": 0
        },
        "20062": {
            "year_quarter": 20062,
            "year": 2006,
            "quarter": 2,
            "eps": null,
            "eps_growth_year": null,
            "eps_4q": null,
            "eps_4q_growth_year": null,
            "roe": null,
            "roe_4q": 0,
            "gross_profit": null,
            "gross_margin": null,
            "gross_margin_4q_avg": 0,
            "net_income": null,
            "net_income_4q": null,
            "revenue": null,
            "revenue_4q": null,
            "common_shares": null,
            "book_valuer_per_share": null,
            "book_valuer_per_share_4q_avg": 0,
            "equity": null,
            "current_ratio": null,
            "debt_ratio": null,
            "inventory_turnover_ratio": null,
            "account_receivable_turnover_ratio": null,
            "reinvestment_rate": null,
            "research_to_sale_ratio": null,
            "price_fair": 0,
            "eps_avg_yearly": 0,
            "eps_latest_yearly": 0,
            "eps_growth_yearly": 0
        },
        "20063": {
            "year_quarter": 20063,
            "year": 2006,
            "quarter": 3,
            "eps": null,
            "eps_growth_year": null,
            "eps_4q": null,
            "eps_4q_growth_year": null,
            "roe": null,
            "roe_4q": 0,
            "gross_profit": null,
            "gross_margin": null,
            "gross_margin_4q_avg": 0,
            "net_income": null,
            "net_income_4q": null,
            "revenue": null,
            "revenue_4q": null,
            "common_shares": null,
            "book_valuer_per_share": null,
            "book_valuer_per_share_4q_avg": 0,
            "equity": null,
            "current_ratio": null,
            "debt_ratio": null,
            "inventory_turnover_ratio": null,
            "account_receivable_turnover_ratio": null,
            "reinvestment_rate": null,
            "research_to_sale_ratio": null,
            "price_fair": 0,
            "eps_avg_yearly": 0,
            "eps_latest_yearly": 0,
            "eps_growth_yearly": 0
        },
        "20064": {
            "year_quarter": 20064,
            "year": 2006,
            "quarter": 4,
            "eps": null,
            "eps_growth_year": null,
            "eps_4q": null,
            "eps_4q_growth_year": null,
            "roe": null,
            "roe_4q": 0,
            "gross_profit": null,
            "gross_margin": null,
            "gross_margin_4q_avg": 0,
            "net_income": null,
            "net_income_4q": null,
            "revenue": null,
            "revenue_4q": null,
            "common_shares": null,
            "book_valuer_per_share": null,
            "book_valuer_per_share_4q_avg": 0,
            "equity": null,
            "current_ratio": null,
            "debt_ratio": null,
            "inventory_turnover_ratio": null,
            "account_receivable_turnover_ratio": null,
            "reinvestment_rate": null,
            "research_to_sale_ratio": null,
            "price_fair": 0,
            "eps_avg_yearly": 0,
            "eps_latest_yearly": 0,
            "eps_growth_yearly": 0
        },
        "20071": {
            "year_quarter": 20071,
            "year": 2007,
            "quarter": 1,
            "eps": null,
            "eps_growth_year": null,
            "eps_4q": null,
            "eps_4q_growth_year": null,
            "roe": null,
            "roe_4q": 0,
            "gross_profit": null,
            "gross_margin": null,
            "gross_margin_4q_avg": 0,
            "net_income": null,
            "net_income_4q": null,
            "revenue": null,
            "revenue_4q": null,
            "common_shares": null,
            "book_valuer_per_share": null,
            "book_valuer_per_share_4q_avg": 0,
            "equity": null,
            "current_ratio": null,
            "debt_ratio": null,
            "inventory_turnover_ratio": null,
            "account_receivable_turnover_ratio": null,
            "reinvestment_rate": null,
            "research_to_sale_ratio": null,
            "price_fair": 0,
            "eps_avg_yearly": 0,
            "eps_latest_yearly": 0,
            "eps_growth_yearly": 0
        },
        "20072": {
            "year_quarter": 20072,
            "year": 2007,
            "quarter": 2,
            "eps": null,
            "eps_growth_year": null,
            "eps_4q": null,
            "eps_4q_growth_year": null,
            "roe": null,
            "roe_4q": 0,
            "gross_profit": null,
            "gross_margin": null,
            "gross_margin_4q_avg": 0,
            "net_income": null,
            "net_income_4q": null,
            "revenue": null,
            "revenue_4q": null,
            "common_shares": null,
            "book_valuer_per_share": null,
            "book_valuer_per_share_4q_avg": 0,
            "equity": null,
            "current_ratio": null,
            "debt_ratio": null,
            "inventory_turnover_ratio": null,
            "account_receivable_turnover_ratio": null,
            "reinvestment_rate": null,
            "research_to_sale_ratio": null,
            "price_fair": 0,
            "eps_avg_yearly": 0,
            "eps_latest_yearly": 0,
            "eps_growth_yearly": 0
        },
        "20073": {
            "year_quarter": 20073,
            "year": 2007,
            "quarter": 3,
            "eps": null,
            "eps_growth_year": null,
            "eps_4q": null,
            "eps_4q_growth_year": null,
            "roe": null,
            "roe_4q": 0,
            "gross_profit": null,
            "gross_margin": null,
            "gross_margin_4q_avg": 0,
            "net_income": null,
            "net_income_4q": null,
            "revenue": null,
            "revenue_4q": null,
            "common_shares": null,
            "book_valuer_per_share": null,
            "book_valuer_per_share_4q_avg": 0,
            "equity": null,
            "current_ratio": null,
            "debt_ratio": null,
            "inventory_turnover_ratio": null,
            "account_receivable_turnover_ratio": null,
            "reinvestment_rate": null,
            "research_to_sale_ratio": null,
            "price_fair": 0,
            "eps_avg_yearly": 0,
            "eps_latest_yearly": 0,
            "eps_growth_yearly": 0
        },
        "20074": {
            "year_quarter": 20074,
            "year": 2007,
            "quarter": 4,
            "eps": null,
            "eps_growth_year": null,
            "eps_4q": null,
            "eps_4q_growth_year": null,
            "roe": null,
            "roe_4q": 0,
            "gross_profit": null,
            "gross_margin": null,
            "gross_margin_4q_avg": 0,
            "net_income": null,
            "net_income_4q": null,
            "revenue": null,
            "revenue_4q": null,
            "common_shares": null,
            "book_valuer_per_share": null,
            "book_valuer_per_share_4q_avg": 0,
            "equity": null,
            "current_ratio": null,
            "debt_ratio": null,
            "inventory_turnover_ratio": null,
            "account_receivable_turnover_ratio": null,
            "reinvestment_rate": null,
            "research_to_sale_ratio": null,
            "price_fair": 0,
            "eps_avg_yearly": 0,
            "eps_latest_yearly": 0,
            "eps_growth_yearly": 0
        },
        "20081": {
            "year_quarter": 20081,
            "year": 2008,
            "quarter": 1,
            "eps": null,
            "eps_growth_year": null,
            "eps_4q": null,
            "eps_4q_growth_year": null,
            "roe": null,
            "roe_4q": 0,
            "gross_profit": null,
            "gross_margin": null,
            "gross_margin_4q_avg": 0,
            "net_income": null,
            "net_income_4q": null,
            "revenue": null,
            "revenue_4q": null,
            "common_shares": null,
            "book_valuer_per_share": null,
            "book_valuer_per_share_4q_avg": 0,
            "equity": null,
            "current_ratio": null,
            "debt_ratio": null,
            "inventory_turnover_ratio": null,
            "account_receivable_turnover_ratio": null,
            "reinvestment_rate": null,
            "research_to_sale_ratio": null,
            "price_fair": 0,
            "eps_avg_yearly": 0,
            "eps_latest_yearly": 0,
            "eps_growth_yearly": 0
        },
        "20082": {
            "year_quarter": 20082,
            "year": 2008,
            "quarter": 2,
            "eps": null,
            "eps_growth_year": null,
            "eps_4q": null,
            "eps_4q_growth_year": null,
            "roe": null,
            "roe_4q": 0,
            "gross_profit": null,
            "gross_margin": null,
            "gross_margin_4q_avg": 0,
            "net_income": null,
            "net_income_4q": null,
            "revenue": null,
            "revenue_4q": null,
            "common_shares": null,
            "book_valuer_per_share": null,
            "book_valuer_per_share_4q_avg": 0,
            "equity": null,
            "current_ratio": null,
            "debt_ratio": null,
            "inventory_turnover_ratio": null,
            "account_receivable_turnover_ratio": null,
            "reinvestment_rate": null,
            "research_to_sale_ratio": null,
            "price_fair": 0,
            "eps_avg_yearly": 0,
            "eps_latest_yearly": 0,
            "eps_growth_yearly": 0
        },
        "20083": {
            "year_quarter": 20083,
            "year": 2008,
            "quarter": 3,
            "eps": null,
            "eps_growth_year": null,
            "eps_4q": null,
            "eps_4q_growth_year": null,
            "roe": null,
            "roe_4q": 0,
            "gross_profit": null,
            "gross_margin": null,
            "gross_margin_4q_avg": 0,
            "net_income": null,
            "net_income_4q": null,
            "revenue": null,
            "revenue_4q": null,
            "common_shares": null,
            "book_valuer_per_share": null,
            "book_valuer_per_share_4q_avg": 0,
            "equity": null,
            "current_ratio": null,
            "debt_ratio": null,
            "inventory_turnover_ratio": null,
            "account_receivable_turnover_ratio": null,
            "reinvestment_rate": null,
            "research_to_sale_ratio": null,
            "price_fair": 0,
            "eps_avg_yearly": 0,
            "eps_latest_yearly": 0,
            "eps_growth_yearly": 0
        },
        "20084": {
            "year_quarter": 20084,
            "year": 2008,
            "quarter": 4,
            "eps": null,
            "eps_growth_year": null,
            "eps_4q": null,
            "eps_4q_growth_year": null,
            "roe": null,
            "roe_4q": 0,
            "gross_profit": null,
            "gross_margin": null,
            "gross_margin_4q_avg": 0,
            "net_income": null,
            "net_income_4q": null,
            "revenue": null,
            "revenue_4q": null,
            "common_shares": null,
            "book_valuer_per_share": null,
            "book_valuer_per_share_4q_avg": 0,
            "equity": null,
            "current_ratio": null,
            "debt_ratio": null,
            "inventory_turnover_ratio": null,
            "account_receivable_turnover_ratio": null,
            "reinvestment_rate": null,
            "research_to_sale_ratio": null,
            "price_fair": 0,
            "eps_avg_yearly": 0,
            "eps_latest_yearly": 0,
            "eps_growth_yearly": 0
        },
        "20091": {
            "year_quarter": 20091,
            "year": 2009,
            "quarter": 1,
            "eps": null,
            "eps_growth_year": null,
            "eps_4q": null,
            "eps_4q_growth_year": null,
            "roe": null,
            "roe_4q": 0,
            "gross_profit": null,
            "gross_margin": null,
            "gross_margin_4q_avg": 0,
            "net_income": null,
            "net_income_4q": null,
            "revenue": null,
            "revenue_4q": null,
            "common_shares": null,
            "book_valuer_per_share": null,
            "book_valuer_per_share_4q_avg": 0,
            "equity": null,
            "current_ratio": null,
            "debt_ratio": null,
            "inventory_turnover_ratio": null,
            "account_receivable_turnover_ratio": null,
            "reinvestment_rate": null,
            "research_to_sale_ratio": null,
            "price_fair": 0,
            "eps_avg_yearly": 0,
            "eps_latest_yearly": 0,
            "eps_growth_yearly": 0
        },
        "20092": {
            "year_quarter": 20092,
            "year": 2009,
            "quarter": 2,
            "eps": null,
            "eps_growth_year": null,
            "eps_4q": null,
            "eps_4q_growth_year": null,
            "roe": null,
            "roe_4q": 0,
            "gross_profit": null,
            "gross_margin": null,
            "gross_margin_4q_avg": 0,
            "net_income": null,
            "net_income_4q": null,
            "revenue": null,
            "revenue_4q": null,
            "common_shares": null,
            "book_valuer_per_share": null,
            "book_valuer_per_share_4q_avg": 0,
            "equity": null,
            "current_ratio": null,
            "debt_ratio": null,
            "inventory_turnover_ratio": null,
            "account_receivable_turnover_ratio": null,
            "reinvestment_rate": null,
            "research_to_sale_ratio": null,
            "price_fair": 0,
            "eps_avg_yearly": 0,
            "eps_latest_yearly": 0,
            "eps_growth_yearly": 0
        },
        "20093": {
            "year_quarter": 20093,
            "year": 2009,
            "quarter": 3,
            "eps": null,
            "eps_growth_year": null,
            "eps_4q": null,
            "eps_4q_growth_year": null,
            "roe": null,
            "roe_4q": 0,
            "gross_profit": null,
            "gross_margin": null,
            "gross_margin_4q_avg": 0,
            "net_income": null,
            "net_income_4q": null,
            "revenue": null,
            "revenue_4q": null,
            "common_shares": null,
            "book_valuer_per_share": null,
            "book_valuer_per_share_4q_avg": 0,
            "equity": null,
            "current_ratio": null,
            "debt_ratio": null,
            "inventory_turnover_ratio": null,
            "account_receivable_turnover_ratio": null,
            "reinvestment_rate": null,
            "research_to_sale_ratio": null,
            "price_fair": 0,
            "eps_avg_yearly": 0,
            "eps_latest_yearly": 0,
            "eps_growth_yearly": 0
        },
        "20094": {
            "year_quarter": 20094,
            "year": 2009,
            "quarter": 4,
            "eps": null,
            "eps_growth_year": null,
            "eps_4q": null,
            "eps_4q_growth_year": null,
            "roe": null,
            "roe_4q": 0,
            "gross_profit": null,
            "gross_margin": null,
            "gross_margin_4q_avg": 0,
            "net_income": null,
            "net_income_4q": null,
            "revenue": null,
            "revenue_4q": null,
            "common_shares": null,
            "book_valuer_per_share": null,
            "book_valuer_per_share_4q_avg": 0,
            "equity": null,
            "current_ratio": null,
            "debt_ratio": null,
            "inventory_turnover_ratio": null,
            "account_receivable_turnover_ratio": null,
            "reinvestment_rate": null,
            "research_to_sale_ratio": null,
            "price_fair": 0,
            "eps_avg_yearly": 0,
            "eps_latest_yearly": 0,
            "eps_growth_yearly": 0
        },
        "20101": {
            "year_quarter": 20101,
            "year": 2010,
            "quarter": 1,
            "eps": null,
            "eps_growth_year": null,
            "eps_4q": null,
            "eps_4q_growth_year": null,
            "roe": null,
            "roe_4q": 0,
            "gross_profit": null,
            "gross_margin": null,
            "gross_margin_4q_avg": 0,
            "net_income": null,
            "net_income_4q": null,
            "revenue": null,
            "revenue_4q": null,
            "common_shares": null,
            "book_valuer_per_share": null,
            "book_valuer_per_share_4q_avg": 0,
            "equity": null,
            "current_ratio": null,
            "debt_ratio": null,
            "inventory_turnover_ratio": null,
            "account_receivable_turnover_ratio": null,
            "reinvestment_rate": null,
            "research_to_sale_ratio": null,
            "price_fair": 0,
            "eps_avg_yearly": 0,
            "eps_latest_yearly": 0,
            "eps_growth_yearly": 0
        },
        "20102": {
            "year_quarter": 20102,
            "year": 2010,
            "quarter": 2,
            "eps": null,
            "eps_growth_year": null,
            "eps_4q": null,
            "eps_4q_growth_year": null,
            "roe": null,
            "roe_4q": 0,
            "gross_profit": null,
            "gross_margin": null,
            "gross_margin_4q_avg": 0,
            "net_income": null,
            "net_income_4q": null,
            "revenue": null,
            "revenue_4q": null,
            "common_shares": null,
            "book_valuer_per_share": null,
            "book_valuer_per_share_4q_avg": 0,
            "equity": null,
            "current_ratio": null,
            "debt_ratio": null,
            "inventory_turnover_ratio": null,
            "account_receivable_turnover_ratio": null,
            "reinvestment_rate": null,
            "research_to_sale_ratio": null,
            "price_fair": 0,
            "eps_avg_yearly": 0,
            "eps_latest_yearly": 0,
            "eps_growth_yearly": 0
        },
        "20103": {
            "year_quarter": 20103,
            "year": 2010,
            "quarter": 3,
            "eps": null,
            "eps_growth_year": null,
            "eps_4q": null,
            "eps_4q_growth_year": null,
            "roe": null,
            "roe_4q": 0,
            "gross_profit": null,
            "gross_margin": null,
            "gross_margin_4q_avg": 0,
            "net_income": null,
            "net_income_4q": null,
            "revenue": null,
            "revenue_4q": null,
            "common_shares": null,
            "book_valuer_per_share": null,
            "book_valuer_per_share_4q_avg": 0,
            "equity": null,
            "current_ratio": null,
            "debt_ratio": null,
            "inventory_turnover_ratio": null,
            "account_receivable_turnover_ratio": null,
            "reinvestment_rate": null,
            "research_to_sale_ratio": null,
            "price_fair": 0,
            "eps_avg_yearly": 0,
            "eps_latest_yearly": 0,
            "eps_growth_yearly": 0
        },
        "20104": {
            "year_quarter": 20104,
            "year": 2010,
            "quarter": 4,
            "eps": null,
            "eps_growth_year": null,
            "eps_4q": null,
            "eps_4q_growth_year": null,
            "roe": null,
            "roe_4q": 0,
            "gross_profit": null,
            "gross_margin": null,
            "gross_margin_4q_avg": 0,
            "net_income": null,
            "net_income_4q": null,
            "revenue": null,
            "revenue_4q": null,
            "common_shares": null,
            "book_valuer_per_share": null,
            "book_valuer_per_share_4q_avg": 0,
            "equity": null,
            "current_ratio": null,
            "debt_ratio": null,
            "inventory_turnover_ratio": null,
            "account_receivable_turnover_ratio": null,
            "reinvestment_rate": null,
            "research_to_sale_ratio": null,
            "price_fair": 0,
            "eps_avg_yearly": 0,
            "eps_latest_yearly": 0,
            "eps_growth_yearly": 0
        },
        "20111": {
            "year_quarter": 20111,
            "year": 2011,
            "quarter": 1,
            "eps": null,
            "eps_growth_year": null,
            "eps_4q": null,
            "eps_4q_growth_year": null,
            "roe": null,
            "roe_4q": 0,
            "gross_profit": null,
            "gross_margin": null,
            "gross_margin_4q_avg": 0,
            "net_income": null,
            "net_income_4q": null,
            "revenue": null,
            "revenue_4q": null,
            "common_shares": null,
            "book_valuer_per_share": null,
            "book_valuer_per_share_4q_avg": 0,
            "equity": null,
            "current_ratio": null,
            "debt_ratio": null,
            "inventory_turnover_ratio": null,
            "account_receivable_turnover_ratio": null,
            "reinvestment_rate": null,
            "research_to_sale_ratio": null,
            "price_fair": 0,
            "eps_avg_yearly": 0,
            "eps_latest_yearly": 0,
            "eps_growth_yearly": 0
        },
        "20112": {
            "year_quarter": 20112,
            "year": 2011,
            "quarter": 2,
            "eps": null,
            "eps_growth_year": null,
            "eps_4q": null,
            "eps_4q_growth_year": null,
            "roe": null,
            "roe_4q": 0,
            "gross_profit": null,
            "gross_margin": null,
            "gross_margin_4q_avg": 0,
            "net_income": null,
            "net_income_4q": null,
            "revenue": null,
            "revenue_4q": null,
            "common_shares": null,
            "book_valuer_per_share": null,
            "book_valuer_per_share_4q_avg": 0,
            "equity": null,
            "current_ratio": null,
            "debt_ratio": null,
            "inventory_turnover_ratio": null,
            "account_receivable_turnover_ratio": null,
            "reinvestment_rate": null,
            "research_to_sale_ratio": null,
            "price_fair": 0,
            "eps_avg_yearly": 0,
            "eps_latest_yearly": 0,
            "eps_growth_yearly": 0
        },
        "20113": {
            "year_quarter": 20113,
            "year": 2011,
            "quarter": 3,
            "eps": null,
            "eps_growth_year": null,
            "eps_4q": null,
            "eps_4q_growth_year": null,
            "roe": null,
            "roe_4q": 0,
            "gross_profit": null,
            "gross_margin": null,
            "gross_margin_4q_avg": 0,
            "net_income": null,
            "net_income_4q": null,
            "revenue": null,
            "revenue_4q": null,
            "common_shares": null,
            "book_valuer_per_share": null,
            "book_valuer_per_share_4q_avg": 0,
            "equity": null,
            "current_ratio": null,
            "debt_ratio": null,
            "inventory_turnover_ratio": null,
            "account_receivable_turnover_ratio": null,
            "reinvestment_rate": null,
            "research_to_sale_ratio": null,
            "price_fair": 0,
            "eps_avg_yearly": 0,
            "eps_latest_yearly": 0,
            "eps_growth_yearly": 0
        },
        "20114": {
            "year_quarter": 20114,
            "year": 2011,
            "quarter": 4,
            "eps": null,
            "eps_growth_year": null,
            "eps_4q": null,
            "eps_4q_growth_year": null,
            "roe": null,
            "roe_4q": 0,
            "gross_profit": null,
            "gross_margin": null,
            "gross_margin_4q_avg": 0,
            "net_income": null,
            "net_income_4q": null,
            "revenue": null,
            "revenue_4q": null,
            "common_shares": null,
            "book_valuer_per_share": null,
            "book_valuer_per_share_4q_avg": 0,
            "equity": null,
            "current_ratio": null,
            "debt_ratio": null,
            "inventory_turnover_ratio": null,
            "account_receivable_turnover_ratio": null,
            "reinvestment_rate": null,
            "research_to_sale_ratio": null,
            "price_fair": 0,
            "eps_avg_yearly": 0,
            "eps_latest_yearly": 0,
            "eps_growth_yearly": 0
        },
        "20121": {
            "year_quarter": 20121,
            "year": 2012,
            "quarter": 1,
            "eps": null,
            "eps_growth_year": null,
            "eps_4q": null,
            "eps_4q_growth_year": null,
            "roe": null,
            "roe_4q": 0,
            "gross_profit": null,
            "gross_margin": null,
            "gross_margin_4q_avg": 0,
            "net_income": null,
            "net_income_4q": null,
            "revenue": null,
            "revenue_4q": null,
            "common_shares": null,
            "book_valuer_per_share": null,
            "book_valuer_per_share_4q_avg": 0,
            "equity": null,
            "current_ratio": null,
            "debt_ratio": null,
            "inventory_turnover_ratio": null,
            "account_receivable_turnover_ratio": null,
            "reinvestment_rate": null,
            "research_to_sale_ratio": null,
            "price_fair": 0,
            "eps_avg_yearly": 0,
            "eps_latest_yearly": 0,
            "eps_growth_yearly": 0
        },
        "20122": {
            "year_quarter": 20122,
            "year": 2012,
            "quarter": 2,
            "eps": null,
            "eps_growth_year": null,
            "eps_4q": null,
            "eps_4q_growth_year": null,
            "roe": null,
            "roe_4q": 0,
            "gross_profit": null,
            "gross_margin": null,
            "gross_margin_4q_avg": 0,
            "net_income": null,
            "net_income_4q": null,
            "revenue": null,
            "revenue_4q": null,
            "common_shares": null,
            "book_valuer_per_share": null,
            "book_valuer_per_share_4q_avg": 0,
            "equity": null,
            "current_ratio": null,
            "debt_ratio": null,
            "inventory_turnover_ratio": null,
            "account_receivable_turnover_ratio": null,
            "reinvestment_rate": null,
            "research_to_sale_ratio": null,
            "price_fair": 0,
            "eps_avg_yearly": 0,
            "eps_latest_yearly": 0,
            "eps_growth_yearly": 0
        },
        "20123": {
            "year_quarter": 20123,
            "year": 2012,
            "quarter": 3,
            "eps": null,
            "eps_growth_year": null,
            "eps_4q": null,
            "eps_4q_growth_year": null,
            "roe": null,
            "roe_4q": 0,
            "gross_profit": null,
            "gross_margin": null,
            "gross_margin_4q_avg": 0,
            "net_income": null,
            "net_income_4q": null,
            "revenue": null,
            "revenue_4q": null,
            "common_shares": null,
            "book_valuer_per_share": null,
            "book_valuer_per_share_4q_avg": 0,
            "equity": null,
            "current_ratio": null,
            "debt_ratio": null,
            "inventory_turnover_ratio": null,
            "account_receivable_turnover_ratio": null,
            "reinvestment_rate": null,
            "research_to_sale_ratio": null,
            "price_fair": 0,
            "eps_avg_yearly": 0,
            "eps_latest_yearly": 0,
            "eps_growth_yearly": 0
        },
        "20124": {
            "year_quarter": 20124,
            "year": 2012,
            "quarter": 4,
            "eps": null,
            "eps_growth_year": null,
            "eps_4q": null,
            "eps_4q_growth_year": null,
            "roe": null,
            "roe_4q": 0,
            "gross_profit": null,
            "gross_margin": null,
            "gross_margin_4q_avg": 0,
            "net_income": null,
            "net_income_4q": null,
            "revenue": null,
            "revenue_4q": null,
            "common_shares": 20000,
            "book_valuer_per_share": 111.68,
            "book_valuer_per_share_4q_avg": 27.92,
            "equity": 223363,
            "current_ratio": 368.83,
            "debt_ratio": 26.07,
            "inventory_turnover_ratio": null,
            "account_receivable_turnover_ratio": null,
            "reinvestment_rate": null,
            "research_to_sale_ratio": null,
            "price_fair": 0,
            "eps_avg_yearly": 0,
            "eps_latest_yearly": 0,
            "eps_growth_yearly": 0
        },
        "20131": {
            "year_quarter": 20131,
            "year": 2013,
            "quarter": 1,
            "eps": null,
            "eps_growth_year": null,
            "eps_4q": null,
            "eps_4q_growth_year": null,
            "roe": null,
            "roe_4q": 0,
            "gross_profit": null,
            "gross_margin": null,
            "gross_margin_4q_avg": 0,
            "net_income": null,
            "net_income_4q": null,
            "revenue": null,
            "revenue_4q": null,
            "common_shares": null,
            "book_valuer_per_share": null,
            "book_valuer_per_share_4q_avg": 27.92,
            "equity": null,
            "current_ratio": null,
            "debt_ratio": null,
            "inventory_turnover_ratio": null,
            "account_receivable_turnover_ratio": null,
            "reinvestment_rate": null,
            "research_to_sale_ratio": null,
            "price_fair": 0,
            "eps_avg_yearly": 0,
            "eps_latest_yearly": 0,
            "eps_growth_yearly": 0
        },
        "20132": {
            "year_quarter": 20132,
            "year": 2013,
            "quarter": 2,
            "eps": null,
            "eps_growth_year": null,
            "eps_4q": null,
            "eps_4q_growth_year": null,
            "roe": null,
            "roe_4q": 0,
            "gross_profit": null,
            "gross_margin": null,
            "gross_margin_4q_avg": 0,
            "net_income": null,
            "net_income_4q": null,
            "revenue": null,
            "revenue_4q": null,
            "common_shares": null,
            "book_valuer_per_share": null,
            "book_valuer_per_share_4q_avg": 27.92,
            "equity": null,
            "current_ratio": null,
            "debt_ratio": null,
            "inventory_turnover_ratio": null,
            "account_receivable_turnover_ratio": null,
            "reinvestment_rate": null,
            "research_to_sale_ratio": null,
            "price_fair": 0,
            "eps_avg_yearly": 0,
            "eps_latest_yearly": 0,
            "eps_growth_yearly": 0
        },
        "20133": {
            "year_quarter": 20133,
            "year": 2013,
            "quarter": 3,
            "eps": null,
            "eps_growth_year": null,
            "eps_4q": null,
            "eps_4q_growth_year": null,
            "roe": null,
            "roe_4q": 0,
            "gross_profit": null,
            "gross_margin": null,
            "gross_margin_4q_avg": 0,
            "net_income": null,
            "net_income_4q": null,
            "revenue": null,
            "revenue_4q": null,
            "common_shares": null,
            "book_valuer_per_share": null,
            "book_valuer_per_share_4q_avg": 27.92,
            "equity": null,
            "current_ratio": null,
            "debt_ratio": null,
            "inventory_turnover_ratio": null,
            "account_receivable_turnover_ratio": null,
            "reinvestment_rate": null,
            "research_to_sale_ratio": null,
            "price_fair": 0,
            "eps_avg_yearly": 0,
            "eps_latest_yearly": 0,
            "eps_growth_yearly": 0
        },
        "20134": {
            "year_quarter": 20134,
            "year": 2013,
            "quarter": 4,
            "eps": null,
            "eps_growth_year": null,
            "eps_4q": null,
            "eps_4q_growth_year": null,
            "roe": null,
            "roe_4q": 0,
            "gross_profit": null,
            "gross_margin": null,
            "gross_margin_4q_avg": 0,
            "net_income": null,
            "net_income_4q": null,
            "revenue": null,
            "revenue_4q": null,
            "common_shares": 200000,
            "book_valuer_per_share": null,
            "book_valuer_per_share_4q_avg": 0,
            "equity": 477696,
            "current_ratio": null,
            "debt_ratio": null,
            "inventory_turnover_ratio": null,
            "account_receivable_turnover_ratio": null,
            "reinvestment_rate": null,
            "research_to_sale_ratio": null,
            "price_fair": 0,
            "eps_avg_yearly": 0,
            "eps_latest_yearly": 0,
            "eps_growth_yearly": 0
        },
        "20141": {
            "year_quarter": 20141,
            "year": 2014,
            "quarter": 1,
            "eps": null,
            "eps_growth_year": null,
            "eps_4q": null,
            "eps_4q_growth_year": null,
            "roe": null,
            "roe_4q": 0,
            "gross_profit": null,
            "gross_margin": null,
            "gross_margin_4q_avg": 0,
            "net_income": null,
            "net_income_4q": null,
            "revenue": null,
            "revenue_4q": null,
            "common_shares": null,
            "book_valuer_per_share": null,
            "book_valuer_per_share_4q_avg": 0,
            "equity": null,
            "current_ratio": null,
            "debt_ratio": null,
            "inventory_turnover_ratio": null,
            "account_receivable_turnover_ratio": null,
            "reinvestment_rate": null,
            "research_to_sale_ratio": null,
            "price_fair": 0,
            "eps_avg_yearly": 0,
            "eps_latest_yearly": 0,
            "eps_growth_yearly": 0
        },
        "20142": {
            "year_quarter": 20142,
            "year": 2014,
            "quarter": 2,
            "eps": null,
            "eps_growth_year": null,
            "eps_4q": null,
            "eps_4q_growth_year": null,
            "roe": null,
            "roe_4q": 0,
            "gross_profit": null,
            "gross_margin": null,
            "gross_margin_4q_avg": 0,
            "net_income": null,
            "net_income_4q": null,
            "revenue": null,
            "revenue_4q": null,
            "common_shares": 281938,
            "book_valuer_per_share": null,
            "book_valuer_per_share_4q_avg": 0,
            "equity": 713984,
            "current_ratio": null,
            "debt_ratio": null,
            "inventory_turnover_ratio": null,
            "account_receivable_turnover_ratio": null,
            "reinvestment_rate": null,
            "research_to_sale_ratio": null,
            "price_fair": 0,
            "eps_avg_yearly": 0,
            "eps_latest_yearly": 0,
            "eps_growth_yearly": 0
        },
        "20143": {
            "year_quarter": 20143,
            "year": 2014,
            "quarter": 3,
            "eps": null,
            "eps_growth_year": null,
            "eps_4q": null,
            "eps_4q_growth_year": null,
            "roe": null,
            "roe_4q": 0,
            "gross_profit": 133163,
            "gross_margin": null,
            "gross_margin_4q_avg": 0,
            "net_income": 73293,
            "net_income_4q": null,
            "revenue": 198866,
            "revenue_4q": null,
            "common_shares": 281938,
            "book_valuer_per_share": null,
            "book_valuer_per_share_4q_avg": 0,
            "equity": 788334,
            "current_ratio": null,
            "debt_ratio": null,
            "inventory_turnover_ratio": null,
            "account_receivable_turnover_ratio": null,
            "reinvestment_rate": null,
            "research_to_sale_ratio": null,
            "price_fair": 0,
            "eps_avg_yearly": 0,
            "eps_latest_yearly": 0,
            "eps_growth_yearly": 0
        },
        "20144": {
            "year_quarter": 20144,
            "year": 2014,
            "quarter": 4,
            "eps": null,
            "eps_growth_year": null,
            "eps_4q": null,
            "eps_4q_growth_year": null,
            "roe": null,
            "roe_4q": 0,
            "gross_profit": 157968,
            "gross_margin": null,
            "gross_margin_4q_avg": 0,
            "net_income": 107003,
            "net_income_4q": null,
            "revenue": 235955,
            "revenue_4q": null,
            "common_shares": 281938,
            "book_valuer_per_share": 31.84,
            "book_valuer_per_share_4q_avg": 7.96,
            "equity": 897593,
            "current_ratio": 800.31,
            "debt_ratio": 12.3,
            "inventory_turnover_ratio": null,
            "account_receivable_turnover_ratio": null,
            "reinvestment_rate": null,
            "research_to_sale_ratio": null,
            "price_fair": 0,
            "eps_avg_yearly": 0,
            "eps_latest_yearly": 0,
            "eps_growth_yearly": 0
        },
        "20151": {
            "year_quarter": 20151,
            "year": 2015,
            "quarter": 1,
            "eps": null,
            "eps_growth_year": null,
            "eps_4q": null,
            "eps_4q_growth_year": null,
            "roe": null,
            "roe_4q": 0,
            "gross_profit": 94911,
            "gross_margin": null,
            "gross_margin_4q_avg": 0,
            "net_income": 37635,
            "net_income_4q": null,
            "revenue": 145995,
            "revenue_4q": null,
            "common_shares": 281938,
            "book_valuer_per_share": 33.14,
            "book_valuer_per_share_4q_avg": 16.25,
            "equity": 934471,
            "current_ratio": 754.49,
            "debt_ratio": 12.92,
            "inventory_turnover_ratio": null,
            "account_receivable_turnover_ratio": null,
            "reinvestment_rate": null,
            "research_to_sale_ratio": null,
            "price_fair": 0,
            "eps_avg_yearly": 0,
            "eps_latest_yearly": 0,
            "eps_growth_yearly": 0
        },
        "20152": {
            "year_quarter": 20152,
            "year": 2015,
            "quarter": 2,
            "eps": 0.67,
            "eps_growth_year": null,
            "eps_4q": 0.67,
            "eps_4q_growth_year": null,
            "roe": 2.2,
            "roe_4q": 2.2,
            "gross_profit": 125066,
            "gross_margin": 67.83,
            "gross_margin_4q_avg": 16.96,
            "net_income": 18934,
            "net_income_4q": null,
            "revenue": 184375,
            "revenue_4q": null,
            "common_shares": 281938,
            "book_valuer_per_share": 27.8,
            "book_valuer_per_share_4q_avg": 23.2,
            "equity": 783822,
            "current_ratio": 388.62,
            "debt_ratio": 25.01,
            "inventory_turnover_ratio": 0.38,
            "account_receivable_turnover_ratio": 2.9,
            "reinvestment_rate": null,
            "research_to_sale_ratio": null,
            "price_fair": 0,
            "eps_avg_yearly": 0,
            "eps_latest_yearly": 0,
            "eps_growth_yearly": 0
        },
        "20153": {
            "year_quarter": 20153,
            "year": 2015,
            "quarter": 3,
            "eps": 2.85,
            "eps_growth_year": null,
            "eps_4q": 3.52,
            "eps_4q_growth_year": null,
            "roe": 9.74,
            "roe_4q": 11.940000000000001,
            "gross_profit": 172168,
            "gross_margin": 69.15,
            "gross_margin_4q_avg": 34.25,
            "net_income": 80348,
            "net_income_4q": null,
            "revenue": 248980,
            "revenue_4q": null,
            "common_shares": 281938,
            "book_valuer_per_share": 30.69,
            "book_valuer_per_share_4q_avg": 30.87,
            "equity": 865237,
            "current_ratio": 1099.83,
            "debt_ratio": 8.89,
            "inventory_turnover_ratio": 0.51,
            "account_receivable_turnover_ratio": 1.56,
            "reinvestment_rate": null,
            "research_to_sale_ratio": 1.11,
            "price_fair": 399,
            "eps_avg_yearly": 11.4,
            "eps_latest_yearly": 11.4,
            "eps_growth_yearly": 1301.49
        },
        "20154": {
            "year_quarter": 20154,
            "year": 2015,
            "quarter": 4,
            "eps": 3.24,
            "eps_growth_year": null,
            "eps_4q": 6.77,
            "eps_4q_growth_year": null,
            "roe": 10.05,
            "roe_4q": 21.99,
            "gross_profit": 199179,
            "gross_margin": 69.68,
            "gross_margin_4q_avg": 51.67,
            "net_income": 91473,
            "net_income_4q": null,
            "revenue": 285864,
            "revenue_4q": null,
            "common_shares": 281938,
            "book_valuer_per_share": 33.9,
            "book_valuer_per_share_4q_avg": 31.38,
            "equity": 955737,
            "current_ratio": 984.73,
            "debt_ratio": 9.91,
            "inventory_turnover_ratio": 0.67,
            "account_receivable_turnover_ratio": 1.65,
            "reinvestment_rate": null,
            "research_to_sale_ratio": 1.13,
            "price_fair": 426.3,
            "eps_avg_yearly": 12.18,
            "eps_latest_yearly": 12.96,
            "eps_growth_yearly": 678.11
        },
        "20161": {
            "year_quarter": 20161,
            "year": 2016,
            "quarter": 1,
            "eps": 2.38,
            "eps_growth_year": null,
            "eps_4q": 9.14,
            "eps_4q_growth_year": null,
            "roe": 6.78,
            "roe_4q": 28.77,
            "gross_profit": 157656,
            "gross_margin": 67.34,
            "gross_margin_4q_avg": 68.5,
            "net_income": 67019,
            "net_income_4q": null,
            "revenue": 234133,
            "revenue_4q": null,
            "common_shares": 281938,
            "book_valuer_per_share": 36.26,
            "book_valuer_per_share_4q_avg": 32.16,
            "equity": 1022232,
            "current_ratio": 769.83,
            "debt_ratio": 12.59,
            "inventory_turnover_ratio": 0.61,
            "account_receivable_turnover_ratio": 1.4,
            "reinvestment_rate": null,
            "research_to_sale_ratio": 1.3,
            "price_fair": 395.27,
            "eps_avg_yearly": 11.29,
            "eps_latest_yearly": 9.52,
            "eps_growth_yearly": 416.69
        },
        "20162": {
            "year_quarter": 20162,
            "year": 2016,
            "quarter": 2,
            "eps": 1.71,
            "eps_growth_year": 154.63,
            "eps_4q": 6.82,
            "eps_4q_growth_year": 915.15,
            "roe": 5.07,
            "roe_4q": 31.64,
            "gross_profit": 188651,
            "gross_margin": 69.39,
            "gross_margin_4q_avg": 68.89,
            "net_income": 73503,
            "net_income_4q": null,
            "revenue": 271854,
            "revenue_4q": null,
            "common_shares": 458157,
            "book_valuer_per_share": 41.02,
            "book_valuer_per_share_4q_avg": 35.47,
            "equity": 1879545,
            "current_ratio": 815.2,
            "debt_ratio": 12.04,
            "inventory_turnover_ratio": 0.55,
            "account_receivable_turnover_ratio": 1.43,
            "reinvestment_rate": null,
            "research_to_sale_ratio": 1.21,
            "price_fair": 356.3,
            "eps_avg_yearly": 10.18,
            "eps_latest_yearly": 6.84,
            "eps_growth_yearly": 284.36
        },
        "20163": {
            "year_quarter": 20163,
            "year": 2016,
            "quarter": 3,
            "eps": 1.58,
            "eps_growth_year": -44.56,
            "eps_4q": 6.65,
            "eps_4q_growth_year": 88.8,
            "roe": 3.79,
            "roe_4q": 25.69,
            "gross_profit": 200499,
            "gross_margin": 68.81,
            "gross_margin_4q_avg": 68.81,
            "net_income": 72609,
            "net_income_4q": null,
            "revenue": 291389,
            "revenue_4q": null,
            "common_shares": 458157,
            "book_valuer_per_share": 42.58,
            "book_valuer_per_share_4q_avg": 38.44,
            "equity": 1951030,
            "current_ratio": 1291.59,
            "debt_ratio": 7.57,
            "inventory_turnover_ratio": 0.52,
            "account_receivable_turnover_ratio": 1.41,
            "reinvestment_rate": null,
            "research_to_sale_ratio": 1.13,
            "price_fair": 329.28,
            "eps_avg_yearly": 9.41,
            "eps_latest_yearly": 6.32,
            "eps_growth_yearly": 221.41
        },
        "20164": {
            "year_quarter": 20164,
            "year": 2016,
            "quarter": 4,
            "eps": 2.16,
            "eps_growth_year": -33.4,
            "eps_4q": 6.81,
            "eps_4q_growth_year": 0.69,
            "roe": 4.95,
            "roe_4q": 20.59,
            "gross_profit": 248701,
            "gross_margin": 70.41,
            "gross_margin_4q_avg": 68.99,
            "net_income": 98992,
            "net_income_4q": null,
            "revenue": 353219,
            "revenue_4q": null,
            "common_shares": 458157,
            "book_valuer_per_share": 44.74,
            "book_valuer_per_share_4q_avg": 41.15,
            "equity": 2049611,
            "current_ratio": 1131.58,
            "debt_ratio": 8.67,
            "inventory_turnover_ratio": 0.63,
            "account_receivable_turnover_ratio": 1.65,
            "reinvestment_rate": null,
            "research_to_sale_ratio": 0.9,
            "price_fair": 324.8,
            "eps_avg_yearly": 9.28,
            "eps_latest_yearly": 8.64,
            "eps_growth_yearly": 208.98
        },
        "20171": {
            "year_quarter": 20171,
            "year": 2017,
            "quarter": 1,
            "eps": 1.48,
            "eps_growth_year": -37.82,
            "eps_4q": 6.83,
            "eps_4q_growth_year": -25.27,
            "roe": 3.26,
            "roe_4q": 17.07,
            "gross_profit": 176837,
            "gross_margin": 68.55,
            "gross_margin_4q_avg": 69.29,
            "net_income": 67917,
            "net_income_4q": null,
            "revenue": 257982,
            "revenue_4q": null,
            "common_shares": 458157,
            "book_valuer_per_share": 46.08,
            "book_valuer_per_share_4q_avg": 43.61,
            "equity": 2111416,
            "current_ratio": 1323.81,
            "debt_ratio": 7.4,
            "inventory_turnover_ratio": 0.5,
            "account_receivable_turnover_ratio": 1.11,
            "reinvestment_rate": null,
            "research_to_sale_ratio": 0.77,
            "price_fair": 308,
            "eps_avg_yearly": 8.8,
            "eps_latest_yearly": 5.92,
            "eps_growth_yearly": 161.14
        },
        "20172": {
            "year_quarter": 20172,
            "year": 2017,
            "quarter": 2,
            "eps": 0.37,
            "eps_growth_year": -78.36,
            "eps_4q": 5.6,
            "eps_4q_growth_year": -17.83,
            "roe": 0.87,
            "roe_4q": 12.870000000000001,
            "gross_profit": 119997,
            "gross_margin": 60.02,
            "gross_margin_4q_avg": 66.95,
            "net_income": 17125,
            "net_income_4q": null,
            "revenue": 199945,
            "revenue_4q": null,
            "common_shares": 458157,
            "book_valuer_per_share": 39.9,
            "book_valuer_per_share_4q_avg": 43.33,
            "equity": 1828168,
            "current_ratio": 509.05,
            "debt_ratio": 19.12,
            "inventory_turnover_ratio": 0.45,
            "account_receivable_turnover_ratio": 1.03,
            "reinvestment_rate": null,
            "research_to_sale_ratio": 1.18,
            "price_fair": 275.98,
            "eps_avg_yearly": 7.89,
            "eps_latest_yearly": 1.48,
            "eps_growth_yearly": 103.49
        },
        "20173": {
            "year_quarter": 20173,
            "year": 2017,
            "quarter": 3,
            "eps": 0.43,
            "eps_growth_year": -72.78,
            "eps_4q": 4.45,
            "eps_4q_growth_year": -33.11,
            "roe": 1.07,
            "roe_4q": 10.149999999999999,
            "gross_profit": 130999,
            "gross_margin": 60.5,
            "gross_margin_4q_avg": 64.87,
            "net_income": 19716,
            "net_income_4q": null,
            "revenue": 216535,
            "revenue_4q": null,
            "common_shares": 458157,
            "book_valuer_per_share": 40.36,
            "book_valuer_per_share_4q_avg": 42.77,
            "equity": 1849249,
            "current_ratio": 1289.46,
            "debt_ratio": 7.46,
            "inventory_turnover_ratio": 0.42,
            "account_receivable_turnover_ratio": 1.3,
            "reinvestment_rate": null,
            "research_to_sale_ratio": 1.35,
            "price_fair": 252,
            "eps_avg_yearly": 7.2,
            "eps_latest_yearly": 1.72,
            "eps_growth_yearly": 99.2
        },
        "20174": {
            "year_quarter": 20174,
            "year": 2017,
            "quarter": 4,
            "eps": 0.49,
            "eps_growth_year": -77.27,
            "eps_4q": 2.78,
            "eps_4q_growth_year": -59.23,
            "roe": 1.21,
            "roe_4q": 6.41,
            "gross_profit": 162055,
            "gross_margin": 61.74,
            "gross_margin_4q_avg": 62.7,
            "net_income": 22497,
            "net_income_4q": null,
            "revenue": 262460,
            "revenue_4q": null,
            "common_shares": 458157,
            "book_valuer_per_share": 40.85,
            "book_valuer_per_share_4q_avg": 41.8,
            "equity": 1871640,
            "current_ratio": 1151.96,
            "debt_ratio": 8.31,
            "inventory_turnover_ratio": 0.45,
            "account_receivable_turnover_ratio": 1.55,
            "reinvestment_rate": null,
            "research_to_sale_ratio": 0.85,
            "price_fair": 233.66,
            "eps_avg_yearly": 6.68,
            "eps_latest_yearly": 1.96,
            "eps_growth_yearly": 94.86
        },
        "20181": {
            "year_quarter": 20181,
            "year": 2018,
            "quarter": 1,
            "eps": 0.62,
            "eps_growth_year": -58.11,
            "eps_4q": 1.94,
            "eps_4q_growth_year": -71.61,
            "roe": 1.52,
            "roe_4q": 4.67,
            "gross_profit": 137421,
            "gross_margin": 64.12,
            "gross_margin_4q_avg": 61.6,
            "net_income": 28046,
            "net_income_4q": null,
            "revenue": 214307,
            "revenue_4q": null,
            "common_shares": 458157,
            "book_valuer_per_share": 40.54,
            "book_valuer_per_share_4q_avg": 40.41,
            "equity": 1826368,
            "current_ratio": 1388.45,
            "debt_ratio": 6.86,
            "inventory_turnover_ratio": 0.35,
            "account_receivable_turnover_ratio": 1.27,
            "reinvestment_rate": null,
            "research_to_sale_ratio": 1.4,
            "price_fair": 220.31,
            "eps_avg_yearly": 6.29,
            "eps_latest_yearly": 2.48,
            "eps_growth_yearly": 95.89
        },
        "20182": {
            "year_quarter": 20182,
            "year": 2018,
            "quarter": 2,
            "eps": 0.35,
            "eps_growth_year": -5.41,
            "eps_4q": 1.91,
            "eps_4q_growth_year": -65.93,
            "roe": 0.88,
            "roe_4q": 4.68,
            "gross_profit": 144847,
            "gross_margin": 62.43,
            "gross_margin_4q_avg": 62.2,
            "net_income": 15714,
            "net_income_4q": null,
            "revenue": 232007,
            "revenue_4q": null,
            "common_shares": 450477,
            "book_valuer_per_share": 38.38,
            "book_valuer_per_share_4q_avg": 40.03,
            "equity": 1729071,
            "current_ratio": 690.82,
            "debt_ratio": 13.79,
            "inventory_turnover_ratio": 0.42,
            "account_receivable_turnover_ratio": 1.34,
            "reinvestment_rate": 2.41,
            "research_to_sale_ratio": 1.01,
            "price_fair": 206.03,
            "eps_avg_yearly": 5.89,
            "eps_latest_yearly": 1.4,
            "eps_growth_yearly": 73.38
        },
        "20183": {
            "year_quarter": 20183,
            "year": 2018,
            "quarter": 3,
            "eps": 0.2,
            "eps_growth_year": -53.49,
            "eps_4q": 1.67,
            "eps_4q_growth_year": -62.38,
            "roe": 0.53,
            "roe_4q": 4.140000000000001,
            "gross_profit": 148329,
            "gross_margin": 64.72,
            "gross_margin_4q_avg": 63.25,
            "net_income": 9110,
            "net_income_4q": null,
            "revenue": 229182,
            "revenue_4q": null,
            "common_shares": 450477,
            "book_valuer_per_share": 38.56,
            "book_valuer_per_share_4q_avg": 39.58,
            "equity": 1737176,
            "current_ratio": 974.4,
            "debt_ratio": 9.7,
            "inventory_turnover_ratio": 0.4,
            "account_receivable_turnover_ratio": 1.38,
            "reinvestment_rate": 2.34,
            "research_to_sale_ratio": 1.02,
            "price_fair": 192.34,
            "eps_avg_yearly": 5.5,
            "eps_latest_yearly": 0.8,
            "eps_growth_yearly": 54.55
        },
        "20184": {
            "year_quarter": 20184,
            "year": 2018,
            "quarter": 4,
            "eps": -0.62,
            "eps_growth_year": -226.72,
            "eps_4q": 0.55,
            "eps_4q_growth_year": -80.15,
            "roe": -1.63,
            "roe_4q": 1.3000000000000003,
            "gross_profit": 155264,
            "gross_margin": 54,
            "gross_margin_4q_avg": 61.32,
            "net_income": -28031,
            "net_income_4q": null,
            "revenue": 287502,
            "revenue_4q": null,
            "common_shares": 450477,
            "book_valuer_per_share": 37.98,
            "book_valuer_per_share_4q_avg": 38.87,
            "equity": 1710772,
            "current_ratio": 911.18,
            "debt_ratio": 10.53,
            "inventory_turnover_ratio": 0.71,
            "account_receivable_turnover_ratio": 1.68,
            "reinvestment_rate": 1.3,
            "research_to_sale_ratio": 0.91,
            "price_fair": 192.34,
            "eps_avg_yearly": 5.5,
            "eps_latest_yearly": 0.8,
            "eps_growth_yearly": 54.55
        },
        "20191": {
            "year_quarter": 20191,
            "year": 2019,
            "quarter": 1,
            "eps": 1.22,
            "eps_growth_year": 96.77,
            "eps_4q": 1.15,
            "eps_4q_growth_year": -40.63,
            "roe": 3.17,
            "roe_4q": 2.95,
            "gross_profit": 177998,
            "gross_margin": 68.91,
            "gross_margin_4q_avg": 62.52,
            "net_income": 55083,
            "net_income_4q": null,
            "revenue": 258316,
            "revenue_4q": null,
            "common_shares": 450477,
            "book_valuer_per_share": 39.21,
            "book_valuer_per_share_4q_avg": 38.53,
            "equity": 1766509,
            "current_ratio": 781.04,
            "debt_ratio": 13,
            "inventory_turnover_ratio": 0.43,
            "account_receivable_turnover_ratio": 1.36,
            "reinvestment_rate": 0.55,
            "research_to_sale_ratio": 1.11,
            "price_fair": 192.34,
            "eps_avg_yearly": 5.5,
            "eps_latest_yearly": 0.8,
            "eps_growth_yearly": 54.55
        },
        "20192": {
            "year_quarter": 20192,
            "year": 2019,
            "quarter": 2,
            "eps": 0.49,
            "eps_growth_year": 40,
            "eps_4q": 1.29,
            "eps_4q_growth_year": -32.28,
            "roe": 1.25,
            "roe_4q": 3.3200000000000003,
            "gross_profit": 160922,
            "gross_margin": 63.27,
            "gross_margin_4q_avg": 62.73,
            "net_income": 22056,
            "net_income_4q": null,
            "revenue": 254337,
            "revenue_4q": null,
            "common_shares": 450477,
            "book_valuer_per_share": 39.25,
            "book_valuer_per_share_4q_avg": 38.75,
            "equity": 1768138,
            "current_ratio": 693.81,
            "debt_ratio": 15.51,
            "inventory_turnover_ratio": 0.46,
            "account_receivable_turnover_ratio": 1.38,
            "reinvestment_rate": 1.66,
            "research_to_sale_ratio": 1.23,
            "price_fair": 183.5,
            "eps_avg_yearly": 5.24,
            "eps_latest_yearly": 1.96,
            "eps_growth_yearly": 33.56
        },
        "20193": {
            "year_quarter": 20193,
            "year": 2019,
            "quarter": 3,
            "eps": 0.74,
            "eps_growth_year": 270,
            "eps_4q": 1.83,
            "eps_4q_growth_year": 9.57,
            "roe": 1.88,
            "roe_4q": 4.67,
            "gross_profit": 175902,
            "gross_margin": 66.28,
            "gross_margin_4q_avg": 63.12,
            "net_income": 33471,
            "net_income_4q": null,
            "revenue": 265402,
            "revenue_4q": null,
            "common_shares": 450477,
            "book_valuer_per_share": 40,
            "book_valuer_per_share_4q_avg": 39.11,
            "equity": 1801737,
            "current_ratio": 663.55,
            "debt_ratio": 16.04,
            "inventory_turnover_ratio": 0.48,
            "account_receivable_turnover_ratio": 1.63,
            "reinvestment_rate": 2.14,
            "research_to_sale_ratio": 0.95,
            "price_fair": 13.92,
            "eps_avg_yearly": 4.64,
            "eps_latest_yearly": 2.96,
            "eps_growth_yearly": -44.83
        },
        "20194": {
            "year_quarter": 20194,
            "year": 2019,
            "quarter": 4,
            "eps": 1.8,
            "eps_growth_year": null,
            "eps_4q": 4.26,
            "eps_4q_growth_year": 672.16,
            "roe": 4.41,
            "roe_4q": 10.71,
            "gross_profit": 189058,
            "gross_margin": 80.06,
            "gross_margin_4q_avg": 69.63,
            "net_income": 81187,
            "net_income_4q": null,
            "revenue": 236157,
            "revenue_4q": null,
            "common_shares": 450477,
            "book_valuer_per_share": 41.82,
            "book_valuer_per_share_4q_avg": 40.07,
            "equity": 1883765,
            "current_ratio": 1447.98,
            "debt_ratio": 8.22,
            "inventory_turnover_ratio": 0.34,
            "account_receivable_turnover_ratio": 1.34,
            "reinvestment_rate": 8.3,
            "research_to_sale_ratio": 1.54,
            "price_fair": 12.69,
            "eps_avg_yearly": 4.23,
            "eps_latest_yearly": 7.2,
            "eps_growth_yearly": -7.81
        },
        "20201": {
            "year_quarter": 20201,
            "year": 2020,
            "quarter": 1,
            "eps": 1.13,
            "eps_growth_year": -7.38,
            "eps_4q": 4.16,
            "eps_4q_growth_year": 261.42,
            "roe": 3.18,
            "roe_4q": 10.719999999999999,
            "gross_profit": 128325,
            "gross_margin": 69.96,
            "gross_margin_4q_avg": 69.89,
            "net_income": 50778,
            "net_income_4q": null,
            "revenue": 183420,
            "revenue_4q": null,
            "common_shares": 450477,
            "book_valuer_per_share": 29.07,
            "book_valuer_per_share_4q_avg": 37.54,
            "equity": 1309612,
            "current_ratio": 469.31,
            "debt_ratio": 21.76,
            "inventory_turnover_ratio": 0.48,
            "account_receivable_turnover_ratio": 1,
            "reinvestment_rate": 8.19,
            "research_to_sale_ratio": 1.61,
            "price_fair": 11.61,
            "eps_avg_yearly": 3.87,
            "eps_latest_yearly": 4.52,
            "eps_growth_yearly": -10.86
        },
        "20202": {
            "year_quarter": 20202,
            "year": 2020,
            "quarter": 2,
            "eps": 0.3,
            "eps_growth_year": -38.78,
            "eps_4q": 3.98,
            "eps_4q_growth_year": 207.62,
            "roe": 1.04,
            "roe_4q": 10.510000000000002,
            "gross_profit": 86189,
            "gross_margin": 61.28,
            "gross_margin_4q_avg": 69.4,
            "net_income": 13655,
            "net_income_4q": null,
            "revenue": 140639,
            "revenue_4q": null,
            "common_shares": 450477,
            "book_valuer_per_share": 29.36,
            "book_valuer_per_share_4q_avg": 35.06,
            "equity": 1322608,
            "current_ratio": 513.48,
            "debt_ratio": 20.05,
            "inventory_turnover_ratio": 0.41,
            "account_receivable_turnover_ratio": 1,
            "reinvestment_rate": 7.3,
            "research_to_sale_ratio": 1.84,
            "price_fair": 10.41,
            "eps_avg_yearly": 3.47,
            "eps_latest_yearly": 1.2,
            "eps_growth_yearly": -23.81
        },
        "20203": {
            "year_quarter": 20203,
            "year": 2020,
            "quarter": 3,
            "eps": 1.53,
            "eps_growth_year": 106.76,
            "eps_4q": 4.76,
            "eps_4q_growth_year": 159.56,
            "roe": 5.06,
            "roe_4q": 13.69,
            "gross_profit": 158656,
            "gross_margin": 68.67,
            "gross_margin_4q_avg": 69.99,
            "net_income": 68722,
            "net_income_4q": null,
            "revenue": 231045,
            "revenue_4q": null,
            "common_shares": 450477,
            "book_valuer_per_share": 30.9,
            "book_valuer_per_share_4q_avg": 32.79,
            "equity": 1392136,
            "current_ratio": 1007.05,
            "debt_ratio": 11.08,
            "inventory_turnover_ratio": 0.54,
            "account_receivable_turnover_ratio": 1.72,
            "reinvestment_rate": 5.96,
            "research_to_sale_ratio": 1.09,
            "price_fair": 120.9,
            "eps_avg_yearly": 3.45,
            "eps_latest_yearly": 6.12,
            "eps_growth_yearly": 95.51
        },
        "20204": {
            "year_quarter": 20204,
            "year": 2020,
            "quarter": 4,
            "eps": 11.72,
            "eps_growth_year": 550.3,
            "eps_4q": 14.68,
            "eps_4q_growth_year": 244.69,
            "roe": 31.14,
            "roe_4q": 40.42,
            "gross_profit": 141848,
            "gross_margin": 67.7,
            "gross_margin_4q_avg": 66.9,
            "net_income": 527955,
            "net_income_4q": null,
            "revenue": 209526,
            "revenue_4q": null,
            "common_shares": 450477,
            "book_valuer_per_share": 44.37,
            "book_valuer_per_share_4q_avg": 33.43,
            "equity": 1998576,
            "current_ratio": 884.32,
            "debt_ratio": 11.76,
            "inventory_turnover_ratio": 0.58,
            "account_receivable_turnover_ratio": 1.55,
            "reinvestment_rate": -0.38,
            "research_to_sale_ratio": 1.57,
            "price_fair": 216.5,
            "eps_avg_yearly": 6.19,
            "eps_latest_yearly": 46.88,
            "eps_growth_yearly": 275.31
        },
        "20211": {
            "year_quarter": 20211,
            "year": 2021,
            "quarter": 1,
            "eps": 1.88,
            "eps_growth_year": 66.37,
            "eps_4q": 15.43,
            "eps_4q_growth_year": 270.66,
            "roe": 4.34,
            "roe_4q": 41.580000000000005,
            "gross_profit": 163951,
            "gross_margin": 69.01,
            "gross_margin_4q_avg": 66.67,
            "net_income": 84618,
            "net_income_4q": null,
            "revenue": 237560,
            "revenue_4q": null,
            "common_shares": 450477,
            "book_valuer_per_share": 42.24,
            "book_valuer_per_share_4q_avg": 36.72,
            "equity": 1903003,
            "current_ratio": 473.39,
            "debt_ratio": 20.9,
            "inventory_turnover_ratio": 0.63,
            "account_receivable_turnover_ratio": 1.6,
            "reinvestment_rate": -0.45,
            "research_to_sale_ratio": 0.98,
            "price_fair": 220.5,
            "eps_avg_yearly": 6.3,
            "eps_latest_yearly": 7.52,
            "eps_growth_yearly": 260.32
        },
        "20212": {
            "year_quarter": 20212,
            "year": 2021,
            "quarter": 2,
            "eps": 0.54,
            "eps_growth_year": 80,
            "eps_4q": 15.67,
            "eps_4q_growth_year": 294.11,
            "roe": 1.34,
            "roe_4q": 41.88,
            "gross_profit": 136839,
            "gross_margin": 58.16,
            "gross_margin_4q_avg": 65.89,
            "net_income": 24522,
            "net_income_4q": null,
            "revenue": 235260,
            "revenue_4q": null,
            "common_shares": 450477,
            "book_valuer_per_share": 38.95,
            "book_valuer_per_share_4q_avg": 39.12,
            "equity": 1754710,
            "current_ratio": 493.12,
            "debt_ratio": 19.91,
            "inventory_turnover_ratio": 0.76,
            "account_receivable_turnover_ratio": 1.27,
            "reinvestment_rate": -0.64,
            "research_to_sale_ratio": 1.05,
            "price_fair": 222.2,
            "eps_avg_yearly": 6.35,
            "eps_latest_yearly": 2.16,
            "eps_growth_yearly": 261.38
        },
        "20213": {
            "year_quarter": 20213,
            "year": 2021,
            "quarter": 3,
            "eps": 2.31,
            "eps_growth_year": 50.98,
            "eps_4q": 16.45,
            "eps_4q_growth_year": 245.82,
            "roe": 6.06,
            "roe_4q": 42.879999999999995,
            "gross_profit": 202361,
            "gross_margin": 61.05,
            "gross_margin_4q_avg": 63.98,
            "net_income": 104151,
            "net_income_4q": null,
            "revenue": 331450,
            "revenue_4q": null,
            "common_shares": 450477,
            "book_valuer_per_share": 37.3,
            "book_valuer_per_share_4q_avg": 40.72,
            "equity": 1680216,
            "current_ratio": 465.77,
            "debt_ratio": 20.95,
            "inventory_turnover_ratio": 0.94,
            "account_receivable_turnover_ratio": 1.67,
            "reinvestment_rate": -0.68,
            "research_to_sale_ratio": 0.74,
            "price_fair": 241,
            "eps_avg_yearly": 6.89,
            "eps_latest_yearly": 9.24,
            "eps_growth_yearly": 350.4
        },
        "20214": {
            "year_quarter": 20214,
            "year": 2021,
            "quarter": 4,
            "eps": 1.84,
            "eps_growth_year": -84.29,
            "eps_4q": 6.58,
            "eps_4q_growth_year": -55.19,
            "roe": 5.16,
            "roe_4q": 16.9,
            "gross_profit": 191209,
            "gross_margin": 63.37,
            "gross_margin_4q_avg": 62.9,
            "net_income": 82951,
            "net_income_4q": null,
            "revenue": 301741,
            "revenue_4q": null,
            "common_shares": 450477,
            "book_valuer_per_share": 34.07,
            "book_valuer_per_share_4q_avg": 38.14,
            "equity": 1534948,
            "current_ratio": 605.7,
            "debt_ratio": 16.17,
            "inventory_turnover_ratio": 0.85,
            "account_receivable_turnover_ratio": 1.63,
            "reinvestment_rate": -2.24,
            "research_to_sale_ratio": 0.92,
            "price_fair": 254.5,
            "eps_avg_yearly": 7.27,
            "eps_latest_yearly": 7.36,
            "eps_growth_yearly": 340.6
        },
        "20221": {
            "year_quarter": 20221,
            "year": 2022,
            "quarter": 1,
            "eps": 2.46,
            "eps_growth_year": 30.85,
            "eps_4q": 7.16,
            "eps_4q_growth_year": -53.59,
            "roe": 7.19,
            "roe_4q": 19.75,
            "gross_profit": 180016,
            "gross_margin": 69.93,
            "gross_margin_4q_avg": 63.13,
            "net_income": 110911,
            "net_income_4q": null,
            "revenue": 257425,
            "revenue_4q": null,
            "common_shares": 450477,
            "book_valuer_per_share": 34.4,
            "book_valuer_per_share_4q_avg": 36.18,
            "equity": 1549680,
            "current_ratio": 575.47,
            "debt_ratio": 17.03,
            "inventory_turnover_ratio": 0.72,
            "account_receivable_turnover_ratio": 1.56,
            "reinvestment_rate": -2.11,
            "research_to_sale_ratio": 0.87,
            "price_fair": 272.9,
            "eps_avg_yearly": 7.8,
            "eps_latest_yearly": 9.84,
            "eps_growth_yearly": 342.64
        },
        "20222": {
            "year_quarter": 20222,
            "year": 2022,
            "quarter": 2,
            "eps": 1.17,
            "eps_growth_year": 116.67,
            "eps_4q": 7.78,
            "eps_4q_growth_year": -50.33,
            "roe": 3.4,
            "roe_4q": 21.81,
            "gross_profit": 113241,
            "gross_margin": 68.3,
            "gross_margin_4q_avg": 65.66,
            "net_income": 52541,
            "net_income_4q": null,
            "revenue": 165799,
            "revenue_4q": null,
            "common_shares": 450477,
            "book_valuer_per_share": 34.2,
            "book_valuer_per_share_4q_avg": 34.99,
            "equity": 1540852,
            "current_ratio": 581.02,
            "debt_ratio": 16.56,
            "inventory_turnover_ratio": 0.49,
            "account_receivable_turnover_ratio": 1.23,
            "reinvestment_rate": -1.95,
            "research_to_sale_ratio": 1.14,
            "price_fair": 281.1,
            "eps_avg_yearly": 8.03,
            "eps_latest_yearly": 4.68,
            "eps_growth_yearly": 340.1
        },
        "20223": {
            "year_quarter": 20223,
            "year": 2022,
            "quarter": 3,
            "eps": 1.81,
            "eps_growth_year": -21.64,
            "eps_4q": 7.28,
            "eps_4q_growth_year": -55.73,
            "roe": 5.27,
            "roe_4q": 21.02,
            "gross_profit": 160325,
            "gross_margin": 71.26,
            "gross_margin_4q_avg": 68.22,
            "net_income": 81731,
            "net_income_4q": null,
            "revenue": 224988,
            "revenue_4q": null,
            "common_shares": 450477,
            "book_valuer_per_share": 34.67,
            "book_valuer_per_share_4q_avg": 34.34,
            "equity": 1561962,
            "current_ratio": 602.29,
            "debt_ratio": 15.61,
            "inventory_turnover_ratio": 0.5,
            "account_receivable_turnover_ratio": 2.05,
            "reinvestment_rate": -1.67,
            "research_to_sale_ratio": 0.7,
            "price_fair": 297.2,
            "eps_avg_yearly": 8.49,
            "eps_latest_yearly": 7.24,
            "eps_growth_yearly": 367.98
        },
        "20224": {
            "year_quarter": 20224,
            "year": 2022,
            "quarter": 4,
            "eps": 2.1,
            "eps_growth_year": 14.28,
            "eps_4q": 7.55,
            "eps_4q_growth_year": 14.76,
            "roe": 6.13,
            "roe_4q": 21.99,
            "gross_profit": 204433,
            "gross_margin": 73.38,
            "gross_margin_4q_avg": 70.72,
            "net_income": 94798,
            "net_income_4q": null,
            "revenue": 278579,
            "revenue_4q": null,
            "common_shares": 450477,
            "book_valuer_per_share": 33.94,
            "book_valuer_per_share_4q_avg": 34.3,
            "equity": 1529016,
            "current_ratio": 738.91,
            "debt_ratio": 14.26,
            "inventory_turnover_ratio": 0.58,
            "account_receivable_turnover_ratio": 2.12,
            "reinvestment_rate": -0.88,
            "research_to_sale_ratio": 0.56,
            "price_fair": 296.99,
            "eps_avg_yearly": 8.49,
            "eps_latest_yearly": 8.4,
            "eps_growth_yearly": 347.72
        },
        "20231": {
            "year_quarter": 20231,
            "year": 2023,
            "quarter": 1,
            "eps": 2.27,
            "eps_growth_year": -7.72,
            "eps_4q": 7.36,
            "eps_4q_growth_year": 2.73,
            "roe": 6.73,
            "roe_4q": 21.529999999999998,
            "gross_profit": 201068,
            "gross_margin": 73.09,
            "gross_margin_4q_avg": 71.51,
            "net_income": 102277,
            "net_income_4q": null,
            "revenue": 275089,
            "revenue_4q": null,
            "common_shares": 450477,
            "book_valuer_per_share": 33.55,
            "book_valuer_per_share_4q_avg": 34.09,
            "equity": 1511507,
            "current_ratio": 542.23,
            "debt_ratio": 18.66,
            "inventory_turnover_ratio": 0.61,
            "account_receivable_turnover_ratio": 1.71,
            "reinvestment_rate": -0.54,
            "research_to_sale_ratio": 0.68,
            "price_fair": 298.29,
            "eps_avg_yearly": 8.52,
            "eps_latest_yearly": 9.08,
            "eps_growth_yearly": 328.01
        },
        "20232": {
            "year_quarter": 20232,
            "year": 2023,
            "quarter": 2,
            "eps": 1.84,
            "eps_growth_year": 57.26,
            "eps_4q": 8.03,
            "eps_4q_growth_year": 3.2,
            "roe": 5.5,
            "roe_4q": 23.63,
            "gross_profit": 158720,
            "gross_margin": 67.13,
            "gross_margin_4q_avg": 71.22,
            "net_income": 82963,
            "net_income_4q": null,
            "revenue": 236440,
            "revenue_4q": null,
            "common_shares": 450477,
            "book_valuer_per_share": 33.41,
            "book_valuer_per_share_4q_avg": 33.89,
            "equity": 1505117,
            "current_ratio": 489.6,
            "debt_ratio": 19.37,
            "inventory_turnover_ratio": 0.52,
            "account_receivable_turnover_ratio": 1.33,
            "reinvestment_rate": -0.98,
            "research_to_sale_ratio": 0.95,
            "price_fair": 310.1,
            "eps_avg_yearly": 8.86,
            "eps_latest_yearly": 7.36,
            "eps_growth_yearly": 338.23
        },
        "20233": {
            "year_quarter": 20233,
            "year": 2023,
            "quarter": 3,
            "eps": 2.82,
            "eps_growth_year": 55.8,
            "eps_4q": 9.03,
            "eps_4q_growth_year": 24,
            "roe": 8.33,
            "roe_4q": 26.69,
            "gross_profit": 211643,
            "gross_margin": 71.09,
            "gross_margin_4q_avg": 71.17,
            "net_income": 126838,
            "net_income_4q": null,
            "revenue": 297718,
            "revenue_4q": null,
            "common_shares": 450477,
            "book_valuer_per_share": 34.23,
            "book_valuer_per_share_4q_avg": 33.78,
            "equity": 1541860,
            "current_ratio": 486.82,
            "debt_ratio": 19.61,
            "inventory_turnover_ratio": 0.45,
            "account_receivable_turnover_ratio": 1.88,
            "reinvestment_rate": -1.04,
            "research_to_sale_ratio": 0.77,
            "price_fair": 328.3,
            "eps_avg_yearly": 9.38,
            "eps_latest_yearly": 11.28,
            "eps_growth_yearly": 338.79
        }
    },
    "months": {
        "2015-04": {
            "month": "2015-04",
            "price": "236.41",
            "revenue": 71442
        },
        "2015-05": {
            "month": "2015-05",
            "price": "243.31",
            "revenue": 42672
        },
        "2015-06": {
            "month": "2015-06",
            "price": "209.16",
            "revenue": 60690
        },
        "2015-07": {
            "month": "2015-07",
            "price": "197.73",
            "revenue": 66209
        },
        "2015-08": {
            "month": "2015-08",
            "price": "184.21",
            "revenue": 82326
        },
        "2015-09": {
            "month": "2015-09",
            "price": "200.71",
            "revenue": 100445
        },
        "2015-10": {
            "month": "2015-10",
            "price": "212.38",
            "revenue": 80081
        },
        "2015-11": {
            "month": "2015-11",
            "price": "229.32",
            "revenue": 118489
        },
        "2015-12": {
            "month": "2015-12",
            "price": "256.58",
            "revenue": 87294
        },
        "2016-01": {
            "month": "2016-01",
            "price": "282.96",
            "revenue": 67423
        },
        "2016-02": {
            "month": "2016-02",
            "price": "282.60",
            "revenue": 46577
        },
        "2016-03": {
            "month": "2016-03",
            "price": "300.43",
            "revenue": 120133
        },
        "2016-04": {
            "month": "2016-04",
            "price": "323.38",
            "revenue": 94562
        },
        "2016-05": {
            "month": "2016-05",
            "price": "366.19",
            "revenue": 75228
        },
        "2016-06": {
            "month": "2016-06",
            "price": "257.88",
            "revenue": 102064
        },
        "2016-07": {
            "month": "2016-07",
            "price": "248.08",
            "revenue": 77278
        },
        "2016-08": {
            "month": "2016-08",
            "price": "226.93",
            "revenue": 101596
        },
        "2016-09": {
            "month": "2016-09",
            "price": "215.87",
            "revenue": 112515
        },
        "2016-10": {
            "month": "2016-10",
            "price": "217.88",
            "revenue": 126953
        },
        "2016-11": {
            "month": "2016-11",
            "price": "198.55",
            "revenue": 130033
        },
        "2016-12": {
            "month": "2016-12",
            "price": "187.64",
            "revenue": 96233
        },
        "2017-01": {
            "month": "2017-01",
            "price": "168.62",
            "revenue": 70005
        },
        "2017-02": {
            "month": "2017-02",
            "price": "168.58",
            "revenue": 62940
        },
        "2017-03": {
            "month": "2017-03",
            "price": "190.15",
            "revenue": 125037
        },
        "2017-04": {
            "month": "2017-04",
            "price": "208.44",
            "revenue": 50172
        },
        "2017-05": {
            "month": "2017-05",
            "price": "187.18",
            "revenue": 76574
        },
        "2017-06": {
            "month": "2017-06",
            "price": "184.48",
            "revenue": 73199
        },
        "2017-07": {
            "month": "2017-07",
            "price": "166.02",
            "revenue": 64479
        },
        "2017-08": {
            "month": "2017-08",
            "price": "145.74",
            "revenue": 76595
        },
        "2017-09": {
            "month": "2017-09",
            "price": "141.02",
            "revenue": 75461
        },
        "2017-10": {
            "month": "2017-10",
            "price": "137.18",
            "revenue": 70682
        },
        "2017-11": {
            "month": "2017-11",
            "price": "113.90",
            "revenue": 138001
        },
        "2017-12": {
            "month": "2017-12",
            "price": "84.40",
            "revenue": 53777
        },
        "2018-01": {
            "month": "2018-01",
            "price": "90.27",
            "revenue": 74732
        },
        "2018-02": {
            "month": "2018-02",
            "price": "88.22",
            "revenue": 59075
        },
        "2018-03": {
            "month": "2018-03",
            "price": "105.61",
            "revenue": 80500
        },
        "2018-04": {
            "month": "2018-04",
            "price": "146.53",
            "revenue": 62856
        },
        "2018-05": {
            "month": "2018-05",
            "price": "124.47",
            "revenue": 73734
        },
        "2018-06": {
            "month": "2018-06",
            "price": "99.52",
            "revenue": 95417
        },
        "2018-07": {
            "month": "2018-07",
            "price": "95.58",
            "revenue": 83461
        },
        "2018-08": {
            "month": "2018-08",
            "price": "93.72",
            "revenue": 83176
        },
        "2018-09": {
            "month": "2018-09",
            "price": "84.16",
            "revenue": 62545
        },
        "2018-10": {
            "month": "2018-10",
            "price": "67.31",
            "revenue": 89216
        },
        "2018-11": {
            "month": "2018-11",
            "price": "60.44",
            "revenue": 133782
        },
        "2018-12": {
            "month": "2018-12",
            "price": "65.86",
            "revenue": 64504
        },
        "2019-01": {
            "month": "2019-01",
            "price": "65.49",
            "revenue": 99150
        },
        "2019-02": {
            "month": "2019-02",
            "price": "70.55",
            "revenue": 67215
        },
        "2019-03": {
            "month": "2019-03",
            "price": "66.64",
            "revenue": 91951
        },
        "2019-04": {
            "month": "2019-04",
            "price": "67.59",
            "revenue": 90182
        },
        "2019-05": {
            "month": "2019-05",
            "price": "71.84",
            "revenue": 85997
        },
        "2019-06": {
            "month": "2019-06",
            "price": "74.54",
            "revenue": 78157
        },
        "2019-07": {
            "month": "2019-07",
            "price": "69.54",
            "revenue": 97112
        },
        "2019-08": {
            "month": "2019-08",
            "price": "62.62",
            "revenue": 105094
        },
        "2019-09": {
            "month": "2019-09",
            "price": "63.96",
            "revenue": 63197
        },
        "2019-10": {
            "month": "2019-10",
            "price": "62.19",
            "revenue": 91368
        },
        "2019-11": {
            "month": "2019-11",
            "price": "67.51",
            "revenue": 84777
        },
        "2019-12": {
            "month": "2019-12",
            "price": "73.54",
            "revenue": 60012
        },
        "2020-01": {
            "month": "2020-01",
            "price": "94.32",
            "revenue": 69706
        },
        "2020-02": {
            "month": "2020-02",
            "price": "88.63",
            "revenue": 34211
        },
        "2020-03": {
            "month": "2020-03",
            "price": "58.85",
            "revenue": 79503
        },
        "2020-04": {
            "month": "2020-04",
            "price": "58.73",
            "revenue": 34776
        },
        "2020-05": {
            "month": "2020-05",
            "price": "63.61",
            "revenue": 40116
        },
        "2020-06": {
            "month": "2020-06",
            "price": "67.60",
            "revenue": 65747
        },
        "2020-07": {
            "month": "2020-07",
            "price": "69.17",
            "revenue": 80277
        },
        "2020-08": {
            "month": "2020-08",
            "price": "61.65",
            "revenue": 74900
        },
        "2020-09": {
            "month": "2020-09",
            "price": "58.92",
            "revenue": 75867
        },
        "2020-10": {
            "month": "2020-10",
            "price": "59.39",
            "revenue": 64976
        },
        "2020-11": {
            "month": "2020-11",
            "price": "66.11",
            "revenue": 82397
        },
        "2020-12": {
            "month": "2020-12",
            "price": "68.85",
            "revenue": 62154
        },
        "2021-01": {
            "month": "2021-01",
            "price": "66.34",
            "revenue": 93238
        },
        "2021-02": {
            "month": "2021-02",
            "price": "68.15",
            "revenue": 77309
        },
        "2021-03": {
            "month": "2021-03",
            "price": "83.72",
            "revenue": 67013
        },
        "2021-04": {
            "month": "2021-04",
            "price": "77.83",
            "revenue": 85237
        },
        "2021-05": {
            "month": "2021-05",
            "price": "74.60",
            "revenue": 76104
        },
        "2021-06": {
            "month": "2021-06",
            "price": "75.61",
            "revenue": 73919
        },
        "2021-07": {
            "month": "2021-07",
            "price": "73.52",
            "revenue": 92695
        },
        "2021-08": {
            "month": "2021-08",
            "price": "72.68",
            "revenue": 121417
        },
        "2021-09": {
            "month": "2021-09",
            "price": "75.90",
            "revenue": 117338
        },
        "2021-10": {
            "month": "2021-10",
            "price": "85.30",
            "revenue": 117264
        },
        "2021-11": {
            "month": "2021-11",
            "price": "114.94",
            "revenue": 112418
        },
        "2021-12": {
            "month": "2021-12",
            "price": "113.29",
            "revenue": 72059
        },
        "2022-01": {
            "month": "2022-01",
            "price": "96.77",
            "revenue": 117345
        },
        "2022-02": {
            "month": "2022-02",
            "price": "96.07",
            "revenue": 65931
        },
        "2022-03": {
            "month": "2022-03",
            "price": "95.40",
            "revenue": 74149
        },
        "2022-04": {
            "month": "2022-04",
            "price": "87.69",
            "revenue": 40507
        },
        "2022-05": {
            "month": "2022-05",
            "price": "81.17",
            "revenue": 62055
        },
        "2022-06": {
            "month": "2022-06",
            "price": "84.94",
            "revenue": 63237
        },
        "2022-07": {
            "month": "2022-07",
            "price": "81.96",
            "revenue": 93377
        },
        "2022-08": {
            "month": "2022-08",
            "price": "86.93",
            "revenue": 75887
        },
        "2022-09": {
            "month": "2022-09",
            "price": "98.43",
            "revenue": 55724
        },
        "2022-10": {
            "month": "2022-10",
            "price": "87.44",
            "revenue": 78979
        },
        "2022-11": {
            "month": "2022-11",
            "price": "93.33",
            "revenue": 126511
        },
        "2022-12": {
            "month": "2022-12",
            "price": "105.08",
            "revenue": 73089
        },
        "2023-01": {
            "month": "2023-01",
            "price": "103.65",
            "revenue": 81458
        },
        "2023-02": {
            "month": "2023-02",
            "price": "109.92",
            "revenue": 66252
        },
        "2023-03": {
            "month": "2023-03",
            "price": "108.67",
            "revenue": 127379
        },
        "2023-04": {
            "month": "2023-04",
            "price": "133.44",
            "revenue": 45730
        },
        "2023-05": {
            "month": "2023-05",
            "price": "131.80",
            "revenue": 78245
        },
        "2023-06": {
            "month": "2023-06",
            "price": "128.82",
            "revenue": 112465
        },
        "2023-07": {
            "month": "2023-07",
            "price": "131.81",
            "revenue": 95835
        },
        "2023-08": {
            "month": "2023-08",
            "price": "130.32",
            "revenue": 125502
        },
        "2023-09": {
            "month": "2023-09",
            "price": "140.78",
            "revenue": 76381
        },
        "2023-10": {
            "month": "2023-10",
            "price": "132.92",
            "revenue": 95428
        },
        "2023-11": {
            "month": "2023-11",
            "price": "147.05",
            "revenue": 133275
        },
        "2023-12": {
            "month": "2023-12",
            "price": "149.31",
            "revenue": 99195
        }
    }
}
