{
    "summary": {
        "stock_name": "創威",
        "stock_id": "6530",
        "category": "通信網路",
        "main_business": "光收發模組及光學次模組等光纖通訊相關產品之研發、生產與銷售",
        "website_url": "http://www.axcen.com.tw",
        "ceo": "陳文宗",
        "pe_ratio": 24,
        "report_year_from": 2014,
        "report_year_to": 2023,
        "age": 9,
        "eps_negative_percentage": 0,
        "eps_growth_avg": {
            "last_all": 29.94,
            "last_2y": 30.34,
            "last_4y": 29.94,
            "last_8y": null,
            "last_12y": null,
            "last_16y": null,
            "last_20y": null,
            "at_2006_last_3y": null,
            "at_2007_last_3y": null,
            "at_2008_last_3y": null,
            "at_2009_last_3y": null,
            "at_2010_last_3y": null,
            "at_2011_last_3y": null,
            "at_2012_last_3y": null,
            "at_2013_last_3y": null,
            "at_2014_last_3y": null,
            "at_2015_last_3y": null,
            "at_2016_last_3y": null,
            "at_2017_last_3y": null,
            "at_2018_last_3y": null,
            "at_2019_last_3y": null,
            "at_2020_last_3y": null,
            "at_2021_last_3y": 25.73,
            "at_2022_last_3y": 24.93,
            "at_2023_last_3y": 24.93,
            "at_2006_last_all": null,
            "at_2007_last_all": null,
            "at_2008_last_all": null,
            "at_2009_last_all": null,
            "at_2010_last_all": null,
            "at_2011_last_all": null,
            "at_2012_last_all": null,
            "at_2013_last_all": null,
            "at_2014_last_all": null,
            "at_2015_last_all": null,
            "at_2016_last_all": null,
            "at_2017_last_all": null,
            "at_2018_last_all": null,
            "at_2019_last_all": 29.35,
            "at_2020_last_all": 20.45,
            "at_2021_last_all": 25.73,
            "at_2022_last_all": 29.94,
            "at_2023_last_all": 29.94
        },
        "latest_eps": 1.44,
        "latest_price": 34.95,
        "latest_roe": 11.11,
        "latest_gross_margin": 43.21,
        "latest_equity": 435263,
        "latest_revenue": 67014,
        "latest_gross_profit": 28959,
        "latest_net_income": 14870,
        "latest_debt_ratio": 19.9,
        "latest_current_ratio": 481.29,
        "latest_account_receivable_turnover_ratio": 1.32,
        "latest_inventory_turnover_ratio": 0.84,
        "latest_reinvestment_rate": 5.97,
        "latest_research_to_sale_ratio": 5.56
    },
    "eps_dividends": {
        "2001": {
            "cash": 0,
            "stock": 0,
            "eps": 0
        },
        "2002": {
            "cash": 0,
            "stock": 0,
            "eps": 0
        },
        "2003": {
            "cash": 0,
            "stock": 0,
            "eps": 0
        },
        "2004": {
            "cash": 0,
            "stock": 0,
            "eps": 0
        },
        "2005": {
            "cash": 0,
            "stock": 0,
            "eps": 0
        },
        "2006": {
            "cash": 0,
            "stock": 0,
            "eps": 0
        },
        "2007": {
            "cash": 0,
            "stock": 0,
            "eps": 0
        },
        "2008": {
            "cash": 0,
            "stock": 0,
            "eps": 0
        },
        "2009": {
            "cash": 0,
            "stock": 0,
            "eps": 0
        },
        "2010": {
            "cash": 0,
            "stock": 0,
            "eps": 0
        },
        "2011": {
            "cash": 0,
            "stock": 0,
            "eps": 0
        },
        "2012": {
            "cash": 0,
            "stock": 0,
            "eps": 0
        },
        "2013": {
            "cash": 0,
            "stock": 0,
            "eps": 0
        },
        "2014": {
            "cash": 0,
            "stock": 0,
            "eps": 0
        },
        "2015": {
            "cash": 0,
            "stock": 0,
            "eps": 0
        },
        "2016": {
            "cash": 1,
            "stock": 0,
            "eps": 0
        },
        "2017": {
            "cash": 1,
            "stock": 0,
            "eps": 0.46
        },
        "2018": {
            "cash": 1,
            "stock": 0,
            "eps": 0.69
        },
        "2019": {
            "cash": 1,
            "stock": 0,
            "eps": 0.75
        },
        "2020": {
            "cash": 1,
            "stock": 0,
            "eps": 0.77
        },
        "2021": {
            "cash": 1,
            "stock": 0,
            "eps": 1.09
        },
        "2022": {
            "cash": 1.1,
            "stock": 0,
            "eps": 1.6
        },
        "2023": {
            "cash": 1.5,
            "stock": 0,
            "eps": 0.59
        }
    },
    "dividends": {
        "2016-09-01": {
            "cash": 1,
            "stock": 0
        },
        "2017-08-04": {
            "cash": 1,
            "stock": 0
        },
        "2018-07-05": {
            "cash": 1,
            "stock": 0
        },
        "2019-07-05": {
            "cash": 1,
            "stock": 0
        },
        "2020-08-05": {
            "cash": 1,
            "stock": 0
        },
        "2021-08-12": {
            "cash": 1,
            "stock": 0
        },
        "2022-07-15": {
            "cash": 1.1,
            "stock": 0
        },
        "2023-07-28": {
            "cash": 1.5,
            "stock": 0
        }
    },
    "prices": {
        "200101": "無",
        "200102": "無",
        "200103": "無",
        "200104": "無",
        "200105": "無",
        "200106": "無",
        "200107": "無",
        "200108": "無",
        "200109": "無",
        "200110": "無",
        "200111": "無",
        "200112": "無",
        "200201": "無",
        "200202": "無",
        "200203": "無",
        "200204": "無",
        "200205": "無",
        "200206": "無",
        "200207": "無",
        "200208": "無",
        "200209": "無",
        "200210": "無",
        "200211": "無",
        "200212": "無",
        "200301": "無",
        "200302": "無",
        "200303": "無",
        "200304": "無",
        "200305": "無",
        "200306": "無",
        "200307": "無",
        "200308": "無",
        "200309": "無",
        "200310": "無",
        "200311": "無",
        "200312": "無",
        "200401": "無",
        "200402": "無",
        "200403": "無",
        "200404": "無",
        "200405": "無",
        "200406": "無",
        "200407": "無",
        "200408": "無",
        "200409": "無",
        "200410": "無",
        "200411": "無",
        "200412": "無",
        "200501": "無",
        "200502": "無",
        "200503": "無",
        "200504": "無",
        "200505": "無",
        "200506": "無",
        "200507": "無",
        "200508": "無",
        "200509": "無",
        "200510": "無",
        "200511": "無",
        "200512": "無",
        "200601": "無",
        "200602": "無",
        "200603": "無",
        "200604": "無",
        "200605": "無",
        "200606": "無",
        "200607": "無",
        "200608": "無",
        "200609": "無",
        "200610": "無",
        "200611": "無",
        "200612": "無",
        "200701": "無",
        "200702": "無",
        "200703": "無",
        "200704": "無",
        "200705": "無",
        "200706": "無",
        "200707": "無",
        "200708": "無",
        "200709": "無",
        "200710": "無",
        "200711": "無",
        "200712": "無",
        "200801": "無",
        "200802": "無",
        "200803": "無",
        "200804": "無",
        "200805": "無",
        "200806": "無",
        "200807": "無",
        "200808": "無",
        "200809": "無",
        "200810": "無",
        "200811": "無",
        "200812": "無",
        "200901": "無",
        "200902": "無",
        "200903": "無",
        "200904": "無",
        "200905": "無",
        "200906": "無",
        "200907": "無",
        "200908": "無",
        "200909": "無",
        "200910": "無",
        "200911": "無",
        "200912": "無",
        "201001": "無",
        "201002": "無",
        "201003": "無",
        "201004": "無",
        "201005": "無",
        "201006": "無",
        "201007": "無",
        "201008": "無",
        "201009": "無",
        "201010": "無",
        "201011": "無",
        "201012": "無",
        "201101": "無",
        "201102": "無",
        "201103": "無",
        "201104": "無",
        "201105": "無",
        "201106": "無",
        "201107": "無",
        "201108": "無",
        "201109": "無",
        "201110": "無",
        "201111": "無",
        "201112": "無",
        "201201": "無",
        "201202": "無",
        "201203": "無",
        "201204": "無",
        "201205": "無",
        "201206": "無",
        "201207": "無",
        "201208": "無",
        "201209": "無",
        "201210": "無",
        "201211": "無",
        "201212": "無",
        "201301": "無",
        "201302": "無",
        "201303": "無",
        "201304": "無",
        "201305": "無",
        "201306": "無",
        "201307": "無",
        "201308": "無",
        "201309": "無",
        "201310": "無",
        "201311": "無",
        "201312": "無",
        "201401": "無",
        "201402": "無",
        "201403": "無",
        "201404": "無",
        "201405": "無",
        "201406": "無",
        "201407": "無",
        "201408": "無",
        "201409": "無",
        "201410": "無",
        "201411": "無",
        "201412": "無",
        "201501": "無",
        "201502": "無",
        "201503": "無",
        "201504": "無",
        "201505": "無",
        "201506": "26.95",
        "201507": "24.01",
        "201508": "19.41",
        "201509": "無",
        "201510": "18.58",
        "201511": "18.36",
        "201512": "18.14",
        "201601": "15.96",
        "201602": "15.41",
        "201603": "15.90",
        "201604": "15.78",
        "201605": "15.34",
        "201606": "14.75",
        "201607": "14.20",
        "201608": "14.44",
        "201609": "12.66",
        "201610": "12.37",
        "201611": "12.87",
        "201612": "13.94",
        "201701": "14.21",
        "201702": "13.97",
        "201703": "15.47",
        "201704": "16.43",
        "201705": "15.89",
        "201706": "15.72",
        "201707": "15.44",
        "201708": "14.77",
        "201709": "15.53",
        "201710": "17.77",
        "201711": "19.37",
        "201712": "20.72",
        "201801": "21.91",
        "201802": "18.72",
        "201803": "18.27",
        "201804": "17.48",
        "201805": "17.05",
        "201806": "17.46",
        "201807": "16.47",
        "201808": "16.23",
        "201809": "15.79",
        "201810": "14.64",
        "201811": "14.04",
        "201812": "15.51",
        "201901": "16.38",
        "201902": "16.03",
        "201903": "16.34",
        "201904": "17.10",
        "201905": "15.58",
        "201906": "15.04",
        "201907": "14.94",
        "201908": "14.96",
        "201909": "15.23",
        "201910": "16.02",
        "201911": "17.78",
        "201912": "18.98",
        "202001": "18.93",
        "202002": "17.27",
        "202003": "16.42",
        "202004": "17.05",
        "202005": "17.66",
        "202006": "18.50",
        "202007": "21.51",
        "202008": "19.37",
        "202009": "18.45",
        "202010": "17.42",
        "202011": "18.15",
        "202012": "18.49",
        "202101": "19.50",
        "202102": "18.90",
        "202103": "19.79",
        "202104": "20.85",
        "202105": "18.69",
        "202106": "18.74",
        "202107": "19.21",
        "202108": "18.90",
        "202109": "19.96",
        "202110": "21.19",
        "202111": "22.14",
        "202112": "25.56",
        "202201": "22.54",
        "202202": "22.08",
        "202203": "21.17",
        "202204": "21.55",
        "202205": "21.17",
        "202206": "20.69",
        "202207": "19.70",
        "202208": "25.53",
        "202209": "24.71",
        "202210": "22.08",
        "202211": "22.29",
        "202212": "22.86",
        "202301": "23.29",
        "202302": "24.27",
        "202303": "25.12",
        "202304": "27.99",
        "202305": "26.46",
        "202306": "26.70",
        "202307": "31.14",
        "202308": "28.87",
        "202309": "31.43"
    },
    "quarters": {
        "20011": {
            "year_quarter": 20011,
            "year": 2001,
            "quarter": 1,
            "eps": null,
            "eps_growth_year": null,
            "eps_4q": null,
            "eps_4q_growth_year": null,
            "roe": null,
            "roe_4q": 0,
            "gross_profit": null,
            "gross_margin": null,
            "gross_margin_4q_avg": 0,
            "net_income": null,
            "revenue": null,
            "common_shares": null,
            "book_valuer_per_share": null,
            "book_valuer_per_share_4q_avg": 0,
            "equity": null,
            "current_ratio": null,
            "debt_ratio": null,
            "inventory_turnover_ratio": null,
            "account_receivable_turnover_ratio": null,
            "reinvestment_rate": null,
            "research_to_sale_ratio": null,
            "price_fair": 0,
            "eps_avg_yearly": 0,
            "eps_latest_yearly": 0,
            "eps_growth_yearly": 0
        },
        "20012": {
            "year_quarter": 20012,
            "year": 2001,
            "quarter": 2,
            "eps": null,
            "eps_growth_year": null,
            "eps_4q": null,
            "eps_4q_growth_year": null,
            "roe": null,
            "roe_4q": 0,
            "gross_profit": null,
            "gross_margin": null,
            "gross_margin_4q_avg": 0,
            "net_income": null,
            "revenue": null,
            "common_shares": null,
            "book_valuer_per_share": null,
            "book_valuer_per_share_4q_avg": 0,
            "equity": null,
            "current_ratio": null,
            "debt_ratio": null,
            "inventory_turnover_ratio": null,
            "account_receivable_turnover_ratio": null,
            "reinvestment_rate": null,
            "research_to_sale_ratio": null,
            "price_fair": 0,
            "eps_avg_yearly": 0,
            "eps_latest_yearly": 0,
            "eps_growth_yearly": 0
        },
        "20013": {
            "year_quarter": 20013,
            "year": 2001,
            "quarter": 3,
            "eps": null,
            "eps_growth_year": null,
            "eps_4q": null,
            "eps_4q_growth_year": null,
            "roe": null,
            "roe_4q": 0,
            "gross_profit": null,
            "gross_margin": null,
            "gross_margin_4q_avg": 0,
            "net_income": null,
            "revenue": null,
            "common_shares": null,
            "book_valuer_per_share": null,
            "book_valuer_per_share_4q_avg": 0,
            "equity": null,
            "current_ratio": null,
            "debt_ratio": null,
            "inventory_turnover_ratio": null,
            "account_receivable_turnover_ratio": null,
            "reinvestment_rate": null,
            "research_to_sale_ratio": null,
            "price_fair": 0,
            "eps_avg_yearly": 0,
            "eps_latest_yearly": 0,
            "eps_growth_yearly": 0
        },
        "20014": {
            "year_quarter": 20014,
            "year": 2001,
            "quarter": 4,
            "eps": null,
            "eps_growth_year": null,
            "eps_4q": null,
            "eps_4q_growth_year": null,
            "roe": null,
            "roe_4q": 0,
            "gross_profit": null,
            "gross_margin": null,
            "gross_margin_4q_avg": 0,
            "net_income": null,
            "revenue": null,
            "common_shares": null,
            "book_valuer_per_share": null,
            "book_valuer_per_share_4q_avg": 0,
            "equity": null,
            "current_ratio": null,
            "debt_ratio": null,
            "inventory_turnover_ratio": null,
            "account_receivable_turnover_ratio": null,
            "reinvestment_rate": null,
            "research_to_sale_ratio": null,
            "price_fair": 0,
            "eps_avg_yearly": 0,
            "eps_latest_yearly": 0,
            "eps_growth_yearly": 0
        },
        "20021": {
            "year_quarter": 20021,
            "year": 2002,
            "quarter": 1,
            "eps": null,
            "eps_growth_year": null,
            "eps_4q": null,
            "eps_4q_growth_year": null,
            "roe": null,
            "roe_4q": 0,
            "gross_profit": null,
            "gross_margin": null,
            "gross_margin_4q_avg": 0,
            "net_income": null,
            "revenue": null,
            "common_shares": null,
            "book_valuer_per_share": null,
            "book_valuer_per_share_4q_avg": 0,
            "equity": null,
            "current_ratio": null,
            "debt_ratio": null,
            "inventory_turnover_ratio": null,
            "account_receivable_turnover_ratio": null,
            "reinvestment_rate": null,
            "research_to_sale_ratio": null,
            "price_fair": 0,
            "eps_avg_yearly": 0,
            "eps_latest_yearly": 0,
            "eps_growth_yearly": 0
        },
        "20022": {
            "year_quarter": 20022,
            "year": 2002,
            "quarter": 2,
            "eps": null,
            "eps_growth_year": null,
            "eps_4q": null,
            "eps_4q_growth_year": null,
            "roe": null,
            "roe_4q": 0,
            "gross_profit": null,
            "gross_margin": null,
            "gross_margin_4q_avg": 0,
            "net_income": null,
            "revenue": null,
            "common_shares": null,
            "book_valuer_per_share": null,
            "book_valuer_per_share_4q_avg": 0,
            "equity": null,
            "current_ratio": null,
            "debt_ratio": null,
            "inventory_turnover_ratio": null,
            "account_receivable_turnover_ratio": null,
            "reinvestment_rate": null,
            "research_to_sale_ratio": null,
            "price_fair": 0,
            "eps_avg_yearly": 0,
            "eps_latest_yearly": 0,
            "eps_growth_yearly": 0
        },
        "20023": {
            "year_quarter": 20023,
            "year": 2002,
            "quarter": 3,
            "eps": null,
            "eps_growth_year": null,
            "eps_4q": null,
            "eps_4q_growth_year": null,
            "roe": null,
            "roe_4q": 0,
            "gross_profit": null,
            "gross_margin": null,
            "gross_margin_4q_avg": 0,
            "net_income": null,
            "revenue": null,
            "common_shares": null,
            "book_valuer_per_share": null,
            "book_valuer_per_share_4q_avg": 0,
            "equity": null,
            "current_ratio": null,
            "debt_ratio": null,
            "inventory_turnover_ratio": null,
            "account_receivable_turnover_ratio": null,
            "reinvestment_rate": null,
            "research_to_sale_ratio": null,
            "price_fair": 0,
            "eps_avg_yearly": 0,
            "eps_latest_yearly": 0,
            "eps_growth_yearly": 0
        },
        "20024": {
            "year_quarter": 20024,
            "year": 2002,
            "quarter": 4,
            "eps": null,
            "eps_growth_year": null,
            "eps_4q": null,
            "eps_4q_growth_year": null,
            "roe": null,
            "roe_4q": 0,
            "gross_profit": null,
            "gross_margin": null,
            "gross_margin_4q_avg": 0,
            "net_income": null,
            "revenue": null,
            "common_shares": null,
            "book_valuer_per_share": null,
            "book_valuer_per_share_4q_avg": 0,
            "equity": null,
            "current_ratio": null,
            "debt_ratio": null,
            "inventory_turnover_ratio": null,
            "account_receivable_turnover_ratio": null,
            "reinvestment_rate": null,
            "research_to_sale_ratio": null,
            "price_fair": 0,
            "eps_avg_yearly": 0,
            "eps_latest_yearly": 0,
            "eps_growth_yearly": 0
        },
        "20031": {
            "year_quarter": 20031,
            "year": 2003,
            "quarter": 1,
            "eps": null,
            "eps_growth_year": null,
            "eps_4q": null,
            "eps_4q_growth_year": null,
            "roe": null,
            "roe_4q": 0,
            "gross_profit": null,
            "gross_margin": null,
            "gross_margin_4q_avg": 0,
            "net_income": null,
            "revenue": null,
            "common_shares": null,
            "book_valuer_per_share": null,
            "book_valuer_per_share_4q_avg": 0,
            "equity": null,
            "current_ratio": null,
            "debt_ratio": null,
            "inventory_turnover_ratio": null,
            "account_receivable_turnover_ratio": null,
            "reinvestment_rate": null,
            "research_to_sale_ratio": null,
            "price_fair": 0,
            "eps_avg_yearly": 0,
            "eps_latest_yearly": 0,
            "eps_growth_yearly": 0
        },
        "20032": {
            "year_quarter": 20032,
            "year": 2003,
            "quarter": 2,
            "eps": null,
            "eps_growth_year": null,
            "eps_4q": null,
            "eps_4q_growth_year": null,
            "roe": null,
            "roe_4q": 0,
            "gross_profit": null,
            "gross_margin": null,
            "gross_margin_4q_avg": 0,
            "net_income": null,
            "revenue": null,
            "common_shares": null,
            "book_valuer_per_share": null,
            "book_valuer_per_share_4q_avg": 0,
            "equity": null,
            "current_ratio": null,
            "debt_ratio": null,
            "inventory_turnover_ratio": null,
            "account_receivable_turnover_ratio": null,
            "reinvestment_rate": null,
            "research_to_sale_ratio": null,
            "price_fair": 0,
            "eps_avg_yearly": 0,
            "eps_latest_yearly": 0,
            "eps_growth_yearly": 0
        },
        "20033": {
            "year_quarter": 20033,
            "year": 2003,
            "quarter": 3,
            "eps": null,
            "eps_growth_year": null,
            "eps_4q": null,
            "eps_4q_growth_year": null,
            "roe": null,
            "roe_4q": 0,
            "gross_profit": null,
            "gross_margin": null,
            "gross_margin_4q_avg": 0,
            "net_income": null,
            "revenue": null,
            "common_shares": null,
            "book_valuer_per_share": null,
            "book_valuer_per_share_4q_avg": 0,
            "equity": null,
            "current_ratio": null,
            "debt_ratio": null,
            "inventory_turnover_ratio": null,
            "account_receivable_turnover_ratio": null,
            "reinvestment_rate": null,
            "research_to_sale_ratio": null,
            "price_fair": 0,
            "eps_avg_yearly": 0,
            "eps_latest_yearly": 0,
            "eps_growth_yearly": 0
        },
        "20034": {
            "year_quarter": 20034,
            "year": 2003,
            "quarter": 4,
            "eps": null,
            "eps_growth_year": null,
            "eps_4q": null,
            "eps_4q_growth_year": null,
            "roe": null,
            "roe_4q": 0,
            "gross_profit": null,
            "gross_margin": null,
            "gross_margin_4q_avg": 0,
            "net_income": null,
            "revenue": null,
            "common_shares": null,
            "book_valuer_per_share": null,
            "book_valuer_per_share_4q_avg": 0,
            "equity": null,
            "current_ratio": null,
            "debt_ratio": null,
            "inventory_turnover_ratio": null,
            "account_receivable_turnover_ratio": null,
            "reinvestment_rate": null,
            "research_to_sale_ratio": null,
            "price_fair": 0,
            "eps_avg_yearly": 0,
            "eps_latest_yearly": 0,
            "eps_growth_yearly": 0
        },
        "20041": {
            "year_quarter": 20041,
            "year": 2004,
            "quarter": 1,
            "eps": null,
            "eps_growth_year": null,
            "eps_4q": null,
            "eps_4q_growth_year": null,
            "roe": null,
            "roe_4q": 0,
            "gross_profit": null,
            "gross_margin": null,
            "gross_margin_4q_avg": 0,
            "net_income": null,
            "revenue": null,
            "common_shares": null,
            "book_valuer_per_share": null,
            "book_valuer_per_share_4q_avg": 0,
            "equity": null,
            "current_ratio": null,
            "debt_ratio": null,
            "inventory_turnover_ratio": null,
            "account_receivable_turnover_ratio": null,
            "reinvestment_rate": null,
            "research_to_sale_ratio": null,
            "price_fair": 0,
            "eps_avg_yearly": 0,
            "eps_latest_yearly": 0,
            "eps_growth_yearly": 0
        },
        "20042": {
            "year_quarter": 20042,
            "year": 2004,
            "quarter": 2,
            "eps": null,
            "eps_growth_year": null,
            "eps_4q": null,
            "eps_4q_growth_year": null,
            "roe": null,
            "roe_4q": 0,
            "gross_profit": null,
            "gross_margin": null,
            "gross_margin_4q_avg": 0,
            "net_income": null,
            "revenue": null,
            "common_shares": null,
            "book_valuer_per_share": null,
            "book_valuer_per_share_4q_avg": 0,
            "equity": null,
            "current_ratio": null,
            "debt_ratio": null,
            "inventory_turnover_ratio": null,
            "account_receivable_turnover_ratio": null,
            "reinvestment_rate": null,
            "research_to_sale_ratio": null,
            "price_fair": 0,
            "eps_avg_yearly": 0,
            "eps_latest_yearly": 0,
            "eps_growth_yearly": 0
        },
        "20043": {
            "year_quarter": 20043,
            "year": 2004,
            "quarter": 3,
            "eps": null,
            "eps_growth_year": null,
            "eps_4q": null,
            "eps_4q_growth_year": null,
            "roe": null,
            "roe_4q": 0,
            "gross_profit": null,
            "gross_margin": null,
            "gross_margin_4q_avg": 0,
            "net_income": null,
            "revenue": null,
            "common_shares": null,
            "book_valuer_per_share": null,
            "book_valuer_per_share_4q_avg": 0,
            "equity": null,
            "current_ratio": null,
            "debt_ratio": null,
            "inventory_turnover_ratio": null,
            "account_receivable_turnover_ratio": null,
            "reinvestment_rate": null,
            "research_to_sale_ratio": null,
            "price_fair": 0,
            "eps_avg_yearly": 0,
            "eps_latest_yearly": 0,
            "eps_growth_yearly": 0
        },
        "20044": {
            "year_quarter": 20044,
            "year": 2004,
            "quarter": 4,
            "eps": null,
            "eps_growth_year": null,
            "eps_4q": null,
            "eps_4q_growth_year": null,
            "roe": null,
            "roe_4q": 0,
            "gross_profit": null,
            "gross_margin": null,
            "gross_margin_4q_avg": 0,
            "net_income": null,
            "revenue": null,
            "common_shares": null,
            "book_valuer_per_share": null,
            "book_valuer_per_share_4q_avg": 0,
            "equity": null,
            "current_ratio": null,
            "debt_ratio": null,
            "inventory_turnover_ratio": null,
            "account_receivable_turnover_ratio": null,
            "reinvestment_rate": null,
            "research_to_sale_ratio": null,
            "price_fair": 0,
            "eps_avg_yearly": 0,
            "eps_latest_yearly": 0,
            "eps_growth_yearly": 0
        },
        "20051": {
            "year_quarter": 20051,
            "year": 2005,
            "quarter": 1,
            "eps": null,
            "eps_growth_year": null,
            "eps_4q": null,
            "eps_4q_growth_year": null,
            "roe": null,
            "roe_4q": 0,
            "gross_profit": null,
            "gross_margin": null,
            "gross_margin_4q_avg": 0,
            "net_income": null,
            "revenue": null,
            "common_shares": null,
            "book_valuer_per_share": null,
            "book_valuer_per_share_4q_avg": 0,
            "equity": null,
            "current_ratio": null,
            "debt_ratio": null,
            "inventory_turnover_ratio": null,
            "account_receivable_turnover_ratio": null,
            "reinvestment_rate": null,
            "research_to_sale_ratio": null,
            "price_fair": 0,
            "eps_avg_yearly": 0,
            "eps_latest_yearly": 0,
            "eps_growth_yearly": 0
        },
        "20052": {
            "year_quarter": 20052,
            "year": 2005,
            "quarter": 2,
            "eps": null,
            "eps_growth_year": null,
            "eps_4q": null,
            "eps_4q_growth_year": null,
            "roe": null,
            "roe_4q": 0,
            "gross_profit": null,
            "gross_margin": null,
            "gross_margin_4q_avg": 0,
            "net_income": null,
            "revenue": null,
            "common_shares": null,
            "book_valuer_per_share": null,
            "book_valuer_per_share_4q_avg": 0,
            "equity": null,
            "current_ratio": null,
            "debt_ratio": null,
            "inventory_turnover_ratio": null,
            "account_receivable_turnover_ratio": null,
            "reinvestment_rate": null,
            "research_to_sale_ratio": null,
            "price_fair": 0,
            "eps_avg_yearly": 0,
            "eps_latest_yearly": 0,
            "eps_growth_yearly": 0
        },
        "20053": {
            "year_quarter": 20053,
            "year": 2005,
            "quarter": 3,
            "eps": null,
            "eps_growth_year": null,
            "eps_4q": null,
            "eps_4q_growth_year": null,
            "roe": null,
            "roe_4q": 0,
            "gross_profit": null,
            "gross_margin": null,
            "gross_margin_4q_avg": 0,
            "net_income": null,
            "revenue": null,
            "common_shares": null,
            "book_valuer_per_share": null,
            "book_valuer_per_share_4q_avg": 0,
            "equity": null,
            "current_ratio": null,
            "debt_ratio": null,
            "inventory_turnover_ratio": null,
            "account_receivable_turnover_ratio": null,
            "reinvestment_rate": null,
            "research_to_sale_ratio": null,
            "price_fair": 0,
            "eps_avg_yearly": 0,
            "eps_latest_yearly": 0,
            "eps_growth_yearly": 0
        },
        "20054": {
            "year_quarter": 20054,
            "year": 2005,
            "quarter": 4,
            "eps": null,
            "eps_growth_year": null,
            "eps_4q": null,
            "eps_4q_growth_year": null,
            "roe": null,
            "roe_4q": 0,
            "gross_profit": null,
            "gross_margin": null,
            "gross_margin_4q_avg": 0,
            "net_income": null,
            "revenue": null,
            "common_shares": null,
            "book_valuer_per_share": null,
            "book_valuer_per_share_4q_avg": 0,
            "equity": null,
            "current_ratio": null,
            "debt_ratio": null,
            "inventory_turnover_ratio": null,
            "account_receivable_turnover_ratio": null,
            "reinvestment_rate": null,
            "research_to_sale_ratio": null,
            "price_fair": 0,
            "eps_avg_yearly": 0,
            "eps_latest_yearly": 0,
            "eps_growth_yearly": 0
        },
        "20061": {
            "year_quarter": 20061,
            "year": 2006,
            "quarter": 1,
            "eps": null,
            "eps_growth_year": null,
            "eps_4q": null,
            "eps_4q_growth_year": null,
            "roe": null,
            "roe_4q": 0,
            "gross_profit": null,
            "gross_margin": null,
            "gross_margin_4q_avg": 0,
            "net_income": null,
            "revenue": null,
            "common_shares": null,
            "book_valuer_per_share": null,
            "book_valuer_per_share_4q_avg": 0,
            "equity": null,
            "current_ratio": null,
            "debt_ratio": null,
            "inventory_turnover_ratio": null,
            "account_receivable_turnover_ratio": null,
            "reinvestment_rate": null,
            "research_to_sale_ratio": null,
            "price_fair": 0,
            "eps_avg_yearly": 0,
            "eps_latest_yearly": 0,
            "eps_growth_yearly": 0
        },
        "20062": {
            "year_quarter": 20062,
            "year": 2006,
            "quarter": 2,
            "eps": null,
            "eps_growth_year": null,
            "eps_4q": null,
            "eps_4q_growth_year": null,
            "roe": null,
            "roe_4q": 0,
            "gross_profit": null,
            "gross_margin": null,
            "gross_margin_4q_avg": 0,
            "net_income": null,
            "revenue": null,
            "common_shares": null,
            "book_valuer_per_share": null,
            "book_valuer_per_share_4q_avg": 0,
            "equity": null,
            "current_ratio": null,
            "debt_ratio": null,
            "inventory_turnover_ratio": null,
            "account_receivable_turnover_ratio": null,
            "reinvestment_rate": null,
            "research_to_sale_ratio": null,
            "price_fair": 0,
            "eps_avg_yearly": 0,
            "eps_latest_yearly": 0,
            "eps_growth_yearly": 0
        },
        "20063": {
            "year_quarter": 20063,
            "year": 2006,
            "quarter": 3,
            "eps": null,
            "eps_growth_year": null,
            "eps_4q": null,
            "eps_4q_growth_year": null,
            "roe": null,
            "roe_4q": 0,
            "gross_profit": null,
            "gross_margin": null,
            "gross_margin_4q_avg": 0,
            "net_income": null,
            "revenue": null,
            "common_shares": null,
            "book_valuer_per_share": null,
            "book_valuer_per_share_4q_avg": 0,
            "equity": null,
            "current_ratio": null,
            "debt_ratio": null,
            "inventory_turnover_ratio": null,
            "account_receivable_turnover_ratio": null,
            "reinvestment_rate": null,
            "research_to_sale_ratio": null,
            "price_fair": 0,
            "eps_avg_yearly": 0,
            "eps_latest_yearly": 0,
            "eps_growth_yearly": 0
        },
        "20064": {
            "year_quarter": 20064,
            "year": 2006,
            "quarter": 4,
            "eps": null,
            "eps_growth_year": null,
            "eps_4q": null,
            "eps_4q_growth_year": null,
            "roe": null,
            "roe_4q": 0,
            "gross_profit": null,
            "gross_margin": null,
            "gross_margin_4q_avg": 0,
            "net_income": null,
            "revenue": null,
            "common_shares": null,
            "book_valuer_per_share": null,
            "book_valuer_per_share_4q_avg": 0,
            "equity": null,
            "current_ratio": null,
            "debt_ratio": null,
            "inventory_turnover_ratio": null,
            "account_receivable_turnover_ratio": null,
            "reinvestment_rate": null,
            "research_to_sale_ratio": null,
            "price_fair": 0,
            "eps_avg_yearly": 0,
            "eps_latest_yearly": 0,
            "eps_growth_yearly": 0
        },
        "20071": {
            "year_quarter": 20071,
            "year": 2007,
            "quarter": 1,
            "eps": null,
            "eps_growth_year": null,
            "eps_4q": null,
            "eps_4q_growth_year": null,
            "roe": null,
            "roe_4q": 0,
            "gross_profit": null,
            "gross_margin": null,
            "gross_margin_4q_avg": 0,
            "net_income": null,
            "revenue": null,
            "common_shares": null,
            "book_valuer_per_share": null,
            "book_valuer_per_share_4q_avg": 0,
            "equity": null,
            "current_ratio": null,
            "debt_ratio": null,
            "inventory_turnover_ratio": null,
            "account_receivable_turnover_ratio": null,
            "reinvestment_rate": null,
            "research_to_sale_ratio": null,
            "price_fair": 0,
            "eps_avg_yearly": 0,
            "eps_latest_yearly": 0,
            "eps_growth_yearly": 0
        },
        "20072": {
            "year_quarter": 20072,
            "year": 2007,
            "quarter": 2,
            "eps": null,
            "eps_growth_year": null,
            "eps_4q": null,
            "eps_4q_growth_year": null,
            "roe": null,
            "roe_4q": 0,
            "gross_profit": null,
            "gross_margin": null,
            "gross_margin_4q_avg": 0,
            "net_income": null,
            "revenue": null,
            "common_shares": null,
            "book_valuer_per_share": null,
            "book_valuer_per_share_4q_avg": 0,
            "equity": null,
            "current_ratio": null,
            "debt_ratio": null,
            "inventory_turnover_ratio": null,
            "account_receivable_turnover_ratio": null,
            "reinvestment_rate": null,
            "research_to_sale_ratio": null,
            "price_fair": 0,
            "eps_avg_yearly": 0,
            "eps_latest_yearly": 0,
            "eps_growth_yearly": 0
        },
        "20073": {
            "year_quarter": 20073,
            "year": 2007,
            "quarter": 3,
            "eps": null,
            "eps_growth_year": null,
            "eps_4q": null,
            "eps_4q_growth_year": null,
            "roe": null,
            "roe_4q": 0,
            "gross_profit": null,
            "gross_margin": null,
            "gross_margin_4q_avg": 0,
            "net_income": null,
            "revenue": null,
            "common_shares": null,
            "book_valuer_per_share": null,
            "book_valuer_per_share_4q_avg": 0,
            "equity": null,
            "current_ratio": null,
            "debt_ratio": null,
            "inventory_turnover_ratio": null,
            "account_receivable_turnover_ratio": null,
            "reinvestment_rate": null,
            "research_to_sale_ratio": null,
            "price_fair": 0,
            "eps_avg_yearly": 0,
            "eps_latest_yearly": 0,
            "eps_growth_yearly": 0
        },
        "20074": {
            "year_quarter": 20074,
            "year": 2007,
            "quarter": 4,
            "eps": null,
            "eps_growth_year": null,
            "eps_4q": null,
            "eps_4q_growth_year": null,
            "roe": null,
            "roe_4q": 0,
            "gross_profit": null,
            "gross_margin": null,
            "gross_margin_4q_avg": 0,
            "net_income": null,
            "revenue": null,
            "common_shares": null,
            "book_valuer_per_share": null,
            "book_valuer_per_share_4q_avg": 0,
            "equity": null,
            "current_ratio": null,
            "debt_ratio": null,
            "inventory_turnover_ratio": null,
            "account_receivable_turnover_ratio": null,
            "reinvestment_rate": null,
            "research_to_sale_ratio": null,
            "price_fair": 0,
            "eps_avg_yearly": 0,
            "eps_latest_yearly": 0,
            "eps_growth_yearly": 0
        },
        "20081": {
            "year_quarter": 20081,
            "year": 2008,
            "quarter": 1,
            "eps": null,
            "eps_growth_year": null,
            "eps_4q": null,
            "eps_4q_growth_year": null,
            "roe": null,
            "roe_4q": 0,
            "gross_profit": null,
            "gross_margin": null,
            "gross_margin_4q_avg": 0,
            "net_income": null,
            "revenue": null,
            "common_shares": null,
            "book_valuer_per_share": null,
            "book_valuer_per_share_4q_avg": 0,
            "equity": null,
            "current_ratio": null,
            "debt_ratio": null,
            "inventory_turnover_ratio": null,
            "account_receivable_turnover_ratio": null,
            "reinvestment_rate": null,
            "research_to_sale_ratio": null,
            "price_fair": 0,
            "eps_avg_yearly": 0,
            "eps_latest_yearly": 0,
            "eps_growth_yearly": 0
        },
        "20082": {
            "year_quarter": 20082,
            "year": 2008,
            "quarter": 2,
            "eps": null,
            "eps_growth_year": null,
            "eps_4q": null,
            "eps_4q_growth_year": null,
            "roe": null,
            "roe_4q": 0,
            "gross_profit": null,
            "gross_margin": null,
            "gross_margin_4q_avg": 0,
            "net_income": null,
            "revenue": null,
            "common_shares": null,
            "book_valuer_per_share": null,
            "book_valuer_per_share_4q_avg": 0,
            "equity": null,
            "current_ratio": null,
            "debt_ratio": null,
            "inventory_turnover_ratio": null,
            "account_receivable_turnover_ratio": null,
            "reinvestment_rate": null,
            "research_to_sale_ratio": null,
            "price_fair": 0,
            "eps_avg_yearly": 0,
            "eps_latest_yearly": 0,
            "eps_growth_yearly": 0
        },
        "20083": {
            "year_quarter": 20083,
            "year": 2008,
            "quarter": 3,
            "eps": null,
            "eps_growth_year": null,
            "eps_4q": null,
            "eps_4q_growth_year": null,
            "roe": null,
            "roe_4q": 0,
            "gross_profit": null,
            "gross_margin": null,
            "gross_margin_4q_avg": 0,
            "net_income": null,
            "revenue": null,
            "common_shares": null,
            "book_valuer_per_share": null,
            "book_valuer_per_share_4q_avg": 0,
            "equity": null,
            "current_ratio": null,
            "debt_ratio": null,
            "inventory_turnover_ratio": null,
            "account_receivable_turnover_ratio": null,
            "reinvestment_rate": null,
            "research_to_sale_ratio": null,
            "price_fair": 0,
            "eps_avg_yearly": 0,
            "eps_latest_yearly": 0,
            "eps_growth_yearly": 0
        },
        "20084": {
            "year_quarter": 20084,
            "year": 2008,
            "quarter": 4,
            "eps": null,
            "eps_growth_year": null,
            "eps_4q": null,
            "eps_4q_growth_year": null,
            "roe": null,
            "roe_4q": 0,
            "gross_profit": null,
            "gross_margin": null,
            "gross_margin_4q_avg": 0,
            "net_income": null,
            "revenue": null,
            "common_shares": null,
            "book_valuer_per_share": null,
            "book_valuer_per_share_4q_avg": 0,
            "equity": null,
            "current_ratio": null,
            "debt_ratio": null,
            "inventory_turnover_ratio": null,
            "account_receivable_turnover_ratio": null,
            "reinvestment_rate": null,
            "research_to_sale_ratio": null,
            "price_fair": 0,
            "eps_avg_yearly": 0,
            "eps_latest_yearly": 0,
            "eps_growth_yearly": 0
        },
        "20091": {
            "year_quarter": 20091,
            "year": 2009,
            "quarter": 1,
            "eps": null,
            "eps_growth_year": null,
            "eps_4q": null,
            "eps_4q_growth_year": null,
            "roe": null,
            "roe_4q": 0,
            "gross_profit": null,
            "gross_margin": null,
            "gross_margin_4q_avg": 0,
            "net_income": null,
            "revenue": null,
            "common_shares": null,
            "book_valuer_per_share": null,
            "book_valuer_per_share_4q_avg": 0,
            "equity": null,
            "current_ratio": null,
            "debt_ratio": null,
            "inventory_turnover_ratio": null,
            "account_receivable_turnover_ratio": null,
            "reinvestment_rate": null,
            "research_to_sale_ratio": null,
            "price_fair": 0,
            "eps_avg_yearly": 0,
            "eps_latest_yearly": 0,
            "eps_growth_yearly": 0
        },
        "20092": {
            "year_quarter": 20092,
            "year": 2009,
            "quarter": 2,
            "eps": null,
            "eps_growth_year": null,
            "eps_4q": null,
            "eps_4q_growth_year": null,
            "roe": null,
            "roe_4q": 0,
            "gross_profit": null,
            "gross_margin": null,
            "gross_margin_4q_avg": 0,
            "net_income": null,
            "revenue": null,
            "common_shares": null,
            "book_valuer_per_share": null,
            "book_valuer_per_share_4q_avg": 0,
            "equity": null,
            "current_ratio": null,
            "debt_ratio": null,
            "inventory_turnover_ratio": null,
            "account_receivable_turnover_ratio": null,
            "reinvestment_rate": null,
            "research_to_sale_ratio": null,
            "price_fair": 0,
            "eps_avg_yearly": 0,
            "eps_latest_yearly": 0,
            "eps_growth_yearly": 0
        },
        "20093": {
            "year_quarter": 20093,
            "year": 2009,
            "quarter": 3,
            "eps": null,
            "eps_growth_year": null,
            "eps_4q": null,
            "eps_4q_growth_year": null,
            "roe": null,
            "roe_4q": 0,
            "gross_profit": null,
            "gross_margin": null,
            "gross_margin_4q_avg": 0,
            "net_income": null,
            "revenue": null,
            "common_shares": null,
            "book_valuer_per_share": null,
            "book_valuer_per_share_4q_avg": 0,
            "equity": null,
            "current_ratio": null,
            "debt_ratio": null,
            "inventory_turnover_ratio": null,
            "account_receivable_turnover_ratio": null,
            "reinvestment_rate": null,
            "research_to_sale_ratio": null,
            "price_fair": 0,
            "eps_avg_yearly": 0,
            "eps_latest_yearly": 0,
            "eps_growth_yearly": 0
        },
        "20094": {
            "year_quarter": 20094,
            "year": 2009,
            "quarter": 4,
            "eps": null,
            "eps_growth_year": null,
            "eps_4q": null,
            "eps_4q_growth_year": null,
            "roe": null,
            "roe_4q": 0,
            "gross_profit": null,
            "gross_margin": null,
            "gross_margin_4q_avg": 0,
            "net_income": null,
            "revenue": null,
            "common_shares": null,
            "book_valuer_per_share": null,
            "book_valuer_per_share_4q_avg": 0,
            "equity": null,
            "current_ratio": null,
            "debt_ratio": null,
            "inventory_turnover_ratio": null,
            "account_receivable_turnover_ratio": null,
            "reinvestment_rate": null,
            "research_to_sale_ratio": null,
            "price_fair": 0,
            "eps_avg_yearly": 0,
            "eps_latest_yearly": 0,
            "eps_growth_yearly": 0
        },
        "20101": {
            "year_quarter": 20101,
            "year": 2010,
            "quarter": 1,
            "eps": null,
            "eps_growth_year": null,
            "eps_4q": null,
            "eps_4q_growth_year": null,
            "roe": null,
            "roe_4q": 0,
            "gross_profit": null,
            "gross_margin": null,
            "gross_margin_4q_avg": 0,
            "net_income": null,
            "revenue": null,
            "common_shares": null,
            "book_valuer_per_share": null,
            "book_valuer_per_share_4q_avg": 0,
            "equity": null,
            "current_ratio": null,
            "debt_ratio": null,
            "inventory_turnover_ratio": null,
            "account_receivable_turnover_ratio": null,
            "reinvestment_rate": null,
            "research_to_sale_ratio": null,
            "price_fair": 0,
            "eps_avg_yearly": 0,
            "eps_latest_yearly": 0,
            "eps_growth_yearly": 0
        },
        "20102": {
            "year_quarter": 20102,
            "year": 2010,
            "quarter": 2,
            "eps": null,
            "eps_growth_year": null,
            "eps_4q": null,
            "eps_4q_growth_year": null,
            "roe": null,
            "roe_4q": 0,
            "gross_profit": null,
            "gross_margin": null,
            "gross_margin_4q_avg": 0,
            "net_income": null,
            "revenue": null,
            "common_shares": null,
            "book_valuer_per_share": null,
            "book_valuer_per_share_4q_avg": 0,
            "equity": null,
            "current_ratio": null,
            "debt_ratio": null,
            "inventory_turnover_ratio": null,
            "account_receivable_turnover_ratio": null,
            "reinvestment_rate": null,
            "research_to_sale_ratio": null,
            "price_fair": 0,
            "eps_avg_yearly": 0,
            "eps_latest_yearly": 0,
            "eps_growth_yearly": 0
        },
        "20103": {
            "year_quarter": 20103,
            "year": 2010,
            "quarter": 3,
            "eps": null,
            "eps_growth_year": null,
            "eps_4q": null,
            "eps_4q_growth_year": null,
            "roe": null,
            "roe_4q": 0,
            "gross_profit": null,
            "gross_margin": null,
            "gross_margin_4q_avg": 0,
            "net_income": null,
            "revenue": null,
            "common_shares": null,
            "book_valuer_per_share": null,
            "book_valuer_per_share_4q_avg": 0,
            "equity": null,
            "current_ratio": null,
            "debt_ratio": null,
            "inventory_turnover_ratio": null,
            "account_receivable_turnover_ratio": null,
            "reinvestment_rate": null,
            "research_to_sale_ratio": null,
            "price_fair": 0,
            "eps_avg_yearly": 0,
            "eps_latest_yearly": 0,
            "eps_growth_yearly": 0
        },
        "20104": {
            "year_quarter": 20104,
            "year": 2010,
            "quarter": 4,
            "eps": null,
            "eps_growth_year": null,
            "eps_4q": null,
            "eps_4q_growth_year": null,
            "roe": null,
            "roe_4q": 0,
            "gross_profit": null,
            "gross_margin": null,
            "gross_margin_4q_avg": 0,
            "net_income": null,
            "revenue": null,
            "common_shares": null,
            "book_valuer_per_share": null,
            "book_valuer_per_share_4q_avg": 0,
            "equity": null,
            "current_ratio": null,
            "debt_ratio": null,
            "inventory_turnover_ratio": null,
            "account_receivable_turnover_ratio": null,
            "reinvestment_rate": null,
            "research_to_sale_ratio": null,
            "price_fair": 0,
            "eps_avg_yearly": 0,
            "eps_latest_yearly": 0,
            "eps_growth_yearly": 0
        },
        "20111": {
            "year_quarter": 20111,
            "year": 2011,
            "quarter": 1,
            "eps": null,
            "eps_growth_year": null,
            "eps_4q": null,
            "eps_4q_growth_year": null,
            "roe": null,
            "roe_4q": 0,
            "gross_profit": null,
            "gross_margin": null,
            "gross_margin_4q_avg": 0,
            "net_income": null,
            "revenue": null,
            "common_shares": null,
            "book_valuer_per_share": null,
            "book_valuer_per_share_4q_avg": 0,
            "equity": null,
            "current_ratio": null,
            "debt_ratio": null,
            "inventory_turnover_ratio": null,
            "account_receivable_turnover_ratio": null,
            "reinvestment_rate": null,
            "research_to_sale_ratio": null,
            "price_fair": 0,
            "eps_avg_yearly": 0,
            "eps_latest_yearly": 0,
            "eps_growth_yearly": 0
        },
        "20112": {
            "year_quarter": 20112,
            "year": 2011,
            "quarter": 2,
            "eps": null,
            "eps_growth_year": null,
            "eps_4q": null,
            "eps_4q_growth_year": null,
            "roe": null,
            "roe_4q": 0,
            "gross_profit": null,
            "gross_margin": null,
            "gross_margin_4q_avg": 0,
            "net_income": null,
            "revenue": null,
            "common_shares": null,
            "book_valuer_per_share": null,
            "book_valuer_per_share_4q_avg": 0,
            "equity": null,
            "current_ratio": null,
            "debt_ratio": null,
            "inventory_turnover_ratio": null,
            "account_receivable_turnover_ratio": null,
            "reinvestment_rate": null,
            "research_to_sale_ratio": null,
            "price_fair": 0,
            "eps_avg_yearly": 0,
            "eps_latest_yearly": 0,
            "eps_growth_yearly": 0
        },
        "20113": {
            "year_quarter": 20113,
            "year": 2011,
            "quarter": 3,
            "eps": null,
            "eps_growth_year": null,
            "eps_4q": null,
            "eps_4q_growth_year": null,
            "roe": null,
            "roe_4q": 0,
            "gross_profit": null,
            "gross_margin": null,
            "gross_margin_4q_avg": 0,
            "net_income": null,
            "revenue": null,
            "common_shares": null,
            "book_valuer_per_share": null,
            "book_valuer_per_share_4q_avg": 0,
            "equity": null,
            "current_ratio": null,
            "debt_ratio": null,
            "inventory_turnover_ratio": null,
            "account_receivable_turnover_ratio": null,
            "reinvestment_rate": null,
            "research_to_sale_ratio": null,
            "price_fair": 0,
            "eps_avg_yearly": 0,
            "eps_latest_yearly": 0,
            "eps_growth_yearly": 0
        },
        "20114": {
            "year_quarter": 20114,
            "year": 2011,
            "quarter": 4,
            "eps": null,
            "eps_growth_year": null,
            "eps_4q": null,
            "eps_4q_growth_year": null,
            "roe": null,
            "roe_4q": 0,
            "gross_profit": null,
            "gross_margin": null,
            "gross_margin_4q_avg": 0,
            "net_income": null,
            "revenue": null,
            "common_shares": null,
            "book_valuer_per_share": null,
            "book_valuer_per_share_4q_avg": 0,
            "equity": null,
            "current_ratio": null,
            "debt_ratio": null,
            "inventory_turnover_ratio": null,
            "account_receivable_turnover_ratio": null,
            "reinvestment_rate": null,
            "research_to_sale_ratio": null,
            "price_fair": 0,
            "eps_avg_yearly": 0,
            "eps_latest_yearly": 0,
            "eps_growth_yearly": 0
        },
        "20121": {
            "year_quarter": 20121,
            "year": 2012,
            "quarter": 1,
            "eps": null,
            "eps_growth_year": null,
            "eps_4q": null,
            "eps_4q_growth_year": null,
            "roe": null,
            "roe_4q": 0,
            "gross_profit": null,
            "gross_margin": null,
            "gross_margin_4q_avg": 0,
            "net_income": null,
            "revenue": null,
            "common_shares": null,
            "book_valuer_per_share": null,
            "book_valuer_per_share_4q_avg": 0,
            "equity": null,
            "current_ratio": null,
            "debt_ratio": null,
            "inventory_turnover_ratio": null,
            "account_receivable_turnover_ratio": null,
            "reinvestment_rate": null,
            "research_to_sale_ratio": null,
            "price_fair": 0,
            "eps_avg_yearly": 0,
            "eps_latest_yearly": 0,
            "eps_growth_yearly": 0
        },
        "20122": {
            "year_quarter": 20122,
            "year": 2012,
            "quarter": 2,
            "eps": null,
            "eps_growth_year": null,
            "eps_4q": null,
            "eps_4q_growth_year": null,
            "roe": null,
            "roe_4q": 0,
            "gross_profit": null,
            "gross_margin": null,
            "gross_margin_4q_avg": 0,
            "net_income": null,
            "revenue": null,
            "common_shares": null,
            "book_valuer_per_share": null,
            "book_valuer_per_share_4q_avg": 0,
            "equity": null,
            "current_ratio": null,
            "debt_ratio": null,
            "inventory_turnover_ratio": null,
            "account_receivable_turnover_ratio": null,
            "reinvestment_rate": null,
            "research_to_sale_ratio": null,
            "price_fair": 0,
            "eps_avg_yearly": 0,
            "eps_latest_yearly": 0,
            "eps_growth_yearly": 0
        },
        "20123": {
            "year_quarter": 20123,
            "year": 2012,
            "quarter": 3,
            "eps": null,
            "eps_growth_year": null,
            "eps_4q": null,
            "eps_4q_growth_year": null,
            "roe": null,
            "roe_4q": 0,
            "gross_profit": null,
            "gross_margin": null,
            "gross_margin_4q_avg": 0,
            "net_income": null,
            "revenue": null,
            "common_shares": null,
            "book_valuer_per_share": null,
            "book_valuer_per_share_4q_avg": 0,
            "equity": null,
            "current_ratio": null,
            "debt_ratio": null,
            "inventory_turnover_ratio": null,
            "account_receivable_turnover_ratio": null,
            "reinvestment_rate": null,
            "research_to_sale_ratio": null,
            "price_fair": 0,
            "eps_avg_yearly": 0,
            "eps_latest_yearly": 0,
            "eps_growth_yearly": 0
        },
        "20124": {
            "year_quarter": 20124,
            "year": 2012,
            "quarter": 4,
            "eps": null,
            "eps_growth_year": null,
            "eps_4q": null,
            "eps_4q_growth_year": null,
            "roe": null,
            "roe_4q": 0,
            "gross_profit": null,
            "gross_margin": null,
            "gross_margin_4q_avg": 0,
            "net_income": null,
            "revenue": null,
            "common_shares": null,
            "book_valuer_per_share": null,
            "book_valuer_per_share_4q_avg": 0,
            "equity": null,
            "current_ratio": null,
            "debt_ratio": null,
            "inventory_turnover_ratio": null,
            "account_receivable_turnover_ratio": null,
            "reinvestment_rate": null,
            "research_to_sale_ratio": null,
            "price_fair": 0,
            "eps_avg_yearly": 0,
            "eps_latest_yearly": 0,
            "eps_growth_yearly": 0
        },
        "20131": {
            "year_quarter": 20131,
            "year": 2013,
            "quarter": 1,
            "eps": null,
            "eps_growth_year": null,
            "eps_4q": null,
            "eps_4q_growth_year": null,
            "roe": null,
            "roe_4q": 0,
            "gross_profit": null,
            "gross_margin": null,
            "gross_margin_4q_avg": 0,
            "net_income": null,
            "revenue": null,
            "common_shares": null,
            "book_valuer_per_share": null,
            "book_valuer_per_share_4q_avg": 0,
            "equity": null,
            "current_ratio": null,
            "debt_ratio": null,
            "inventory_turnover_ratio": null,
            "account_receivable_turnover_ratio": null,
            "reinvestment_rate": null,
            "research_to_sale_ratio": null,
            "price_fair": 0,
            "eps_avg_yearly": 0,
            "eps_latest_yearly": 0,
            "eps_growth_yearly": 0
        },
        "20132": {
            "year_quarter": 20132,
            "year": 2013,
            "quarter": 2,
            "eps": null,
            "eps_growth_year": null,
            "eps_4q": null,
            "eps_4q_growth_year": null,
            "roe": null,
            "roe_4q": 0,
            "gross_profit": null,
            "gross_margin": null,
            "gross_margin_4q_avg": 0,
            "net_income": null,
            "revenue": null,
            "common_shares": null,
            "book_valuer_per_share": null,
            "book_valuer_per_share_4q_avg": 0,
            "equity": null,
            "current_ratio": null,
            "debt_ratio": null,
            "inventory_turnover_ratio": null,
            "account_receivable_turnover_ratio": null,
            "reinvestment_rate": null,
            "research_to_sale_ratio": null,
            "price_fair": 0,
            "eps_avg_yearly": 0,
            "eps_latest_yearly": 0,
            "eps_growth_yearly": 0
        },
        "20133": {
            "year_quarter": 20133,
            "year": 2013,
            "quarter": 3,
            "eps": null,
            "eps_growth_year": null,
            "eps_4q": null,
            "eps_4q_growth_year": null,
            "roe": null,
            "roe_4q": 0,
            "gross_profit": null,
            "gross_margin": null,
            "gross_margin_4q_avg": 0,
            "net_income": null,
            "revenue": null,
            "common_shares": null,
            "book_valuer_per_share": null,
            "book_valuer_per_share_4q_avg": 0,
            "equity": null,
            "current_ratio": null,
            "debt_ratio": null,
            "inventory_turnover_ratio": null,
            "account_receivable_turnover_ratio": null,
            "reinvestment_rate": null,
            "research_to_sale_ratio": null,
            "price_fair": 0,
            "eps_avg_yearly": 0,
            "eps_latest_yearly": 0,
            "eps_growth_yearly": 0
        },
        "20134": {
            "year_quarter": 20134,
            "year": 2013,
            "quarter": 4,
            "eps": null,
            "eps_growth_year": null,
            "eps_4q": null,
            "eps_4q_growth_year": null,
            "roe": null,
            "roe_4q": 0,
            "gross_profit": null,
            "gross_margin": null,
            "gross_margin_4q_avg": 0,
            "net_income": null,
            "revenue": null,
            "common_shares": null,
            "book_valuer_per_share": null,
            "book_valuer_per_share_4q_avg": 0,
            "equity": null,
            "current_ratio": null,
            "debt_ratio": null,
            "inventory_turnover_ratio": null,
            "account_receivable_turnover_ratio": null,
            "reinvestment_rate": null,
            "research_to_sale_ratio": null,
            "price_fair": 0,
            "eps_avg_yearly": 0,
            "eps_latest_yearly": 0,
            "eps_growth_yearly": 0
        },
        "20141": {
            "year_quarter": 20141,
            "year": 2014,
            "quarter": 1,
            "eps": null,
            "eps_growth_year": null,
            "eps_4q": null,
            "eps_4q_growth_year": null,
            "roe": null,
            "roe_4q": 0,
            "gross_profit": null,
            "gross_margin": null,
            "gross_margin_4q_avg": 0,
            "net_income": null,
            "revenue": null,
            "common_shares": null,
            "book_valuer_per_share": null,
            "book_valuer_per_share_4q_avg": 0,
            "equity": null,
            "current_ratio": null,
            "debt_ratio": null,
            "inventory_turnover_ratio": null,
            "account_receivable_turnover_ratio": null,
            "reinvestment_rate": null,
            "research_to_sale_ratio": null,
            "price_fair": 0,
            "eps_avg_yearly": 0,
            "eps_latest_yearly": 0,
            "eps_growth_yearly": 0
        },
        "20142": {
            "year_quarter": 20142,
            "year": 2014,
            "quarter": 2,
            "eps": null,
            "eps_growth_year": null,
            "eps_4q": null,
            "eps_4q_growth_year": null,
            "roe": null,
            "roe_4q": 0,
            "gross_profit": null,
            "gross_margin": null,
            "gross_margin_4q_avg": 0,
            "net_income": null,
            "revenue": null,
            "common_shares": 300000,
            "book_valuer_per_share": null,
            "book_valuer_per_share_4q_avg": 0,
            "equity": 345496,
            "current_ratio": null,
            "debt_ratio": null,
            "inventory_turnover_ratio": null,
            "account_receivable_turnover_ratio": null,
            "reinvestment_rate": null,
            "research_to_sale_ratio": null,
            "price_fair": 0,
            "eps_avg_yearly": 0,
            "eps_latest_yearly": 0,
            "eps_growth_yearly": 0
        },
        "20143": {
            "year_quarter": 20143,
            "year": 2014,
            "quarter": 3,
            "eps": null,
            "eps_growth_year": null,
            "eps_4q": null,
            "eps_4q_growth_year": null,
            "roe": null,
            "roe_4q": 0,
            "gross_profit": null,
            "gross_margin": null,
            "gross_margin_4q_avg": 0,
            "net_income": null,
            "revenue": null,
            "common_shares": null,
            "book_valuer_per_share": null,
            "book_valuer_per_share_4q_avg": 0,
            "equity": null,
            "current_ratio": null,
            "debt_ratio": null,
            "inventory_turnover_ratio": null,
            "account_receivable_turnover_ratio": null,
            "reinvestment_rate": null,
            "research_to_sale_ratio": null,
            "price_fair": 0,
            "eps_avg_yearly": 0,
            "eps_latest_yearly": 0,
            "eps_growth_yearly": 0
        },
        "20144": {
            "year_quarter": 20144,
            "year": 2014,
            "quarter": 4,
            "eps": null,
            "eps_growth_year": null,
            "eps_4q": null,
            "eps_4q_growth_year": null,
            "roe": null,
            "roe_4q": 0,
            "gross_profit": null,
            "gross_margin": null,
            "gross_margin_4q_avg": 0,
            "net_income": null,
            "revenue": null,
            "common_shares": 300000,
            "book_valuer_per_share": null,
            "book_valuer_per_share_4q_avg": 0,
            "equity": 380545,
            "current_ratio": null,
            "debt_ratio": null,
            "inventory_turnover_ratio": null,
            "account_receivable_turnover_ratio": null,
            "reinvestment_rate": null,
            "research_to_sale_ratio": null,
            "price_fair": 0,
            "eps_avg_yearly": 0,
            "eps_latest_yearly": 0,
            "eps_growth_yearly": 0
        },
        "20151": {
            "year_quarter": 20151,
            "year": 2015,
            "quarter": 1,
            "eps": null,
            "eps_growth_year": null,
            "eps_4q": null,
            "eps_4q_growth_year": null,
            "roe": null,
            "roe_4q": 0,
            "gross_profit": null,
            "gross_margin": null,
            "gross_margin_4q_avg": 0,
            "net_income": null,
            "revenue": null,
            "common_shares": null,
            "book_valuer_per_share": null,
            "book_valuer_per_share_4q_avg": 0,
            "equity": null,
            "current_ratio": null,
            "debt_ratio": null,
            "inventory_turnover_ratio": null,
            "account_receivable_turnover_ratio": null,
            "reinvestment_rate": null,
            "research_to_sale_ratio": null,
            "price_fair": 0,
            "eps_avg_yearly": 0,
            "eps_latest_yearly": 0,
            "eps_growth_yearly": 0
        },
        "20152": {
            "year_quarter": 20152,
            "year": 2015,
            "quarter": 2,
            "eps": null,
            "eps_growth_year": null,
            "eps_4q": null,
            "eps_4q_growth_year": null,
            "roe": null,
            "roe_4q": 0,
            "gross_profit": null,
            "gross_margin": null,
            "gross_margin_4q_avg": 0,
            "net_income": null,
            "revenue": null,
            "common_shares": 300000,
            "book_valuer_per_share": 13.29,
            "book_valuer_per_share_4q_avg": 3.32,
            "equity": 398788,
            "current_ratio": 711.33,
            "debt_ratio": 13.82,
            "inventory_turnover_ratio": null,
            "account_receivable_turnover_ratio": null,
            "reinvestment_rate": null,
            "research_to_sale_ratio": null,
            "price_fair": 0,
            "eps_avg_yearly": 0,
            "eps_latest_yearly": 0,
            "eps_growth_yearly": 0
        },
        "20153": {
            "year_quarter": 20153,
            "year": 2015,
            "quarter": 3,
            "eps": null,
            "eps_growth_year": null,
            "eps_4q": null,
            "eps_4q_growth_year": null,
            "roe": null,
            "roe_4q": 0,
            "gross_profit": null,
            "gross_margin": null,
            "gross_margin_4q_avg": 0,
            "net_income": null,
            "revenue": null,
            "common_shares": null,
            "book_valuer_per_share": null,
            "book_valuer_per_share_4q_avg": 3.32,
            "equity": null,
            "current_ratio": null,
            "debt_ratio": null,
            "inventory_turnover_ratio": null,
            "account_receivable_turnover_ratio": null,
            "reinvestment_rate": null,
            "research_to_sale_ratio": null,
            "price_fair": 0,
            "eps_avg_yearly": 0,
            "eps_latest_yearly": 0,
            "eps_growth_yearly": 0
        },
        "20154": {
            "year_quarter": 20154,
            "year": 2015,
            "quarter": 4,
            "eps": null,
            "eps_growth_year": null,
            "eps_4q": null,
            "eps_4q_growth_year": null,
            "roe": null,
            "roe_4q": 0,
            "gross_profit": null,
            "gross_margin": null,
            "gross_margin_4q_avg": 0,
            "net_income": null,
            "revenue": null,
            "common_shares": 300000,
            "book_valuer_per_share": 13.9,
            "book_valuer_per_share_4q_avg": 6.8,
            "equity": 417012,
            "current_ratio": 715.49,
            "debt_ratio": 13.79,
            "inventory_turnover_ratio": null,
            "account_receivable_turnover_ratio": null,
            "reinvestment_rate": null,
            "research_to_sale_ratio": null,
            "price_fair": 0,
            "eps_avg_yearly": 0,
            "eps_latest_yearly": 0,
            "eps_growth_yearly": 0
        },
        "20161": {
            "year_quarter": 20161,
            "year": 2016,
            "quarter": 1,
            "eps": null,
            "eps_growth_year": null,
            "eps_4q": null,
            "eps_4q_growth_year": null,
            "roe": null,
            "roe_4q": 0,
            "gross_profit": null,
            "gross_margin": null,
            "gross_margin_4q_avg": 0,
            "net_income": null,
            "revenue": null,
            "common_shares": null,
            "book_valuer_per_share": null,
            "book_valuer_per_share_4q_avg": 6.8,
            "equity": null,
            "current_ratio": null,
            "debt_ratio": null,
            "inventory_turnover_ratio": null,
            "account_receivable_turnover_ratio": null,
            "reinvestment_rate": null,
            "research_to_sale_ratio": null,
            "price_fair": 0,
            "eps_avg_yearly": 0,
            "eps_latest_yearly": 0,
            "eps_growth_yearly": 0
        },
        "20162": {
            "year_quarter": 20162,
            "year": 2016,
            "quarter": 2,
            "eps": null,
            "eps_growth_year": null,
            "eps_4q": null,
            "eps_4q_growth_year": null,
            "roe": null,
            "roe_4q": 0,
            "gross_profit": null,
            "gross_margin": null,
            "gross_margin_4q_avg": 0,
            "net_income": null,
            "revenue": null,
            "common_shares": 300000,
            "book_valuer_per_share": 13.27,
            "book_valuer_per_share_4q_avg": 6.79,
            "equity": 397980,
            "current_ratio": 467.9,
            "debt_ratio": 21.08,
            "inventory_turnover_ratio": null,
            "account_receivable_turnover_ratio": null,
            "reinvestment_rate": null,
            "research_to_sale_ratio": null,
            "price_fair": 0,
            "eps_avg_yearly": 0,
            "eps_latest_yearly": 0,
            "eps_growth_yearly": 0
        },
        "20163": {
            "year_quarter": 20163,
            "year": 2016,
            "quarter": 3,
            "eps": null,
            "eps_growth_year": null,
            "eps_4q": null,
            "eps_4q_growth_year": null,
            "roe": null,
            "roe_4q": 0,
            "gross_profit": null,
            "gross_margin": null,
            "gross_margin_4q_avg": 0,
            "net_income": null,
            "revenue": null,
            "common_shares": null,
            "book_valuer_per_share": null,
            "book_valuer_per_share_4q_avg": 6.79,
            "equity": null,
            "current_ratio": null,
            "debt_ratio": null,
            "inventory_turnover_ratio": null,
            "account_receivable_turnover_ratio": null,
            "reinvestment_rate": null,
            "research_to_sale_ratio": null,
            "price_fair": 0,
            "eps_avg_yearly": 0,
            "eps_latest_yearly": 0,
            "eps_growth_yearly": 0
        },
        "20164": {
            "year_quarter": 20164,
            "year": 2016,
            "quarter": 4,
            "eps": null,
            "eps_growth_year": null,
            "eps_4q": null,
            "eps_4q_growth_year": null,
            "roe": null,
            "roe_4q": 0,
            "gross_profit": null,
            "gross_margin": null,
            "gross_margin_4q_avg": 0,
            "net_income": null,
            "revenue": null,
            "common_shares": null,
            "book_valuer_per_share": null,
            "book_valuer_per_share_4q_avg": 3.32,
            "equity": null,
            "current_ratio": null,
            "debt_ratio": null,
            "inventory_turnover_ratio": null,
            "account_receivable_turnover_ratio": null,
            "reinvestment_rate": null,
            "research_to_sale_ratio": null,
            "price_fair": 0,
            "eps_avg_yearly": 0,
            "eps_latest_yearly": 0,
            "eps_growth_yearly": 0
        },
        "20171": {
            "year_quarter": 20171,
            "year": 2017,
            "quarter": 1,
            "eps": null,
            "eps_growth_year": null,
            "eps_4q": null,
            "eps_4q_growth_year": null,
            "roe": null,
            "roe_4q": 0,
            "gross_profit": null,
            "gross_margin": null,
            "gross_margin_4q_avg": 0,
            "net_income": null,
            "revenue": null,
            "common_shares": null,
            "book_valuer_per_share": null,
            "book_valuer_per_share_4q_avg": 3.32,
            "equity": null,
            "current_ratio": null,
            "debt_ratio": null,
            "inventory_turnover_ratio": null,
            "account_receivable_turnover_ratio": null,
            "reinvestment_rate": null,
            "research_to_sale_ratio": null,
            "price_fair": 0,
            "eps_avg_yearly": 0,
            "eps_latest_yearly": 0,
            "eps_growth_yearly": 0
        },
        "20172": {
            "year_quarter": 20172,
            "year": 2017,
            "quarter": 2,
            "eps": null,
            "eps_growth_year": null,
            "eps_4q": null,
            "eps_4q_growth_year": null,
            "roe": null,
            "roe_4q": 0,
            "gross_profit": null,
            "gross_margin": null,
            "gross_margin_4q_avg": 0,
            "net_income": null,
            "revenue": null,
            "common_shares": 300000,
            "book_valuer_per_share": 13.42,
            "book_valuer_per_share_4q_avg": 3.36,
            "equity": 402608,
            "current_ratio": 472.76,
            "debt_ratio": 20.93,
            "inventory_turnover_ratio": null,
            "account_receivable_turnover_ratio": null,
            "reinvestment_rate": null,
            "research_to_sale_ratio": null,
            "price_fair": 0,
            "eps_avg_yearly": 0,
            "eps_latest_yearly": 0,
            "eps_growth_yearly": 0
        },
        "20173": {
            "year_quarter": 20173,
            "year": 2017,
            "quarter": 3,
            "eps": 0.25,
            "eps_growth_year": null,
            "eps_4q": null,
            "eps_4q_growth_year": null,
            "roe": 1.86,
            "roe_4q": 1.86,
            "gross_profit": 27659,
            "gross_margin": 29.91,
            "gross_margin_4q_avg": 7.48,
            "net_income": 7539,
            "revenue": 92463,
            "common_shares": 300000,
            "book_valuer_per_share": 13.67,
            "book_valuer_per_share_4q_avg": 6.77,
            "equity": 410147,
            "current_ratio": 945.66,
            "debt_ratio": 10.5,
            "inventory_turnover_ratio": 1.23,
            "account_receivable_turnover_ratio": 1.35,
            "reinvestment_rate": null,
            "research_to_sale_ratio": 5.87,
            "price_fair": 0,
            "eps_avg_yearly": 0,
            "eps_latest_yearly": 0,
            "eps_growth_yearly": 0
        },
        "20174": {
            "year_quarter": 20174,
            "year": 2017,
            "quarter": 4,
            "eps": 0.21,
            "eps_growth_year": null,
            "eps_4q": null,
            "eps_4q_growth_year": null,
            "roe": 1.51,
            "roe_4q": 3.37,
            "gross_profit": 23728,
            "gross_margin": 31.18,
            "gross_margin_4q_avg": 15.27,
            "net_income": 6234,
            "revenue": 76098,
            "common_shares": 300000,
            "book_valuer_per_share": 13.87,
            "book_valuer_per_share_4q_avg": 10.24,
            "equity": 416237,
            "current_ratio": 647.85,
            "debt_ratio": 15.33,
            "inventory_turnover_ratio": 1.16,
            "account_receivable_turnover_ratio": 1.15,
            "reinvestment_rate": null,
            "research_to_sale_ratio": 6.47,
            "price_fair": 2.52,
            "eps_avg_yearly": 0.84,
            "eps_latest_yearly": 0.84,
            "eps_growth_yearly": -64
        },
        "20181": {
            "year_quarter": 20181,
            "year": 2018,
            "quarter": 1,
            "eps": 0.1,
            "eps_growth_year": null,
            "eps_4q": null,
            "eps_4q_growth_year": null,
            "roe": 0.73,
            "roe_4q": 4.1000000000000005,
            "gross_profit": 22504,
            "gross_margin": 34.52,
            "gross_margin_4q_avg": 23.9,
            "net_income": 3260,
            "revenue": 65187,
            "common_shares": 337500,
            "book_valuer_per_share": 14.12,
            "book_valuer_per_share_4q_avg": 13.77,
            "equity": 476406,
            "current_ratio": 870.11,
            "debt_ratio": 11.43,
            "inventory_turnover_ratio": 0.73,
            "account_receivable_turnover_ratio": 1.08,
            "reinvestment_rate": null,
            "research_to_sale_ratio": 8.71,
            "price_fair": 1.86,
            "eps_avg_yearly": 0.62,
            "eps_latest_yearly": 0.4,
            "eps_growth_yearly": -136.76
        },
        "20182": {
            "year_quarter": 20182,
            "year": 2018,
            "quarter": 2,
            "eps": 0.18,
            "eps_growth_year": null,
            "eps_4q": 0.69,
            "eps_4q_growth_year": null,
            "roe": 1.34,
            "roe_4q": 5.44,
            "gross_profit": 20001,
            "gross_margin": 26.18,
            "gross_margin_4q_avg": 30.45,
            "net_income": 6189,
            "revenue": 76384,
            "common_shares": 337500,
            "book_valuer_per_share": 13.3,
            "book_valuer_per_share_4q_avg": 13.74,
            "equity": 448845,
            "current_ratio": 558.29,
            "debt_ratio": 17.78,
            "inventory_turnover_ratio": 0.84,
            "account_receivable_turnover_ratio": 1.17,
            "reinvestment_rate": null,
            "research_to_sale_ratio": 6.83,
            "price_fair": 16.65,
            "eps_avg_yearly": 0.65,
            "eps_latest_yearly": 0.72,
            "eps_growth_yearly": 15.49
        },
        "20183": {
            "year_quarter": 20183,
            "year": 2018,
            "quarter": 3,
            "eps": 0.2,
            "eps_growth_year": -20,
            "eps_4q": 0.66,
            "eps_4q_growth_year": null,
            "roe": 1.46,
            "roe_4q": 5.04,
            "gross_profit": 22338,
            "gross_margin": 30.81,
            "gross_margin_4q_avg": 30.67,
            "net_income": 6618,
            "revenue": 72493,
            "common_shares": 337500,
            "book_valuer_per_share": 13.5,
            "book_valuer_per_share_4q_avg": 13.7,
            "equity": 455463,
            "current_ratio": 809.15,
            "debt_ratio": 12.28,
            "inventory_turnover_ratio": 0.76,
            "account_receivable_turnover_ratio": 1.05,
            "reinvestment_rate": null,
            "research_to_sale_ratio": 5.84,
            "price_fair": 22.58,
            "eps_avg_yearly": 0.69,
            "eps_latest_yearly": 0.8,
            "eps_growth_yearly": 22.73
        },
        "20184": {
            "year_quarter": 20184,
            "year": 2018,
            "quarter": 4,
            "eps": 0.21,
            "eps_growth_year": 2.38,
            "eps_4q": 0.69,
            "eps_4q_growth_year": null,
            "roe": 1.56,
            "roe_4q": 5.09,
            "gross_profit": 23062,
            "gross_margin": 33.45,
            "gross_margin_4q_avg": 31.24,
            "net_income": 7180,
            "revenue": 68941,
            "common_shares": 337500,
            "book_valuer_per_share": 13.71,
            "book_valuer_per_share_4q_avg": 13.66,
            "equity": 462662,
            "current_ratio": 837.35,
            "debt_ratio": 11.86,
            "inventory_turnover_ratio": 0.71,
            "account_receivable_turnover_ratio": 1.19,
            "reinvestment_rate": null,
            "research_to_sale_ratio": 6.99,
            "price_fair": 23.17,
            "eps_avg_yearly": 0.72,
            "eps_latest_yearly": 0.84,
            "eps_growth_yearly": 22.18
        },
        "20191": {
            "year_quarter": 20191,
            "year": 2019,
            "quarter": 1,
            "eps": 0.2,
            "eps_growth_year": 100,
            "eps_4q": 0.79,
            "eps_4q_growth_year": null,
            "roe": 1.43,
            "roe_4q": 5.79,
            "gross_profit": 19817,
            "gross_margin": 31.31,
            "gross_margin_4q_avg": 30.44,
            "net_income": 6663,
            "revenue": 63291,
            "common_shares": 337500,
            "book_valuer_per_share": 13.91,
            "book_valuer_per_share_4q_avg": 13.61,
            "equity": 469325,
            "current_ratio": 875.75,
            "debt_ratio": 11.46,
            "inventory_turnover_ratio": 0.71,
            "account_receivable_turnover_ratio": 1.23,
            "reinvestment_rate": null,
            "research_to_sale_ratio": 6.56,
            "price_fair": 18.56,
            "eps_avg_yearly": 0.73,
            "eps_latest_yearly": 0.8,
            "eps_growth_yearly": 15.31
        },
        "20192": {
            "year_quarter": 20192,
            "year": 2019,
            "quarter": 2,
            "eps": 0.16,
            "eps_growth_year": -11.11,
            "eps_4q": 0.76,
            "eps_4q_growth_year": 10.76,
            "roe": 1.16,
            "roe_4q": 5.61,
            "gross_profit": 19704,
            "gross_margin": 34.92,
            "gross_margin_4q_avg": 32.62,
            "net_income": 5260,
            "revenue": 56421,
            "common_shares": 337500,
            "book_valuer_per_share": 13.06,
            "book_valuer_per_share_4q_avg": 13.55,
            "equity": 440835,
            "current_ratio": 611.14,
            "debt_ratio": 16.14,
            "inventory_turnover_ratio": 0.65,
            "account_receivable_turnover_ratio": 1.16,
            "reinvestment_rate": null,
            "research_to_sale_ratio": 6.77,
            "price_fair": 8.42,
            "eps_avg_yearly": 0.72,
            "eps_latest_yearly": 0.64,
            "eps_growth_yearly": 1.7
        },
        "20193": {
            "year_quarter": 20193,
            "year": 2019,
            "quarter": 3,
            "eps": 0.18,
            "eps_growth_year": -10,
            "eps_4q": 0.75,
            "eps_4q_growth_year": 13.43,
            "roe": 1.4,
            "roe_4q": 5.549999999999999,
            "gross_profit": 21269,
            "gross_margin": 34.96,
            "gross_margin_4q_avg": 33.66,
            "net_income": 6194,
            "revenue": 60840,
            "common_shares": 337500,
            "book_valuer_per_share": 13.25,
            "book_valuer_per_share_4q_avg": 13.48,
            "equity": 447029,
            "current_ratio": 924.05,
            "debt_ratio": 10.74,
            "inventory_turnover_ratio": 0.77,
            "account_receivable_turnover_ratio": 1.27,
            "reinvestment_rate": null,
            "research_to_sale_ratio": 6.95,
            "price_fair": 12.77,
            "eps_avg_yearly": 0.72,
            "eps_latest_yearly": 0.72,
            "eps_growth_yearly": 7.73
        },
        "20194": {
            "year_quarter": 20194,
            "year": 2019,
            "quarter": 4,
            "eps": 0.21,
            "eps_growth_year": -0.33,
            "eps_4q": 0.75,
            "eps_4q_growth_year": 8.72,
            "roe": 1.59,
            "roe_4q": 5.58,
            "gross_profit": 25418,
            "gross_margin": 36.14,
            "gross_margin_4q_avg": 34.33,
            "net_income": 7156,
            "revenue": 70326,
            "common_shares": 337500,
            "book_valuer_per_share": 13.46,
            "book_valuer_per_share_4q_avg": 13.42,
            "equity": 454177,
            "current_ratio": 1111.66,
            "debt_ratio": 9.06,
            "inventory_turnover_ratio": 1.08,
            "account_receivable_turnover_ratio": 1.41,
            "reinvestment_rate": null,
            "research_to_sale_ratio": 6.34,
            "price_fair": 17.81,
            "eps_avg_yearly": 0.73,
            "eps_latest_yearly": 0.84,
            "eps_growth_yearly": 14.28
        },
        "20201": {
            "year_quarter": 20201,
            "year": 2020,
            "quarter": 1,
            "eps": 0.15,
            "eps_growth_year": -25,
            "eps_4q": 0.7,
            "eps_4q_growth_year": -10.81,
            "roe": 1.13,
            "roe_4q": 5.279999999999999,
            "gross_profit": 22007,
            "gross_margin": 34.12,
            "gross_margin_4q_avg": 35.04,
            "net_income": 5159,
            "revenue": 64496,
            "common_shares": 337500,
            "book_valuer_per_share": 13.61,
            "book_valuer_per_share_4q_avg": 13.35,
            "equity": 459336,
            "current_ratio": 1073.72,
            "debt_ratio": 9.36,
            "inventory_turnover_ratio": 1.27,
            "account_receivable_turnover_ratio": 1.32,
            "reinvestment_rate": null,
            "research_to_sale_ratio": 6.5,
            "price_fair": 8.23,
            "eps_avg_yearly": 0.72,
            "eps_latest_yearly": 0.6,
            "eps_growth_yearly": 1.43
        },
        "20202": {
            "year_quarter": 20202,
            "year": 2020,
            "quarter": 2,
            "eps": 0.25,
            "eps_growth_year": 56.25,
            "eps_4q": 0.79,
            "eps_4q_growth_year": 4.14,
            "roe": 1.85,
            "roe_4q": 5.970000000000001,
            "gross_profit": 23867,
            "gross_margin": 35.79,
            "gross_margin_4q_avg": 35.25,
            "net_income": 8277,
            "revenue": 66692,
            "common_shares": 337500,
            "book_valuer_per_share": 12.86,
            "book_valuer_per_share_4q_avg": 13.3,
            "equity": 433863,
            "current_ratio": 586.46,
            "debt_ratio": 17.38,
            "inventory_turnover_ratio": 1.34,
            "account_receivable_turnover_ratio": 1.48,
            "reinvestment_rate": null,
            "research_to_sale_ratio": 6.32,
            "price_fair": 26.09,
            "eps_avg_yearly": 0.75,
            "eps_latest_yearly": 1,
            "eps_growth_yearly": 25.54
        },
        "20203": {
            "year_quarter": 20203,
            "year": 2020,
            "quarter": 3,
            "eps": 0.16,
            "eps_growth_year": -11.11,
            "eps_4q": 0.77,
            "eps_4q_growth_year": 2.23,
            "roe": 1.21,
            "roe_4q": 5.779999999999999,
            "gross_profit": 20123,
            "gross_margin": 36.21,
            "gross_margin_4q_avg": 35.57,
            "net_income": 5270,
            "revenue": 55580,
            "common_shares": 337500,
            "book_valuer_per_share": 13.01,
            "book_valuer_per_share_4q_avg": 13.24,
            "equity": 439133,
            "current_ratio": 999.41,
            "debt_ratio": 10.37,
            "inventory_turnover_ratio": 1.12,
            "account_receivable_turnover_ratio": 1.3,
            "reinvestment_rate": null,
            "research_to_sale_ratio": 7.81,
            "price_fair": 15.77,
            "eps_avg_yearly": 0.74,
            "eps_latest_yearly": 0.64,
            "eps_growth_yearly": 11.41
        },
        "20204": {
            "year_quarter": 20204,
            "year": 2020,
            "quarter": 4,
            "eps": 0.21,
            "eps_growth_year": -0.73,
            "eps_4q": 0.76,
            "eps_4q_growth_year": 2.12,
            "roe": 1.6,
            "roe_4q": 5.79,
            "gross_profit": 24077,
            "gross_margin": 38.4,
            "gross_margin_4q_avg": 36.13,
            "net_income": 7104,
            "revenue": 62708,
            "common_shares": 337500,
            "book_valuer_per_share": 13.22,
            "book_valuer_per_share_4q_avg": 13.18,
            "equity": 446192,
            "current_ratio": 908.52,
            "debt_ratio": 11.28,
            "inventory_turnover_ratio": 1.24,
            "account_receivable_turnover_ratio": 1.4,
            "reinvestment_rate": null,
            "research_to_sale_ratio": 7.49,
            "price_fair": 22.45,
            "eps_avg_yearly": 0.74,
            "eps_latest_yearly": 0.84,
            "eps_growth_yearly": 20.15
        },
        "20211": {
            "year_quarter": 20211,
            "year": 2021,
            "quarter": 1,
            "eps": 0.19,
            "eps_growth_year": 26.67,
            "eps_4q": 0.8,
            "eps_4q_growth_year": 13.88,
            "roe": 1.43,
            "roe_4q": 6.09,
            "gross_profit": 22006,
            "gross_margin": 35.68,
            "gross_margin_4q_avg": 36.52,
            "net_income": 6418,
            "revenue": 61681,
            "common_shares": 337500,
            "book_valuer_per_share": 1331205882.35,
            "book_valuer_per_share_4q_avg": 332801480.36,
            "equity": 452610,
            "current_ratio": 827.98,
            "debt_ratio": 12.05,
            "inventory_turnover_ratio": 1.08,
            "account_receivable_turnover_ratio": 1.27,
            "reinvestment_rate": null,
            "research_to_sale_ratio": 5.7,
            "price_fair": 19.38,
            "eps_avg_yearly": 0.75,
            "eps_latest_yearly": 0.76,
            "eps_growth_yearly": 15.99
        },
        "20212": {
            "year_quarter": 20212,
            "year": 2021,
            "quarter": 2,
            "eps": 0.31,
            "eps_growth_year": 24,
            "eps_4q": 0.86,
            "eps_4q_growth_year": 8.73,
            "roe": 2.26,
            "roe_4q": 6.499999999999999,
            "gross_profit": 27140,
            "gross_margin": 39.23,
            "gross_margin_4q_avg": 37.38,
            "net_income": 10333,
            "revenue": 69176,
            "common_shares": 337500,
            "book_valuer_per_share": 13.72,
            "book_valuer_per_share_4q_avg": 332801480.58,
            "equity": 462943,
            "current_ratio": 999.1,
            "debt_ratio": 9.96,
            "inventory_turnover_ratio": 0.99,
            "account_receivable_turnover_ratio": 1.34,
            "reinvestment_rate": 1.87,
            "research_to_sale_ratio": 5.7,
            "price_fair": 27.25,
            "eps_avg_yearly": 0.78,
            "eps_latest_yearly": 1.24,
            "eps_growth_yearly": 31.76
        },
        "20213": {
            "year_quarter": 20213,
            "year": 2021,
            "quarter": 3,
            "eps": 0.31,
            "eps_growth_year": 93.75,
            "eps_4q": 1.02,
            "eps_4q_growth_year": 32.79,
            "roe": 2.32,
            "roe_4q": 7.609999999999999,
            "gross_profit": 28232,
            "gross_margin": 39.65,
            "gross_margin_4q_avg": 38.24,
            "net_income": 10487,
            "revenue": 71195,
            "common_shares": 337500,
            "book_valuer_per_share": 13.03,
            "book_valuer_per_share_4q_avg": 332801480.58,
            "equity": 439680,
            "current_ratio": 880.59,
            "debt_ratio": 11.26,
            "inventory_turnover_ratio": 0.98,
            "account_receivable_turnover_ratio": 1.31,
            "reinvestment_rate": 1.4,
            "research_to_sale_ratio": 6.01,
            "price_fair": 28.26,
            "eps_avg_yearly": 0.81,
            "eps_latest_yearly": 1.24,
            "eps_growth_yearly": 29.78
        },
        "20214": {
            "year_quarter": 20214,
            "year": 2021,
            "quarter": 4,
            "eps": 0.28,
            "eps_growth_year": 33.12,
            "eps_4q": 1.09,
            "eps_4q_growth_year": 42.17,
            "roe": 2.13,
            "roe_4q": 8.139999999999999,
            "gross_profit": 28145,
            "gross_margin": 40.64,
            "gross_margin_4q_avg": 38.8,
            "net_income": 9457,
            "revenue": 69250,
            "common_shares": 337500,
            "book_valuer_per_share": 13.31,
            "book_valuer_per_share_4q_avg": 332801480.6,
            "equity": 449152,
            "current_ratio": 783.48,
            "debt_ratio": 12.63,
            "inventory_turnover_ratio": 0.93,
            "account_receivable_turnover_ratio": 1.26,
            "reinvestment_rate": 0.99,
            "research_to_sale_ratio": 6.22,
            "price_fair": 28.88,
            "eps_avg_yearly": 0.83,
            "eps_latest_yearly": 1.12,
            "eps_growth_yearly": 31.36
        },
        "20221": {
            "year_quarter": 20221,
            "year": 2022,
            "quarter": 1,
            "eps": 0.32,
            "eps_growth_year": 68.42,
            "eps_4q": 1.22,
            "eps_4q_growth_year": 51.81,
            "roe": 2.38,
            "roe_4q": 9.09,
            "gross_profit": 28043,
            "gross_margin": 41.89,
            "gross_margin_4q_avg": 40.35,
            "net_income": 10816,
            "revenue": 66937,
            "common_shares": 337500,
            "book_valuer_per_share": 13.63,
            "book_valuer_per_share_4q_avg": 13.42,
            "equity": 459968,
            "current_ratio": 845.29,
            "debt_ratio": 11.66,
            "inventory_turnover_ratio": 0.86,
            "account_receivable_turnover_ratio": 1.18,
            "reinvestment_rate": 0.83,
            "research_to_sale_ratio": 5.76,
            "price_fair": 30.8,
            "eps_avg_yearly": 0.88,
            "eps_latest_yearly": 1.28,
            "eps_growth_yearly": 48.03
        },
        "20222": {
            "year_quarter": 20222,
            "year": 2022,
            "quarter": 2,
            "eps": 0.43,
            "eps_growth_year": 38.71,
            "eps_4q": 1.34,
            "eps_4q_growth_year": 54.91,
            "roe": 3.2,
            "roe_4q": 10.03,
            "gross_profit": 30322,
            "gross_margin": 43.1,
            "gross_margin_4q_avg": 41.32,
            "net_income": 14358,
            "revenue": 70359,
            "common_shares": 337500,
            "book_valuer_per_share": 12.95,
            "book_valuer_per_share_4q_avg": 13.23,
            "equity": 437201,
            "current_ratio": 509.67,
            "debt_ratio": 19.71,
            "inventory_turnover_ratio": 0.84,
            "account_receivable_turnover_ratio": 1.25,
            "reinvestment_rate": 0.78,
            "research_to_sale_ratio": 4.89,
            "price_fair": 32.99,
            "eps_avg_yearly": 0.94,
            "eps_latest_yearly": 1.72,
            "eps_growth_yearly": 36.62
        },
        "20223": {
            "year_quarter": 20223,
            "year": 2022,
            "quarter": 3,
            "eps": 0.41,
            "eps_growth_year": 32.26,
            "eps_4q": 1.44,
            "eps_4q_growth_year": 41.2,
            "roe": 3.12,
            "roe_4q": 10.829999999999998,
            "gross_profit": 29717,
            "gross_margin": 44.53,
            "gross_margin_4q_avg": 42.54,
            "net_income": 13861,
            "revenue": 66732,
            "common_shares": 337500,
            "book_valuer_per_share": 13.36,
            "book_valuer_per_share_4q_avg": 13.31,
            "equity": 451062,
            "current_ratio": 876.12,
            "debt_ratio": 11.46,
            "inventory_turnover_ratio": 0.75,
            "account_receivable_turnover_ratio": 1.22,
            "reinvestment_rate": 6.18,
            "research_to_sale_ratio": 5.64,
            "price_fair": 34.83,
            "eps_avg_yearly": 1,
            "eps_latest_yearly": 1.64,
            "eps_growth_yearly": 32.68
        },
        "20224": {
            "year_quarter": 20224,
            "year": 2022,
            "quarter": 4,
            "eps": 0.44,
            "eps_growth_year": 55.87,
            "eps_4q": 1.59,
            "eps_4q_growth_year": 46.55,
            "roe": 3.21,
            "roe_4q": 11.91,
            "gross_profit": 34398,
            "gross_margin": 49.01,
            "gross_margin_4q_avg": 44.63,
            "net_income": 14741,
            "revenue": 70179,
            "common_shares": 337500,
            "book_valuer_per_share": 13.81,
            "book_valuer_per_share_4q_avg": 13.44,
            "equity": 466021,
            "current_ratio": 713.47,
            "debt_ratio": 13.62,
            "inventory_turnover_ratio": 0.71,
            "account_receivable_turnover_ratio": 1.3,
            "reinvestment_rate": 9.07,
            "research_to_sale_ratio": 5.94,
            "price_fair": 36.84,
            "eps_avg_yearly": 1.05,
            "eps_latest_yearly": 1.76,
            "eps_growth_yearly": 33.26
        },
        "20231": {
            "year_quarter": 20231,
            "year": 2023,
            "quarter": 1,
            "eps": 0.15,
            "eps_growth_year": -53.12,
            "eps_4q": 1.42,
            "eps_4q_growth_year": 16.7,
            "roe": 1.07,
            "roe_4q": 10.600000000000001,
            "gross_profit": 21691,
            "gross_margin": 39.05,
            "gross_margin_4q_avg": 43.92,
            "net_income": 4997,
            "revenue": 55542,
            "common_shares": 337500,
            "book_valuer_per_share": 13.96,
            "book_valuer_per_share_4q_avg": 13.52,
            "equity": 471018,
            "current_ratio": 962.13,
            "debt_ratio": 9.99,
            "inventory_turnover_ratio": 0.7,
            "account_receivable_turnover_ratio": 1.1,
            "reinvestment_rate": 8.72,
            "research_to_sale_ratio": 6.42,
            "price_fair": 29.09,
            "eps_avg_yearly": 1.04,
            "eps_latest_yearly": 0.6,
            "eps_growth_yearly": 17.97
        },
        "20232": {
            "year_quarter": 20232,
            "year": 2023,
            "quarter": 2,
            "eps": 0.44,
            "eps_growth_year": 2.33,
            "eps_4q": 1.44,
            "eps_4q_growth_year": 7.43,
            "roe": 3.28,
            "roe_4q": 10.68,
            "gross_profit": 28959,
            "gross_margin": 43.21,
            "gross_margin_4q_avg": 43.95,
            "net_income": 14870,
            "revenue": 67014,
            "common_shares": 337500,
            "book_valuer_per_share": 12.9,
            "book_valuer_per_share_4q_avg": 13.51,
            "equity": 435263,
            "current_ratio": 481.29,
            "debt_ratio": 19.9,
            "inventory_turnover_ratio": 0.84,
            "account_receivable_turnover_ratio": 1.32,
            "reinvestment_rate": 5.97,
            "research_to_sale_ratio": 5.56,
            "price_fair": 38.85,
            "eps_avg_yearly": 1.11,
            "eps_latest_yearly": 1.76,
            "eps_growth_yearly": 71.3
        }
    },
    "months": {
        "2015-06": {
            "month": "2015-06",
            "price": "26.95",
            "revenue": 34678
        },
        "2015-07": {
            "month": "2015-07",
            "price": "24.01",
            "revenue": 27269
        },
        "2015-08": {
            "month": "2015-08",
            "price": "19.41",
            "revenue": 29382
        },
        "2015-10": {
            "month": "2015-10",
            "price": "18.58",
            "revenue": 35962
        },
        "2015-11": {
            "month": "2015-11",
            "price": "18.36",
            "revenue": 25917
        },
        "2015-12": {
            "month": "2015-12",
            "price": "18.14",
            "revenue": 21876
        },
        "2016-01": {
            "month": "2016-01",
            "price": "15.96",
            "revenue": 35878
        },
        "2016-02": {
            "month": "2016-02",
            "price": "15.41",
            "revenue": 25888
        },
        "2016-03": {
            "month": "2016-03",
            "price": "15.90",
            "revenue": 28474
        },
        "2016-04": {
            "month": "2016-04",
            "price": "15.78",
            "revenue": 29299
        },
        "2016-05": {
            "month": "2016-05",
            "price": "15.34",
            "revenue": 32744
        },
        "2016-06": {
            "month": "2016-06",
            "price": "14.75",
            "revenue": 34223
        },
        "2016-07": {
            "month": "2016-07",
            "price": "14.20",
            "revenue": 30465
        },
        "2016-08": {
            "month": "2016-08",
            "price": "14.44",
            "revenue": 31093
        },
        "2016-09": {
            "month": "2016-09",
            "price": "12.66",
            "revenue": 31249
        },
        "2016-10": {
            "month": "2016-10",
            "price": "12.37",
            "revenue": 42730
        },
        "2016-11": {
            "month": "2016-11",
            "price": "12.87",
            "revenue": 42184
        },
        "2016-12": {
            "month": "2016-12",
            "price": "13.94",
            "revenue": 24143
        },
        "2017-01": {
            "month": "2017-01",
            "price": "14.21",
            "revenue": 31889
        },
        "2017-02": {
            "month": "2017-02",
            "price": "13.97",
            "revenue": 26170
        },
        "2017-03": {
            "month": "2017-03",
            "price": "15.47",
            "revenue": 36180
        },
        "2017-04": {
            "month": "2017-04",
            "price": "16.43",
            "revenue": 29179
        },
        "2017-05": {
            "month": "2017-05",
            "price": "15.89",
            "revenue": 28428
        },
        "2017-06": {
            "month": "2017-06",
            "price": "15.72",
            "revenue": 35828
        },
        "2017-07": {
            "month": "2017-07",
            "price": "15.44",
            "revenue": 31444
        },
        "2017-08": {
            "month": "2017-08",
            "price": "14.77",
            "revenue": 30122
        },
        "2017-09": {
            "month": "2017-09",
            "price": "15.53",
            "revenue": 30896
        },
        "2017-10": {
            "month": "2017-10",
            "price": "17.77",
            "revenue": 30083
        },
        "2017-11": {
            "month": "2017-11",
            "price": "19.37",
            "revenue": 23170
        },
        "2017-12": {
            "month": "2017-12",
            "price": "20.72",
            "revenue": 22657
        },
        "2018-01": {
            "month": "2018-01",
            "price": "21.91",
            "revenue": 19856
        },
        "2018-02": {
            "month": "2018-02",
            "price": "18.72",
            "revenue": 12120
        },
        "2018-03": {
            "month": "2018-03",
            "price": "18.27",
            "revenue": 33211
        },
        "2018-04": {
            "month": "2018-04",
            "price": "17.48",
            "revenue": 23421
        },
        "2018-05": {
            "month": "2018-05",
            "price": "17.05",
            "revenue": 23760
        },
        "2018-06": {
            "month": "2018-06",
            "price": "17.46",
            "revenue": 29202
        },
        "2018-07": {
            "month": "2018-07",
            "price": "16.47",
            "revenue": 29946
        },
        "2018-08": {
            "month": "2018-08",
            "price": "16.23",
            "revenue": 20652
        },
        "2018-09": {
            "month": "2018-09",
            "price": "15.79",
            "revenue": 21749
        },
        "2018-10": {
            "month": "2018-10",
            "price": "14.64",
            "revenue": 22484
        },
        "2018-11": {
            "month": "2018-11",
            "price": "14.04",
            "revenue": 23710
        },
        "2018-12": {
            "month": "2018-12",
            "price": "15.51",
            "revenue": 22747
        },
        "2019-01": {
            "month": "2019-01",
            "price": "16.38",
            "revenue": 20002
        },
        "2019-02": {
            "month": "2019-02",
            "price": "16.03",
            "revenue": 14915
        },
        "2019-03": {
            "month": "2019-03",
            "price": "16.34",
            "revenue": 28209
        },
        "2019-04": {
            "month": "2019-04",
            "price": "17.10",
            "revenue": 15883
        },
        "2019-05": {
            "month": "2019-05",
            "price": "15.58",
            "revenue": 20420
        },
        "2019-06": {
            "month": "2019-06",
            "price": "15.04",
            "revenue": 20331
        },
        "2019-07": {
            "month": "2019-07",
            "price": "14.94",
            "revenue": 20284
        },
        "2019-08": {
            "month": "2019-08",
            "price": "14.96",
            "revenue": 20819
        },
        "2019-09": {
            "month": "2019-09",
            "price": "15.23",
            "revenue": 19524
        },
        "2019-10": {
            "month": "2019-10",
            "price": "16.02",
            "revenue": 22592
        },
        "2019-11": {
            "month": "2019-11",
            "price": "17.78",
            "revenue": 23878
        },
        "2019-12": {
            "month": "2019-12",
            "price": "18.98",
            "revenue": 23673
        },
        "2020-01": {
            "month": "2020-01",
            "price": "18.93",
            "revenue": 18062
        },
        "2020-02": {
            "month": "2020-02",
            "price": "17.27",
            "revenue": 23745
        },
        "2020-03": {
            "month": "2020-03",
            "price": "16.42",
            "revenue": 22690
        },
        "2020-04": {
            "month": "2020-04",
            "price": "17.05",
            "revenue": 21901
        },
        "2020-05": {
            "month": "2020-05",
            "price": "17.66",
            "revenue": 23040
        },
        "2020-06": {
            "month": "2020-06",
            "price": "18.50",
            "revenue": 21543
        },
        "2020-07": {
            "month": "2020-07",
            "price": "21.51",
            "revenue": 20223
        },
        "2020-08": {
            "month": "2020-08",
            "price": "19.37",
            "revenue": 19043
        },
        "2020-09": {
            "month": "2020-09",
            "price": "18.45",
            "revenue": 16314
        },
        "2020-10": {
            "month": "2020-10",
            "price": "17.42",
            "revenue": 21530
        },
        "2020-11": {
            "month": "2020-11",
            "price": "18.15",
            "revenue": 20426
        },
        "2020-12": {
            "month": "2020-12",
            "price": "18.49",
            "revenue": 20597
        },
        "2021-01": {
            "month": "2021-01",
            "price": "19.50",
            "revenue": 20026
        },
        "2021-02": {
            "month": "2021-02",
            "price": "18.90",
            "revenue": 18995
        },
        "2021-03": {
            "month": "2021-03",
            "price": "19.79",
            "revenue": 22660
        },
        "2021-04": {
            "month": "2021-04",
            "price": "20.85",
            "revenue": 22432
        },
        "2021-05": {
            "month": "2021-05",
            "price": "18.69",
            "revenue": 21376
        },
        "2021-06": {
            "month": "2021-06",
            "price": "18.74",
            "revenue": 25368
        },
        "2021-07": {
            "month": "2021-07",
            "price": "19.21",
            "revenue": 21359
        },
        "2021-08": {
            "month": "2021-08",
            "price": "18.90",
            "revenue": 25135
        },
        "2021-09": {
            "month": "2021-09",
            "price": "19.96",
            "revenue": 24412
        },
        "2021-10": {
            "month": "2021-10",
            "price": "21.19",
            "revenue": 23789
        },
        "2021-11": {
            "month": "2021-11",
            "price": "22.14",
            "revenue": 21928
        },
        "2021-12": {
            "month": "2021-12",
            "price": "25.56",
            "revenue": 23712
        },
        "2022-01": {
            "month": "2022-01",
            "price": "22.54",
            "revenue": 22250
        },
        "2022-02": {
            "month": "2022-02",
            "price": "22.08",
            "revenue": 17682
        },
        "2022-03": {
            "month": "2022-03",
            "price": "21.17",
            "revenue": 27005
        },
        "2022-04": {
            "month": "2022-04",
            "price": "21.55",
            "revenue": 22159
        },
        "2022-05": {
            "month": "2022-05",
            "price": "21.17",
            "revenue": 20460
        },
        "2022-06": {
            "month": "2022-06",
            "price": "20.69",
            "revenue": 27739
        },
        "2022-07": {
            "month": "2022-07",
            "price": "19.70",
            "revenue": 22506
        },
        "2022-08": {
            "month": "2022-08",
            "price": "25.53",
            "revenue": 21059
        },
        "2022-09": {
            "month": "2022-09",
            "price": "24.71",
            "revenue": 23168
        },
        "2022-10": {
            "month": "2022-10",
            "price": "22.08",
            "revenue": 21914
        },
        "2022-11": {
            "month": "2022-11",
            "price": "22.29",
            "revenue": 19786
        },
        "2022-12": {
            "month": "2022-12",
            "price": "22.86",
            "revenue": 28480
        },
        "2023-01": {
            "month": "2023-01",
            "price": "23.29",
            "revenue": 15053
        },
        "2023-02": {
            "month": "2023-02",
            "price": "24.27",
            "revenue": 13440
        },
        "2023-03": {
            "month": "2023-03",
            "price": "25.12",
            "revenue": 27060
        },
        "2023-04": {
            "month": "2023-04",
            "price": "27.99",
            "revenue": 20816
        },
        "2023-05": {
            "month": "2023-05",
            "price": "26.46",
            "revenue": 20260
        },
        "2023-06": {
            "month": "2023-06",
            "price": "26.70",
            "revenue": 25939
        },
        "2023-07": {
            "month": "2023-07",
            "price": "31.14",
            "revenue": 21304
        },
        "2023-08": {
            "month": "2023-08",
            "price": "28.87",
            "revenue": 21571
        }
    }
}
