{
    "summary": {
        "stock_name": "愛普*",
        "stock_id": "6531",
        "category": "半導體",
        "main_business": "電子零件製造業<br>產品設計業",
        "website_url": "http://www.apmemory.com",
        "ceo": "洪志勳",
        "pe_ratio": 37,
        "report_year_from": 2014,
        "report_year_to": 2023,
        "age": 9,
        "eps_negative_percentage": 13,
        "eps_growth_avg": {
            "last_all": -19.67,
            "last_2y": 31.68,
            "last_4y": -17.02,
            "last_8y": null,
            "last_12y": null,
            "last_16y": null,
            "last_20y": null,
            "at_2006_last_3y": null,
            "at_2007_last_3y": null,
            "at_2008_last_3y": null,
            "at_2009_last_3y": null,
            "at_2010_last_3y": null,
            "at_2011_last_3y": null,
            "at_2012_last_3y": null,
            "at_2013_last_3y": null,
            "at_2014_last_3y": null,
            "at_2015_last_3y": null,
            "at_2016_last_3y": null,
            "at_2017_last_3y": null,
            "at_2018_last_3y": null,
            "at_2019_last_3y": null,
            "at_2020_last_3y": -53.9,
            "at_2021_last_3y": -10.48,
            "at_2022_last_3y": -12.22,
            "at_2023_last_3y": -12.22,
            "at_2006_last_all": null,
            "at_2007_last_all": null,
            "at_2008_last_all": null,
            "at_2009_last_all": null,
            "at_2010_last_all": null,
            "at_2011_last_all": null,
            "at_2012_last_all": null,
            "at_2013_last_all": null,
            "at_2014_last_all": null,
            "at_2015_last_all": null,
            "at_2016_last_all": null,
            "at_2017_last_all": null,
            "at_2018_last_all": -30.85,
            "at_2019_last_all": -53.9,
            "at_2020_last_all": -53.9,
            "at_2021_last_all": -15.43,
            "at_2022_last_all": -19.67,
            "at_2023_last_all": -19.67
        },
        "latest_eps": 8.94,
        "latest_price": 332,
        "latest_roe": 14.88,
        "latest_gross_margin": 40.13,
        "latest_equity": 9898163,
        "latest_revenue": 727171,
        "latest_gross_profit": 291820,
        "latest_net_income": 62450,
        "latest_debt_ratio": 16.63,
        "latest_current_ratio": 556.9,
        "latest_account_receivable_turnover_ratio": 1.2,
        "latest_inventory_turnover_ratio": 0.3,
        "latest_reinvestment_rate": 6.69,
        "latest_research_to_sale_ratio": 15.38
    },
    "eps_dividends": {
        "2001": {
            "cash": 0,
            "stock": 0,
            "eps": 0
        },
        "2002": {
            "cash": 0,
            "stock": 0,
            "eps": 0
        },
        "2003": {
            "cash": 0,
            "stock": 0,
            "eps": 0
        },
        "2004": {
            "cash": 0,
            "stock": 0,
            "eps": 0
        },
        "2005": {
            "cash": 0,
            "stock": 0,
            "eps": 0
        },
        "2006": {
            "cash": 0,
            "stock": 0,
            "eps": 0
        },
        "2007": {
            "cash": 0,
            "stock": 0,
            "eps": 0
        },
        "2008": {
            "cash": 0,
            "stock": 0,
            "eps": 0
        },
        "2009": {
            "cash": 0,
            "stock": 0,
            "eps": 0
        },
        "2010": {
            "cash": 0,
            "stock": 0,
            "eps": 0
        },
        "2011": {
            "cash": 0,
            "stock": 0,
            "eps": 0
        },
        "2012": {
            "cash": 0,
            "stock": 0,
            "eps": 0
        },
        "2013": {
            "cash": 0,
            "stock": 0,
            "eps": 0
        },
        "2014": {
            "cash": 0,
            "stock": 0,
            "eps": 0
        },
        "2015": {
            "cash": 6,
            "stock": 9,
            "eps": 0
        },
        "2016": {
            "cash": 5,
            "stock": 0,
            "eps": 4.56
        },
        "2017": {
            "cash": 2,
            "stock": 0,
            "eps": 3.18
        },
        "2018": {
            "cash": 1.5,
            "stock": 0.5,
            "eps": 2.18
        },
        "2019": {
            "cash": 0.5,
            "stock": 0,
            "eps": -5.44
        },
        "2020": {
            "cash": 1,
            "stock": 0,
            "eps": 7.09
        },
        "2021": {
            "cash": 5,
            "stock": 0,
            "eps": 19.1
        },
        "2022": {
            "cash": 6,
            "stock": 0,
            "eps": 12.1
        },
        "2023": {
            "cash": 7,
            "stock": 0,
            "eps": 0.39
        }
    },
    "dividends": {
        "2015-10-15": {
            "cash": 6,
            "stock": 9
        },
        "2016-09-07": {
            "cash": 5,
            "stock": 0
        },
        "2017-09-13": {
            "cash": 2,
            "stock": 0
        },
        "2018-09-14": {
            "cash": 1.5,
            "stock": 0.5
        },
        "2019-09-18": {
            "cash": 0.5,
            "stock": 0
        },
        "2020-08-31": {
            "cash": 1,
            "stock": 0
        },
        "2021-09-03": {
            "cash": 5,
            "stock": 0
        },
        "2022-07-08": {
            "cash": 6,
            "stock": 0
        },
        "2023-02-24": {
            "cash": 7,
            "stock": 0
        }
    },
    "prices": {
        "200101": "無",
        "200102": "無",
        "200103": "無",
        "200104": "無",
        "200105": "無",
        "200106": "無",
        "200107": "無",
        "200108": "無",
        "200109": "無",
        "200110": "無",
        "200111": "無",
        "200112": "無",
        "200201": "無",
        "200202": "無",
        "200203": "無",
        "200204": "無",
        "200205": "無",
        "200206": "無",
        "200207": "無",
        "200208": "無",
        "200209": "無",
        "200210": "無",
        "200211": "無",
        "200212": "無",
        "200301": "無",
        "200302": "無",
        "200303": "無",
        "200304": "無",
        "200305": "無",
        "200306": "無",
        "200307": "無",
        "200308": "無",
        "200309": "無",
        "200310": "無",
        "200311": "無",
        "200312": "無",
        "200401": "無",
        "200402": "無",
        "200403": "無",
        "200404": "無",
        "200405": "無",
        "200406": "無",
        "200407": "無",
        "200408": "無",
        "200409": "無",
        "200410": "無",
        "200411": "無",
        "200412": "無",
        "200501": "無",
        "200502": "無",
        "200503": "無",
        "200504": "無",
        "200505": "無",
        "200506": "無",
        "200507": "無",
        "200508": "無",
        "200509": "無",
        "200510": "無",
        "200511": "無",
        "200512": "無",
        "200601": "無",
        "200602": "無",
        "200603": "無",
        "200604": "無",
        "200605": "無",
        "200606": "無",
        "200607": "無",
        "200608": "無",
        "200609": "無",
        "200610": "無",
        "200611": "無",
        "200612": "無",
        "200701": "無",
        "200702": "無",
        "200703": "無",
        "200704": "無",
        "200705": "無",
        "200706": "無",
        "200707": "無",
        "200708": "無",
        "200709": "無",
        "200710": "無",
        "200711": "無",
        "200712": "無",
        "200801": "無",
        "200802": "無",
        "200803": "無",
        "200804": "無",
        "200805": "無",
        "200806": "無",
        "200807": "無",
        "200808": "無",
        "200809": "無",
        "200810": "無",
        "200811": "無",
        "200812": "無",
        "200901": "無",
        "200902": "無",
        "200903": "無",
        "200904": "無",
        "200905": "無",
        "200906": "無",
        "200907": "無",
        "200908": "無",
        "200909": "無",
        "200910": "無",
        "200911": "無",
        "200912": "無",
        "201001": "無",
        "201002": "無",
        "201003": "無",
        "201004": "無",
        "201005": "無",
        "201006": "無",
        "201007": "無",
        "201008": "無",
        "201009": "無",
        "201010": "無",
        "201011": "無",
        "201012": "無",
        "201101": "無",
        "201102": "無",
        "201103": "無",
        "201104": "無",
        "201105": "無",
        "201106": "無",
        "201107": "無",
        "201108": "無",
        "201109": "無",
        "201110": "無",
        "201111": "無",
        "201112": "無",
        "201201": "無",
        "201202": "無",
        "201203": "無",
        "201204": "無",
        "201205": "無",
        "201206": "無",
        "201207": "無",
        "201208": "無",
        "201209": "無",
        "201210": "無",
        "201211": "無",
        "201212": "無",
        "201301": "無",
        "201302": "無",
        "201303": "無",
        "201304": "無",
        "201305": "無",
        "201306": "無",
        "201307": "無",
        "201308": "無",
        "201309": "無",
        "201310": "無",
        "201311": "無",
        "201312": "無",
        "201401": "無",
        "201402": "無",
        "201403": "無",
        "201404": "無",
        "201405": "無",
        "201406": "無",
        "201407": "無",
        "201408": "無",
        "201409": "無",
        "201410": "無",
        "201411": "無",
        "201412": "無",
        "201501": "無",
        "201502": "無",
        "201503": "無",
        "201504": "無",
        "201505": "無",
        "201506": "172.20",
        "201507": "150.22",
        "201508": "123.70",
        "201509": "62.24",
        "201510": "72.21",
        "201511": "81.55",
        "201512": "94.32",
        "201601": "89.03",
        "201602": "91.69",
        "201603": "98.66",
        "201604": "104.38",
        "201605": "100.60",
        "201606": "93.77",
        "201607": "94.91",
        "201608": "80.43",
        "201609": "87.56",
        "201610": "85.52",
        "201611": "65.38",
        "201612": "70.65",
        "201701": "77.86",
        "201702": "77.78",
        "201703": "79.36",
        "201704": "94.71",
        "201705": "78.68",
        "201706": "76.67",
        "201707": "75.13",
        "201708": "73.97",
        "201709": "80.68",
        "201710": "78.81",
        "201711": "77.06",
        "201712": "86.16",
        "201801": "90.34",
        "201802": "87.87",
        "201803": "104.00",
        "201804": "89.01",
        "201805": "85.94",
        "201806": "88.07",
        "201807": "84.65",
        "201808": "74.11",
        "201809": "60.39",
        "201810": "45.55",
        "201811": "45.21",
        "201812": "46.47",
        "201901": "46.40",
        "201902": "48.57",
        "201903": "45.28",
        "201904": "44.07",
        "201905": "38.28",
        "201906": "37.13",
        "201907": "40.22",
        "201908": "40.18",
        "201909": "42.41",
        "201910": "46.87",
        "201911": "46.53",
        "201912": "81.92",
        "202001": "98.10",
        "202002": "117.29",
        "202003": "102.55",
        "202004": "125.08",
        "202005": "211.58",
        "202006": "330.80",
        "202007": "438.09",
        "202008": "371.55",
        "202009": "336.43",
        "202010": "319.68",
        "202011": "370.88",
        "202012": "410.24",
        "202101": "598.80",
        "202102": "713.23",
        "202103": "761.32",
        "202104": "772.21",
        "202105": "631.14",
        "202106": "662.90",
        "202107": "692.95",
        "202108": "657.55",
        "202109": "708.75",
        "202110": "546.07",
        "202111": "529.32",
        "202112": "502.55",
        "202201": "433.44",
        "202202": "386.90",
        "202203": "338.43",
        "202204": "277.26",
        "202205": "269.19",
        "202206": "260.86",
        "202207": "201.90",
        "202208": "198.52",
        "202209": "170.21",
        "202210": "148.92",
        "202211": "184.18",
        "202212": "182.50",
        "202301": "186.77",
        "202302": "255.81",
        "202303": "303.37",
        "202304": "303.06",
        "202305": "295.14"
    },
    "quarters": {
        "20011": {
            "year_quarter": 20011,
            "year": 2001,
            "quarter": 1,
            "eps": null,
            "eps_growth_year": null,
            "eps_4q": null,
            "eps_4q_growth_year": null,
            "roe": null,
            "roe_4q": 0,
            "gross_profit": null,
            "gross_margin": null,
            "gross_margin_4q_avg": 0,
            "net_income": null,
            "revenue": null,
            "common_shares": null,
            "book_valuer_per_share": null,
            "book_valuer_per_share_4q_avg": 0,
            "equity": null,
            "current_ratio": null,
            "debt_ratio": null,
            "inventory_turnover_ratio": null,
            "account_receivable_turnover_ratio": null,
            "reinvestment_rate": null,
            "research_to_sale_ratio": null,
            "price_fair": 0,
            "eps_avg_yearly": 0,
            "eps_latest_yearly": 0,
            "eps_growth_yearly": 0
        },
        "20012": {
            "year_quarter": 20012,
            "year": 2001,
            "quarter": 2,
            "eps": null,
            "eps_growth_year": null,
            "eps_4q": null,
            "eps_4q_growth_year": null,
            "roe": null,
            "roe_4q": 0,
            "gross_profit": null,
            "gross_margin": null,
            "gross_margin_4q_avg": 0,
            "net_income": null,
            "revenue": null,
            "common_shares": null,
            "book_valuer_per_share": null,
            "book_valuer_per_share_4q_avg": 0,
            "equity": null,
            "current_ratio": null,
            "debt_ratio": null,
            "inventory_turnover_ratio": null,
            "account_receivable_turnover_ratio": null,
            "reinvestment_rate": null,
            "research_to_sale_ratio": null,
            "price_fair": 0,
            "eps_avg_yearly": 0,
            "eps_latest_yearly": 0,
            "eps_growth_yearly": 0
        },
        "20013": {
            "year_quarter": 20013,
            "year": 2001,
            "quarter": 3,
            "eps": null,
            "eps_growth_year": null,
            "eps_4q": null,
            "eps_4q_growth_year": null,
            "roe": null,
            "roe_4q": 0,
            "gross_profit": null,
            "gross_margin": null,
            "gross_margin_4q_avg": 0,
            "net_income": null,
            "revenue": null,
            "common_shares": null,
            "book_valuer_per_share": null,
            "book_valuer_per_share_4q_avg": 0,
            "equity": null,
            "current_ratio": null,
            "debt_ratio": null,
            "inventory_turnover_ratio": null,
            "account_receivable_turnover_ratio": null,
            "reinvestment_rate": null,
            "research_to_sale_ratio": null,
            "price_fair": 0,
            "eps_avg_yearly": 0,
            "eps_latest_yearly": 0,
            "eps_growth_yearly": 0
        },
        "20014": {
            "year_quarter": 20014,
            "year": 2001,
            "quarter": 4,
            "eps": null,
            "eps_growth_year": null,
            "eps_4q": null,
            "eps_4q_growth_year": null,
            "roe": null,
            "roe_4q": 0,
            "gross_profit": null,
            "gross_margin": null,
            "gross_margin_4q_avg": 0,
            "net_income": null,
            "revenue": null,
            "common_shares": null,
            "book_valuer_per_share": null,
            "book_valuer_per_share_4q_avg": 0,
            "equity": null,
            "current_ratio": null,
            "debt_ratio": null,
            "inventory_turnover_ratio": null,
            "account_receivable_turnover_ratio": null,
            "reinvestment_rate": null,
            "research_to_sale_ratio": null,
            "price_fair": 0,
            "eps_avg_yearly": 0,
            "eps_latest_yearly": 0,
            "eps_growth_yearly": 0
        },
        "20021": {
            "year_quarter": 20021,
            "year": 2002,
            "quarter": 1,
            "eps": null,
            "eps_growth_year": null,
            "eps_4q": null,
            "eps_4q_growth_year": null,
            "roe": null,
            "roe_4q": 0,
            "gross_profit": null,
            "gross_margin": null,
            "gross_margin_4q_avg": 0,
            "net_income": null,
            "revenue": null,
            "common_shares": null,
            "book_valuer_per_share": null,
            "book_valuer_per_share_4q_avg": 0,
            "equity": null,
            "current_ratio": null,
            "debt_ratio": null,
            "inventory_turnover_ratio": null,
            "account_receivable_turnover_ratio": null,
            "reinvestment_rate": null,
            "research_to_sale_ratio": null,
            "price_fair": 0,
            "eps_avg_yearly": 0,
            "eps_latest_yearly": 0,
            "eps_growth_yearly": 0
        },
        "20022": {
            "year_quarter": 20022,
            "year": 2002,
            "quarter": 2,
            "eps": null,
            "eps_growth_year": null,
            "eps_4q": null,
            "eps_4q_growth_year": null,
            "roe": null,
            "roe_4q": 0,
            "gross_profit": null,
            "gross_margin": null,
            "gross_margin_4q_avg": 0,
            "net_income": null,
            "revenue": null,
            "common_shares": null,
            "book_valuer_per_share": null,
            "book_valuer_per_share_4q_avg": 0,
            "equity": null,
            "current_ratio": null,
            "debt_ratio": null,
            "inventory_turnover_ratio": null,
            "account_receivable_turnover_ratio": null,
            "reinvestment_rate": null,
            "research_to_sale_ratio": null,
            "price_fair": 0,
            "eps_avg_yearly": 0,
            "eps_latest_yearly": 0,
            "eps_growth_yearly": 0
        },
        "20023": {
            "year_quarter": 20023,
            "year": 2002,
            "quarter": 3,
            "eps": null,
            "eps_growth_year": null,
            "eps_4q": null,
            "eps_4q_growth_year": null,
            "roe": null,
            "roe_4q": 0,
            "gross_profit": null,
            "gross_margin": null,
            "gross_margin_4q_avg": 0,
            "net_income": null,
            "revenue": null,
            "common_shares": null,
            "book_valuer_per_share": null,
            "book_valuer_per_share_4q_avg": 0,
            "equity": null,
            "current_ratio": null,
            "debt_ratio": null,
            "inventory_turnover_ratio": null,
            "account_receivable_turnover_ratio": null,
            "reinvestment_rate": null,
            "research_to_sale_ratio": null,
            "price_fair": 0,
            "eps_avg_yearly": 0,
            "eps_latest_yearly": 0,
            "eps_growth_yearly": 0
        },
        "20024": {
            "year_quarter": 20024,
            "year": 2002,
            "quarter": 4,
            "eps": null,
            "eps_growth_year": null,
            "eps_4q": null,
            "eps_4q_growth_year": null,
            "roe": null,
            "roe_4q": 0,
            "gross_profit": null,
            "gross_margin": null,
            "gross_margin_4q_avg": 0,
            "net_income": null,
            "revenue": null,
            "common_shares": null,
            "book_valuer_per_share": null,
            "book_valuer_per_share_4q_avg": 0,
            "equity": null,
            "current_ratio": null,
            "debt_ratio": null,
            "inventory_turnover_ratio": null,
            "account_receivable_turnover_ratio": null,
            "reinvestment_rate": null,
            "research_to_sale_ratio": null,
            "price_fair": 0,
            "eps_avg_yearly": 0,
            "eps_latest_yearly": 0,
            "eps_growth_yearly": 0
        },
        "20031": {
            "year_quarter": 20031,
            "year": 2003,
            "quarter": 1,
            "eps": null,
            "eps_growth_year": null,
            "eps_4q": null,
            "eps_4q_growth_year": null,
            "roe": null,
            "roe_4q": 0,
            "gross_profit": null,
            "gross_margin": null,
            "gross_margin_4q_avg": 0,
            "net_income": null,
            "revenue": null,
            "common_shares": null,
            "book_valuer_per_share": null,
            "book_valuer_per_share_4q_avg": 0,
            "equity": null,
            "current_ratio": null,
            "debt_ratio": null,
            "inventory_turnover_ratio": null,
            "account_receivable_turnover_ratio": null,
            "reinvestment_rate": null,
            "research_to_sale_ratio": null,
            "price_fair": 0,
            "eps_avg_yearly": 0,
            "eps_latest_yearly": 0,
            "eps_growth_yearly": 0
        },
        "20032": {
            "year_quarter": 20032,
            "year": 2003,
            "quarter": 2,
            "eps": null,
            "eps_growth_year": null,
            "eps_4q": null,
            "eps_4q_growth_year": null,
            "roe": null,
            "roe_4q": 0,
            "gross_profit": null,
            "gross_margin": null,
            "gross_margin_4q_avg": 0,
            "net_income": null,
            "revenue": null,
            "common_shares": null,
            "book_valuer_per_share": null,
            "book_valuer_per_share_4q_avg": 0,
            "equity": null,
            "current_ratio": null,
            "debt_ratio": null,
            "inventory_turnover_ratio": null,
            "account_receivable_turnover_ratio": null,
            "reinvestment_rate": null,
            "research_to_sale_ratio": null,
            "price_fair": 0,
            "eps_avg_yearly": 0,
            "eps_latest_yearly": 0,
            "eps_growth_yearly": 0
        },
        "20033": {
            "year_quarter": 20033,
            "year": 2003,
            "quarter": 3,
            "eps": null,
            "eps_growth_year": null,
            "eps_4q": null,
            "eps_4q_growth_year": null,
            "roe": null,
            "roe_4q": 0,
            "gross_profit": null,
            "gross_margin": null,
            "gross_margin_4q_avg": 0,
            "net_income": null,
            "revenue": null,
            "common_shares": null,
            "book_valuer_per_share": null,
            "book_valuer_per_share_4q_avg": 0,
            "equity": null,
            "current_ratio": null,
            "debt_ratio": null,
            "inventory_turnover_ratio": null,
            "account_receivable_turnover_ratio": null,
            "reinvestment_rate": null,
            "research_to_sale_ratio": null,
            "price_fair": 0,
            "eps_avg_yearly": 0,
            "eps_latest_yearly": 0,
            "eps_growth_yearly": 0
        },
        "20034": {
            "year_quarter": 20034,
            "year": 2003,
            "quarter": 4,
            "eps": null,
            "eps_growth_year": null,
            "eps_4q": null,
            "eps_4q_growth_year": null,
            "roe": null,
            "roe_4q": 0,
            "gross_profit": null,
            "gross_margin": null,
            "gross_margin_4q_avg": 0,
            "net_income": null,
            "revenue": null,
            "common_shares": null,
            "book_valuer_per_share": null,
            "book_valuer_per_share_4q_avg": 0,
            "equity": null,
            "current_ratio": null,
            "debt_ratio": null,
            "inventory_turnover_ratio": null,
            "account_receivable_turnover_ratio": null,
            "reinvestment_rate": null,
            "research_to_sale_ratio": null,
            "price_fair": 0,
            "eps_avg_yearly": 0,
            "eps_latest_yearly": 0,
            "eps_growth_yearly": 0
        },
        "20041": {
            "year_quarter": 20041,
            "year": 2004,
            "quarter": 1,
            "eps": null,
            "eps_growth_year": null,
            "eps_4q": null,
            "eps_4q_growth_year": null,
            "roe": null,
            "roe_4q": 0,
            "gross_profit": null,
            "gross_margin": null,
            "gross_margin_4q_avg": 0,
            "net_income": null,
            "revenue": null,
            "common_shares": null,
            "book_valuer_per_share": null,
            "book_valuer_per_share_4q_avg": 0,
            "equity": null,
            "current_ratio": null,
            "debt_ratio": null,
            "inventory_turnover_ratio": null,
            "account_receivable_turnover_ratio": null,
            "reinvestment_rate": null,
            "research_to_sale_ratio": null,
            "price_fair": 0,
            "eps_avg_yearly": 0,
            "eps_latest_yearly": 0,
            "eps_growth_yearly": 0
        },
        "20042": {
            "year_quarter": 20042,
            "year": 2004,
            "quarter": 2,
            "eps": null,
            "eps_growth_year": null,
            "eps_4q": null,
            "eps_4q_growth_year": null,
            "roe": null,
            "roe_4q": 0,
            "gross_profit": null,
            "gross_margin": null,
            "gross_margin_4q_avg": 0,
            "net_income": null,
            "revenue": null,
            "common_shares": null,
            "book_valuer_per_share": null,
            "book_valuer_per_share_4q_avg": 0,
            "equity": null,
            "current_ratio": null,
            "debt_ratio": null,
            "inventory_turnover_ratio": null,
            "account_receivable_turnover_ratio": null,
            "reinvestment_rate": null,
            "research_to_sale_ratio": null,
            "price_fair": 0,
            "eps_avg_yearly": 0,
            "eps_latest_yearly": 0,
            "eps_growth_yearly": 0
        },
        "20043": {
            "year_quarter": 20043,
            "year": 2004,
            "quarter": 3,
            "eps": null,
            "eps_growth_year": null,
            "eps_4q": null,
            "eps_4q_growth_year": null,
            "roe": null,
            "roe_4q": 0,
            "gross_profit": null,
            "gross_margin": null,
            "gross_margin_4q_avg": 0,
            "net_income": null,
            "revenue": null,
            "common_shares": null,
            "book_valuer_per_share": null,
            "book_valuer_per_share_4q_avg": 0,
            "equity": null,
            "current_ratio": null,
            "debt_ratio": null,
            "inventory_turnover_ratio": null,
            "account_receivable_turnover_ratio": null,
            "reinvestment_rate": null,
            "research_to_sale_ratio": null,
            "price_fair": 0,
            "eps_avg_yearly": 0,
            "eps_latest_yearly": 0,
            "eps_growth_yearly": 0
        },
        "20044": {
            "year_quarter": 20044,
            "year": 2004,
            "quarter": 4,
            "eps": null,
            "eps_growth_year": null,
            "eps_4q": null,
            "eps_4q_growth_year": null,
            "roe": null,
            "roe_4q": 0,
            "gross_profit": null,
            "gross_margin": null,
            "gross_margin_4q_avg": 0,
            "net_income": null,
            "revenue": null,
            "common_shares": null,
            "book_valuer_per_share": null,
            "book_valuer_per_share_4q_avg": 0,
            "equity": null,
            "current_ratio": null,
            "debt_ratio": null,
            "inventory_turnover_ratio": null,
            "account_receivable_turnover_ratio": null,
            "reinvestment_rate": null,
            "research_to_sale_ratio": null,
            "price_fair": 0,
            "eps_avg_yearly": 0,
            "eps_latest_yearly": 0,
            "eps_growth_yearly": 0
        },
        "20051": {
            "year_quarter": 20051,
            "year": 2005,
            "quarter": 1,
            "eps": null,
            "eps_growth_year": null,
            "eps_4q": null,
            "eps_4q_growth_year": null,
            "roe": null,
            "roe_4q": 0,
            "gross_profit": null,
            "gross_margin": null,
            "gross_margin_4q_avg": 0,
            "net_income": null,
            "revenue": null,
            "common_shares": null,
            "book_valuer_per_share": null,
            "book_valuer_per_share_4q_avg": 0,
            "equity": null,
            "current_ratio": null,
            "debt_ratio": null,
            "inventory_turnover_ratio": null,
            "account_receivable_turnover_ratio": null,
            "reinvestment_rate": null,
            "research_to_sale_ratio": null,
            "price_fair": 0,
            "eps_avg_yearly": 0,
            "eps_latest_yearly": 0,
            "eps_growth_yearly": 0
        },
        "20052": {
            "year_quarter": 20052,
            "year": 2005,
            "quarter": 2,
            "eps": null,
            "eps_growth_year": null,
            "eps_4q": null,
            "eps_4q_growth_year": null,
            "roe": null,
            "roe_4q": 0,
            "gross_profit": null,
            "gross_margin": null,
            "gross_margin_4q_avg": 0,
            "net_income": null,
            "revenue": null,
            "common_shares": null,
            "book_valuer_per_share": null,
            "book_valuer_per_share_4q_avg": 0,
            "equity": null,
            "current_ratio": null,
            "debt_ratio": null,
            "inventory_turnover_ratio": null,
            "account_receivable_turnover_ratio": null,
            "reinvestment_rate": null,
            "research_to_sale_ratio": null,
            "price_fair": 0,
            "eps_avg_yearly": 0,
            "eps_latest_yearly": 0,
            "eps_growth_yearly": 0
        },
        "20053": {
            "year_quarter": 20053,
            "year": 2005,
            "quarter": 3,
            "eps": null,
            "eps_growth_year": null,
            "eps_4q": null,
            "eps_4q_growth_year": null,
            "roe": null,
            "roe_4q": 0,
            "gross_profit": null,
            "gross_margin": null,
            "gross_margin_4q_avg": 0,
            "net_income": null,
            "revenue": null,
            "common_shares": null,
            "book_valuer_per_share": null,
            "book_valuer_per_share_4q_avg": 0,
            "equity": null,
            "current_ratio": null,
            "debt_ratio": null,
            "inventory_turnover_ratio": null,
            "account_receivable_turnover_ratio": null,
            "reinvestment_rate": null,
            "research_to_sale_ratio": null,
            "price_fair": 0,
            "eps_avg_yearly": 0,
            "eps_latest_yearly": 0,
            "eps_growth_yearly": 0
        },
        "20054": {
            "year_quarter": 20054,
            "year": 2005,
            "quarter": 4,
            "eps": null,
            "eps_growth_year": null,
            "eps_4q": null,
            "eps_4q_growth_year": null,
            "roe": null,
            "roe_4q": 0,
            "gross_profit": null,
            "gross_margin": null,
            "gross_margin_4q_avg": 0,
            "net_income": null,
            "revenue": null,
            "common_shares": null,
            "book_valuer_per_share": null,
            "book_valuer_per_share_4q_avg": 0,
            "equity": null,
            "current_ratio": null,
            "debt_ratio": null,
            "inventory_turnover_ratio": null,
            "account_receivable_turnover_ratio": null,
            "reinvestment_rate": null,
            "research_to_sale_ratio": null,
            "price_fair": 0,
            "eps_avg_yearly": 0,
            "eps_latest_yearly": 0,
            "eps_growth_yearly": 0
        },
        "20061": {
            "year_quarter": 20061,
            "year": 2006,
            "quarter": 1,
            "eps": null,
            "eps_growth_year": null,
            "eps_4q": null,
            "eps_4q_growth_year": null,
            "roe": null,
            "roe_4q": 0,
            "gross_profit": null,
            "gross_margin": null,
            "gross_margin_4q_avg": 0,
            "net_income": null,
            "revenue": null,
            "common_shares": null,
            "book_valuer_per_share": null,
            "book_valuer_per_share_4q_avg": 0,
            "equity": null,
            "current_ratio": null,
            "debt_ratio": null,
            "inventory_turnover_ratio": null,
            "account_receivable_turnover_ratio": null,
            "reinvestment_rate": null,
            "research_to_sale_ratio": null,
            "price_fair": 0,
            "eps_avg_yearly": 0,
            "eps_latest_yearly": 0,
            "eps_growth_yearly": 0
        },
        "20062": {
            "year_quarter": 20062,
            "year": 2006,
            "quarter": 2,
            "eps": null,
            "eps_growth_year": null,
            "eps_4q": null,
            "eps_4q_growth_year": null,
            "roe": null,
            "roe_4q": 0,
            "gross_profit": null,
            "gross_margin": null,
            "gross_margin_4q_avg": 0,
            "net_income": null,
            "revenue": null,
            "common_shares": null,
            "book_valuer_per_share": null,
            "book_valuer_per_share_4q_avg": 0,
            "equity": null,
            "current_ratio": null,
            "debt_ratio": null,
            "inventory_turnover_ratio": null,
            "account_receivable_turnover_ratio": null,
            "reinvestment_rate": null,
            "research_to_sale_ratio": null,
            "price_fair": 0,
            "eps_avg_yearly": 0,
            "eps_latest_yearly": 0,
            "eps_growth_yearly": 0
        },
        "20063": {
            "year_quarter": 20063,
            "year": 2006,
            "quarter": 3,
            "eps": null,
            "eps_growth_year": null,
            "eps_4q": null,
            "eps_4q_growth_year": null,
            "roe": null,
            "roe_4q": 0,
            "gross_profit": null,
            "gross_margin": null,
            "gross_margin_4q_avg": 0,
            "net_income": null,
            "revenue": null,
            "common_shares": null,
            "book_valuer_per_share": null,
            "book_valuer_per_share_4q_avg": 0,
            "equity": null,
            "current_ratio": null,
            "debt_ratio": null,
            "inventory_turnover_ratio": null,
            "account_receivable_turnover_ratio": null,
            "reinvestment_rate": null,
            "research_to_sale_ratio": null,
            "price_fair": 0,
            "eps_avg_yearly": 0,
            "eps_latest_yearly": 0,
            "eps_growth_yearly": 0
        },
        "20064": {
            "year_quarter": 20064,
            "year": 2006,
            "quarter": 4,
            "eps": null,
            "eps_growth_year": null,
            "eps_4q": null,
            "eps_4q_growth_year": null,
            "roe": null,
            "roe_4q": 0,
            "gross_profit": null,
            "gross_margin": null,
            "gross_margin_4q_avg": 0,
            "net_income": null,
            "revenue": null,
            "common_shares": null,
            "book_valuer_per_share": null,
            "book_valuer_per_share_4q_avg": 0,
            "equity": null,
            "current_ratio": null,
            "debt_ratio": null,
            "inventory_turnover_ratio": null,
            "account_receivable_turnover_ratio": null,
            "reinvestment_rate": null,
            "research_to_sale_ratio": null,
            "price_fair": 0,
            "eps_avg_yearly": 0,
            "eps_latest_yearly": 0,
            "eps_growth_yearly": 0
        },
        "20071": {
            "year_quarter": 20071,
            "year": 2007,
            "quarter": 1,
            "eps": null,
            "eps_growth_year": null,
            "eps_4q": null,
            "eps_4q_growth_year": null,
            "roe": null,
            "roe_4q": 0,
            "gross_profit": null,
            "gross_margin": null,
            "gross_margin_4q_avg": 0,
            "net_income": null,
            "revenue": null,
            "common_shares": null,
            "book_valuer_per_share": null,
            "book_valuer_per_share_4q_avg": 0,
            "equity": null,
            "current_ratio": null,
            "debt_ratio": null,
            "inventory_turnover_ratio": null,
            "account_receivable_turnover_ratio": null,
            "reinvestment_rate": null,
            "research_to_sale_ratio": null,
            "price_fair": 0,
            "eps_avg_yearly": 0,
            "eps_latest_yearly": 0,
            "eps_growth_yearly": 0
        },
        "20072": {
            "year_quarter": 20072,
            "year": 2007,
            "quarter": 2,
            "eps": null,
            "eps_growth_year": null,
            "eps_4q": null,
            "eps_4q_growth_year": null,
            "roe": null,
            "roe_4q": 0,
            "gross_profit": null,
            "gross_margin": null,
            "gross_margin_4q_avg": 0,
            "net_income": null,
            "revenue": null,
            "common_shares": null,
            "book_valuer_per_share": null,
            "book_valuer_per_share_4q_avg": 0,
            "equity": null,
            "current_ratio": null,
            "debt_ratio": null,
            "inventory_turnover_ratio": null,
            "account_receivable_turnover_ratio": null,
            "reinvestment_rate": null,
            "research_to_sale_ratio": null,
            "price_fair": 0,
            "eps_avg_yearly": 0,
            "eps_latest_yearly": 0,
            "eps_growth_yearly": 0
        },
        "20073": {
            "year_quarter": 20073,
            "year": 2007,
            "quarter": 3,
            "eps": null,
            "eps_growth_year": null,
            "eps_4q": null,
            "eps_4q_growth_year": null,
            "roe": null,
            "roe_4q": 0,
            "gross_profit": null,
            "gross_margin": null,
            "gross_margin_4q_avg": 0,
            "net_income": null,
            "revenue": null,
            "common_shares": null,
            "book_valuer_per_share": null,
            "book_valuer_per_share_4q_avg": 0,
            "equity": null,
            "current_ratio": null,
            "debt_ratio": null,
            "inventory_turnover_ratio": null,
            "account_receivable_turnover_ratio": null,
            "reinvestment_rate": null,
            "research_to_sale_ratio": null,
            "price_fair": 0,
            "eps_avg_yearly": 0,
            "eps_latest_yearly": 0,
            "eps_growth_yearly": 0
        },
        "20074": {
            "year_quarter": 20074,
            "year": 2007,
            "quarter": 4,
            "eps": null,
            "eps_growth_year": null,
            "eps_4q": null,
            "eps_4q_growth_year": null,
            "roe": null,
            "roe_4q": 0,
            "gross_profit": null,
            "gross_margin": null,
            "gross_margin_4q_avg": 0,
            "net_income": null,
            "revenue": null,
            "common_shares": null,
            "book_valuer_per_share": null,
            "book_valuer_per_share_4q_avg": 0,
            "equity": null,
            "current_ratio": null,
            "debt_ratio": null,
            "inventory_turnover_ratio": null,
            "account_receivable_turnover_ratio": null,
            "reinvestment_rate": null,
            "research_to_sale_ratio": null,
            "price_fair": 0,
            "eps_avg_yearly": 0,
            "eps_latest_yearly": 0,
            "eps_growth_yearly": 0
        },
        "20081": {
            "year_quarter": 20081,
            "year": 2008,
            "quarter": 1,
            "eps": null,
            "eps_growth_year": null,
            "eps_4q": null,
            "eps_4q_growth_year": null,
            "roe": null,
            "roe_4q": 0,
            "gross_profit": null,
            "gross_margin": null,
            "gross_margin_4q_avg": 0,
            "net_income": null,
            "revenue": null,
            "common_shares": null,
            "book_valuer_per_share": null,
            "book_valuer_per_share_4q_avg": 0,
            "equity": null,
            "current_ratio": null,
            "debt_ratio": null,
            "inventory_turnover_ratio": null,
            "account_receivable_turnover_ratio": null,
            "reinvestment_rate": null,
            "research_to_sale_ratio": null,
            "price_fair": 0,
            "eps_avg_yearly": 0,
            "eps_latest_yearly": 0,
            "eps_growth_yearly": 0
        },
        "20082": {
            "year_quarter": 20082,
            "year": 2008,
            "quarter": 2,
            "eps": null,
            "eps_growth_year": null,
            "eps_4q": null,
            "eps_4q_growth_year": null,
            "roe": null,
            "roe_4q": 0,
            "gross_profit": null,
            "gross_margin": null,
            "gross_margin_4q_avg": 0,
            "net_income": null,
            "revenue": null,
            "common_shares": null,
            "book_valuer_per_share": null,
            "book_valuer_per_share_4q_avg": 0,
            "equity": null,
            "current_ratio": null,
            "debt_ratio": null,
            "inventory_turnover_ratio": null,
            "account_receivable_turnover_ratio": null,
            "reinvestment_rate": null,
            "research_to_sale_ratio": null,
            "price_fair": 0,
            "eps_avg_yearly": 0,
            "eps_latest_yearly": 0,
            "eps_growth_yearly": 0
        },
        "20083": {
            "year_quarter": 20083,
            "year": 2008,
            "quarter": 3,
            "eps": null,
            "eps_growth_year": null,
            "eps_4q": null,
            "eps_4q_growth_year": null,
            "roe": null,
            "roe_4q": 0,
            "gross_profit": null,
            "gross_margin": null,
            "gross_margin_4q_avg": 0,
            "net_income": null,
            "revenue": null,
            "common_shares": null,
            "book_valuer_per_share": null,
            "book_valuer_per_share_4q_avg": 0,
            "equity": null,
            "current_ratio": null,
            "debt_ratio": null,
            "inventory_turnover_ratio": null,
            "account_receivable_turnover_ratio": null,
            "reinvestment_rate": null,
            "research_to_sale_ratio": null,
            "price_fair": 0,
            "eps_avg_yearly": 0,
            "eps_latest_yearly": 0,
            "eps_growth_yearly": 0
        },
        "20084": {
            "year_quarter": 20084,
            "year": 2008,
            "quarter": 4,
            "eps": null,
            "eps_growth_year": null,
            "eps_4q": null,
            "eps_4q_growth_year": null,
            "roe": null,
            "roe_4q": 0,
            "gross_profit": null,
            "gross_margin": null,
            "gross_margin_4q_avg": 0,
            "net_income": null,
            "revenue": null,
            "common_shares": null,
            "book_valuer_per_share": null,
            "book_valuer_per_share_4q_avg": 0,
            "equity": null,
            "current_ratio": null,
            "debt_ratio": null,
            "inventory_turnover_ratio": null,
            "account_receivable_turnover_ratio": null,
            "reinvestment_rate": null,
            "research_to_sale_ratio": null,
            "price_fair": 0,
            "eps_avg_yearly": 0,
            "eps_latest_yearly": 0,
            "eps_growth_yearly": 0
        },
        "20091": {
            "year_quarter": 20091,
            "year": 2009,
            "quarter": 1,
            "eps": null,
            "eps_growth_year": null,
            "eps_4q": null,
            "eps_4q_growth_year": null,
            "roe": null,
            "roe_4q": 0,
            "gross_profit": null,
            "gross_margin": null,
            "gross_margin_4q_avg": 0,
            "net_income": null,
            "revenue": null,
            "common_shares": null,
            "book_valuer_per_share": null,
            "book_valuer_per_share_4q_avg": 0,
            "equity": null,
            "current_ratio": null,
            "debt_ratio": null,
            "inventory_turnover_ratio": null,
            "account_receivable_turnover_ratio": null,
            "reinvestment_rate": null,
            "research_to_sale_ratio": null,
            "price_fair": 0,
            "eps_avg_yearly": 0,
            "eps_latest_yearly": 0,
            "eps_growth_yearly": 0
        },
        "20092": {
            "year_quarter": 20092,
            "year": 2009,
            "quarter": 2,
            "eps": null,
            "eps_growth_year": null,
            "eps_4q": null,
            "eps_4q_growth_year": null,
            "roe": null,
            "roe_4q": 0,
            "gross_profit": null,
            "gross_margin": null,
            "gross_margin_4q_avg": 0,
            "net_income": null,
            "revenue": null,
            "common_shares": null,
            "book_valuer_per_share": null,
            "book_valuer_per_share_4q_avg": 0,
            "equity": null,
            "current_ratio": null,
            "debt_ratio": null,
            "inventory_turnover_ratio": null,
            "account_receivable_turnover_ratio": null,
            "reinvestment_rate": null,
            "research_to_sale_ratio": null,
            "price_fair": 0,
            "eps_avg_yearly": 0,
            "eps_latest_yearly": 0,
            "eps_growth_yearly": 0
        },
        "20093": {
            "year_quarter": 20093,
            "year": 2009,
            "quarter": 3,
            "eps": null,
            "eps_growth_year": null,
            "eps_4q": null,
            "eps_4q_growth_year": null,
            "roe": null,
            "roe_4q": 0,
            "gross_profit": null,
            "gross_margin": null,
            "gross_margin_4q_avg": 0,
            "net_income": null,
            "revenue": null,
            "common_shares": null,
            "book_valuer_per_share": null,
            "book_valuer_per_share_4q_avg": 0,
            "equity": null,
            "current_ratio": null,
            "debt_ratio": null,
            "inventory_turnover_ratio": null,
            "account_receivable_turnover_ratio": null,
            "reinvestment_rate": null,
            "research_to_sale_ratio": null,
            "price_fair": 0,
            "eps_avg_yearly": 0,
            "eps_latest_yearly": 0,
            "eps_growth_yearly": 0
        },
        "20094": {
            "year_quarter": 20094,
            "year": 2009,
            "quarter": 4,
            "eps": null,
            "eps_growth_year": null,
            "eps_4q": null,
            "eps_4q_growth_year": null,
            "roe": null,
            "roe_4q": 0,
            "gross_profit": null,
            "gross_margin": null,
            "gross_margin_4q_avg": 0,
            "net_income": null,
            "revenue": null,
            "common_shares": null,
            "book_valuer_per_share": null,
            "book_valuer_per_share_4q_avg": 0,
            "equity": null,
            "current_ratio": null,
            "debt_ratio": null,
            "inventory_turnover_ratio": null,
            "account_receivable_turnover_ratio": null,
            "reinvestment_rate": null,
            "research_to_sale_ratio": null,
            "price_fair": 0,
            "eps_avg_yearly": 0,
            "eps_latest_yearly": 0,
            "eps_growth_yearly": 0
        },
        "20101": {
            "year_quarter": 20101,
            "year": 2010,
            "quarter": 1,
            "eps": null,
            "eps_growth_year": null,
            "eps_4q": null,
            "eps_4q_growth_year": null,
            "roe": null,
            "roe_4q": 0,
            "gross_profit": null,
            "gross_margin": null,
            "gross_margin_4q_avg": 0,
            "net_income": null,
            "revenue": null,
            "common_shares": null,
            "book_valuer_per_share": null,
            "book_valuer_per_share_4q_avg": 0,
            "equity": null,
            "current_ratio": null,
            "debt_ratio": null,
            "inventory_turnover_ratio": null,
            "account_receivable_turnover_ratio": null,
            "reinvestment_rate": null,
            "research_to_sale_ratio": null,
            "price_fair": 0,
            "eps_avg_yearly": 0,
            "eps_latest_yearly": 0,
            "eps_growth_yearly": 0
        },
        "20102": {
            "year_quarter": 20102,
            "year": 2010,
            "quarter": 2,
            "eps": null,
            "eps_growth_year": null,
            "eps_4q": null,
            "eps_4q_growth_year": null,
            "roe": null,
            "roe_4q": 0,
            "gross_profit": null,
            "gross_margin": null,
            "gross_margin_4q_avg": 0,
            "net_income": null,
            "revenue": null,
            "common_shares": null,
            "book_valuer_per_share": null,
            "book_valuer_per_share_4q_avg": 0,
            "equity": null,
            "current_ratio": null,
            "debt_ratio": null,
            "inventory_turnover_ratio": null,
            "account_receivable_turnover_ratio": null,
            "reinvestment_rate": null,
            "research_to_sale_ratio": null,
            "price_fair": 0,
            "eps_avg_yearly": 0,
            "eps_latest_yearly": 0,
            "eps_growth_yearly": 0
        },
        "20103": {
            "year_quarter": 20103,
            "year": 2010,
            "quarter": 3,
            "eps": null,
            "eps_growth_year": null,
            "eps_4q": null,
            "eps_4q_growth_year": null,
            "roe": null,
            "roe_4q": 0,
            "gross_profit": null,
            "gross_margin": null,
            "gross_margin_4q_avg": 0,
            "net_income": null,
            "revenue": null,
            "common_shares": null,
            "book_valuer_per_share": null,
            "book_valuer_per_share_4q_avg": 0,
            "equity": null,
            "current_ratio": null,
            "debt_ratio": null,
            "inventory_turnover_ratio": null,
            "account_receivable_turnover_ratio": null,
            "reinvestment_rate": null,
            "research_to_sale_ratio": null,
            "price_fair": 0,
            "eps_avg_yearly": 0,
            "eps_latest_yearly": 0,
            "eps_growth_yearly": 0
        },
        "20104": {
            "year_quarter": 20104,
            "year": 2010,
            "quarter": 4,
            "eps": null,
            "eps_growth_year": null,
            "eps_4q": null,
            "eps_4q_growth_year": null,
            "roe": null,
            "roe_4q": 0,
            "gross_profit": null,
            "gross_margin": null,
            "gross_margin_4q_avg": 0,
            "net_income": null,
            "revenue": null,
            "common_shares": null,
            "book_valuer_per_share": null,
            "book_valuer_per_share_4q_avg": 0,
            "equity": null,
            "current_ratio": null,
            "debt_ratio": null,
            "inventory_turnover_ratio": null,
            "account_receivable_turnover_ratio": null,
            "reinvestment_rate": null,
            "research_to_sale_ratio": null,
            "price_fair": 0,
            "eps_avg_yearly": 0,
            "eps_latest_yearly": 0,
            "eps_growth_yearly": 0
        },
        "20111": {
            "year_quarter": 20111,
            "year": 2011,
            "quarter": 1,
            "eps": null,
            "eps_growth_year": null,
            "eps_4q": null,
            "eps_4q_growth_year": null,
            "roe": null,
            "roe_4q": 0,
            "gross_profit": null,
            "gross_margin": null,
            "gross_margin_4q_avg": 0,
            "net_income": null,
            "revenue": null,
            "common_shares": null,
            "book_valuer_per_share": null,
            "book_valuer_per_share_4q_avg": 0,
            "equity": null,
            "current_ratio": null,
            "debt_ratio": null,
            "inventory_turnover_ratio": null,
            "account_receivable_turnover_ratio": null,
            "reinvestment_rate": null,
            "research_to_sale_ratio": null,
            "price_fair": 0,
            "eps_avg_yearly": 0,
            "eps_latest_yearly": 0,
            "eps_growth_yearly": 0
        },
        "20112": {
            "year_quarter": 20112,
            "year": 2011,
            "quarter": 2,
            "eps": null,
            "eps_growth_year": null,
            "eps_4q": null,
            "eps_4q_growth_year": null,
            "roe": null,
            "roe_4q": 0,
            "gross_profit": null,
            "gross_margin": null,
            "gross_margin_4q_avg": 0,
            "net_income": null,
            "revenue": null,
            "common_shares": null,
            "book_valuer_per_share": null,
            "book_valuer_per_share_4q_avg": 0,
            "equity": null,
            "current_ratio": null,
            "debt_ratio": null,
            "inventory_turnover_ratio": null,
            "account_receivable_turnover_ratio": null,
            "reinvestment_rate": null,
            "research_to_sale_ratio": null,
            "price_fair": 0,
            "eps_avg_yearly": 0,
            "eps_latest_yearly": 0,
            "eps_growth_yearly": 0
        },
        "20113": {
            "year_quarter": 20113,
            "year": 2011,
            "quarter": 3,
            "eps": null,
            "eps_growth_year": null,
            "eps_4q": null,
            "eps_4q_growth_year": null,
            "roe": null,
            "roe_4q": 0,
            "gross_profit": null,
            "gross_margin": null,
            "gross_margin_4q_avg": 0,
            "net_income": null,
            "revenue": null,
            "common_shares": null,
            "book_valuer_per_share": null,
            "book_valuer_per_share_4q_avg": 0,
            "equity": null,
            "current_ratio": null,
            "debt_ratio": null,
            "inventory_turnover_ratio": null,
            "account_receivable_turnover_ratio": null,
            "reinvestment_rate": null,
            "research_to_sale_ratio": null,
            "price_fair": 0,
            "eps_avg_yearly": 0,
            "eps_latest_yearly": 0,
            "eps_growth_yearly": 0
        },
        "20114": {
            "year_quarter": 20114,
            "year": 2011,
            "quarter": 4,
            "eps": null,
            "eps_growth_year": null,
            "eps_4q": null,
            "eps_4q_growth_year": null,
            "roe": null,
            "roe_4q": 0,
            "gross_profit": null,
            "gross_margin": null,
            "gross_margin_4q_avg": 0,
            "net_income": null,
            "revenue": null,
            "common_shares": null,
            "book_valuer_per_share": null,
            "book_valuer_per_share_4q_avg": 0,
            "equity": null,
            "current_ratio": null,
            "debt_ratio": null,
            "inventory_turnover_ratio": null,
            "account_receivable_turnover_ratio": null,
            "reinvestment_rate": null,
            "research_to_sale_ratio": null,
            "price_fair": 0,
            "eps_avg_yearly": 0,
            "eps_latest_yearly": 0,
            "eps_growth_yearly": 0
        },
        "20121": {
            "year_quarter": 20121,
            "year": 2012,
            "quarter": 1,
            "eps": null,
            "eps_growth_year": null,
            "eps_4q": null,
            "eps_4q_growth_year": null,
            "roe": null,
            "roe_4q": 0,
            "gross_profit": null,
            "gross_margin": null,
            "gross_margin_4q_avg": 0,
            "net_income": null,
            "revenue": null,
            "common_shares": null,
            "book_valuer_per_share": null,
            "book_valuer_per_share_4q_avg": 0,
            "equity": null,
            "current_ratio": null,
            "debt_ratio": null,
            "inventory_turnover_ratio": null,
            "account_receivable_turnover_ratio": null,
            "reinvestment_rate": null,
            "research_to_sale_ratio": null,
            "price_fair": 0,
            "eps_avg_yearly": 0,
            "eps_latest_yearly": 0,
            "eps_growth_yearly": 0
        },
        "20122": {
            "year_quarter": 20122,
            "year": 2012,
            "quarter": 2,
            "eps": null,
            "eps_growth_year": null,
            "eps_4q": null,
            "eps_4q_growth_year": null,
            "roe": null,
            "roe_4q": 0,
            "gross_profit": null,
            "gross_margin": null,
            "gross_margin_4q_avg": 0,
            "net_income": null,
            "revenue": null,
            "common_shares": null,
            "book_valuer_per_share": null,
            "book_valuer_per_share_4q_avg": 0,
            "equity": null,
            "current_ratio": null,
            "debt_ratio": null,
            "inventory_turnover_ratio": null,
            "account_receivable_turnover_ratio": null,
            "reinvestment_rate": null,
            "research_to_sale_ratio": null,
            "price_fair": 0,
            "eps_avg_yearly": 0,
            "eps_latest_yearly": 0,
            "eps_growth_yearly": 0
        },
        "20123": {
            "year_quarter": 20123,
            "year": 2012,
            "quarter": 3,
            "eps": null,
            "eps_growth_year": null,
            "eps_4q": null,
            "eps_4q_growth_year": null,
            "roe": null,
            "roe_4q": 0,
            "gross_profit": null,
            "gross_margin": null,
            "gross_margin_4q_avg": 0,
            "net_income": null,
            "revenue": null,
            "common_shares": null,
            "book_valuer_per_share": null,
            "book_valuer_per_share_4q_avg": 0,
            "equity": null,
            "current_ratio": null,
            "debt_ratio": null,
            "inventory_turnover_ratio": null,
            "account_receivable_turnover_ratio": null,
            "reinvestment_rate": null,
            "research_to_sale_ratio": null,
            "price_fair": 0,
            "eps_avg_yearly": 0,
            "eps_latest_yearly": 0,
            "eps_growth_yearly": 0
        },
        "20124": {
            "year_quarter": 20124,
            "year": 2012,
            "quarter": 4,
            "eps": null,
            "eps_growth_year": null,
            "eps_4q": null,
            "eps_4q_growth_year": null,
            "roe": null,
            "roe_4q": 0,
            "gross_profit": null,
            "gross_margin": null,
            "gross_margin_4q_avg": 0,
            "net_income": null,
            "revenue": null,
            "common_shares": 85500,
            "book_valuer_per_share": 25.67,
            "book_valuer_per_share_4q_avg": 6.42,
            "equity": 439000,
            "current_ratio": 252.95,
            "debt_ratio": 37.45,
            "inventory_turnover_ratio": null,
            "account_receivable_turnover_ratio": null,
            "reinvestment_rate": null,
            "research_to_sale_ratio": null,
            "price_fair": 0,
            "eps_avg_yearly": 0,
            "eps_latest_yearly": 0,
            "eps_growth_yearly": 0
        },
        "20131": {
            "year_quarter": 20131,
            "year": 2013,
            "quarter": 1,
            "eps": null,
            "eps_growth_year": null,
            "eps_4q": null,
            "eps_4q_growth_year": null,
            "roe": null,
            "roe_4q": 0,
            "gross_profit": null,
            "gross_margin": null,
            "gross_margin_4q_avg": 0,
            "net_income": null,
            "revenue": null,
            "common_shares": null,
            "book_valuer_per_share": null,
            "book_valuer_per_share_4q_avg": 6.42,
            "equity": null,
            "current_ratio": null,
            "debt_ratio": null,
            "inventory_turnover_ratio": null,
            "account_receivable_turnover_ratio": null,
            "reinvestment_rate": null,
            "research_to_sale_ratio": null,
            "price_fair": 0,
            "eps_avg_yearly": 0,
            "eps_latest_yearly": 0,
            "eps_growth_yearly": 0
        },
        "20132": {
            "year_quarter": 20132,
            "year": 2013,
            "quarter": 2,
            "eps": null,
            "eps_growth_year": null,
            "eps_4q": null,
            "eps_4q_growth_year": null,
            "roe": null,
            "roe_4q": 0,
            "gross_profit": null,
            "gross_margin": null,
            "gross_margin_4q_avg": 0,
            "net_income": null,
            "revenue": null,
            "common_shares": null,
            "book_valuer_per_share": null,
            "book_valuer_per_share_4q_avg": 6.42,
            "equity": null,
            "current_ratio": null,
            "debt_ratio": null,
            "inventory_turnover_ratio": null,
            "account_receivable_turnover_ratio": null,
            "reinvestment_rate": null,
            "research_to_sale_ratio": null,
            "price_fair": 0,
            "eps_avg_yearly": 0,
            "eps_latest_yearly": 0,
            "eps_growth_yearly": 0
        },
        "20133": {
            "year_quarter": 20133,
            "year": 2013,
            "quarter": 3,
            "eps": null,
            "eps_growth_year": null,
            "eps_4q": null,
            "eps_4q_growth_year": null,
            "roe": null,
            "roe_4q": 0,
            "gross_profit": null,
            "gross_margin": null,
            "gross_margin_4q_avg": 0,
            "net_income": null,
            "revenue": null,
            "common_shares": null,
            "book_valuer_per_share": null,
            "book_valuer_per_share_4q_avg": 6.42,
            "equity": null,
            "current_ratio": null,
            "debt_ratio": null,
            "inventory_turnover_ratio": null,
            "account_receivable_turnover_ratio": null,
            "reinvestment_rate": null,
            "research_to_sale_ratio": null,
            "price_fair": 0,
            "eps_avg_yearly": 0,
            "eps_latest_yearly": 0,
            "eps_growth_yearly": 0
        },
        "20134": {
            "year_quarter": 20134,
            "year": 2013,
            "quarter": 4,
            "eps": null,
            "eps_growth_year": null,
            "eps_4q": null,
            "eps_4q_growth_year": null,
            "roe": null,
            "roe_4q": 0,
            "gross_profit": null,
            "gross_margin": null,
            "gross_margin_4q_avg": 0,
            "net_income": null,
            "revenue": null,
            "common_shares": null,
            "book_valuer_per_share": null,
            "book_valuer_per_share_4q_avg": 0,
            "equity": null,
            "current_ratio": null,
            "debt_ratio": null,
            "inventory_turnover_ratio": null,
            "account_receivable_turnover_ratio": null,
            "reinvestment_rate": null,
            "research_to_sale_ratio": null,
            "price_fair": 0,
            "eps_avg_yearly": 0,
            "eps_latest_yearly": 0,
            "eps_growth_yearly": 0
        },
        "20141": {
            "year_quarter": 20141,
            "year": 2014,
            "quarter": 1,
            "eps": null,
            "eps_growth_year": null,
            "eps_4q": null,
            "eps_4q_growth_year": null,
            "roe": null,
            "roe_4q": 0,
            "gross_profit": null,
            "gross_margin": null,
            "gross_margin_4q_avg": 0,
            "net_income": null,
            "revenue": null,
            "common_shares": null,
            "book_valuer_per_share": null,
            "book_valuer_per_share_4q_avg": 0,
            "equity": null,
            "current_ratio": null,
            "debt_ratio": null,
            "inventory_turnover_ratio": null,
            "account_receivable_turnover_ratio": null,
            "reinvestment_rate": null,
            "research_to_sale_ratio": null,
            "price_fair": 0,
            "eps_avg_yearly": 0,
            "eps_latest_yearly": 0,
            "eps_growth_yearly": 0
        },
        "20142": {
            "year_quarter": 20142,
            "year": 2014,
            "quarter": 2,
            "eps": null,
            "eps_growth_year": null,
            "eps_4q": null,
            "eps_4q_growth_year": null,
            "roe": null,
            "roe_4q": 0,
            "gross_profit": null,
            "gross_margin": null,
            "gross_margin_4q_avg": 0,
            "net_income": null,
            "revenue": null,
            "common_shares": 261170,
            "book_valuer_per_share": null,
            "book_valuer_per_share_4q_avg": 0,
            "equity": 967653,
            "current_ratio": null,
            "debt_ratio": null,
            "inventory_turnover_ratio": null,
            "account_receivable_turnover_ratio": null,
            "reinvestment_rate": null,
            "research_to_sale_ratio": null,
            "price_fair": 0,
            "eps_avg_yearly": 0,
            "eps_latest_yearly": 0,
            "eps_growth_yearly": 0
        },
        "20143": {
            "year_quarter": 20143,
            "year": 2014,
            "quarter": 3,
            "eps": null,
            "eps_growth_year": null,
            "eps_4q": null,
            "eps_4q_growth_year": null,
            "roe": null,
            "roe_4q": 0,
            "gross_profit": null,
            "gross_margin": null,
            "gross_margin_4q_avg": 0,
            "net_income": null,
            "revenue": null,
            "common_shares": null,
            "book_valuer_per_share": null,
            "book_valuer_per_share_4q_avg": 0,
            "equity": null,
            "current_ratio": null,
            "debt_ratio": null,
            "inventory_turnover_ratio": null,
            "account_receivable_turnover_ratio": null,
            "reinvestment_rate": null,
            "research_to_sale_ratio": null,
            "price_fair": 0,
            "eps_avg_yearly": 0,
            "eps_latest_yearly": 0,
            "eps_growth_yearly": 0
        },
        "20144": {
            "year_quarter": 20144,
            "year": 2014,
            "quarter": 4,
            "eps": null,
            "eps_growth_year": null,
            "eps_4q": null,
            "eps_4q_growth_year": null,
            "roe": null,
            "roe_4q": 0,
            "gross_profit": null,
            "gross_margin": null,
            "gross_margin_4q_avg": 0,
            "net_income": null,
            "revenue": null,
            "common_shares": 313404,
            "book_valuer_per_share": null,
            "book_valuer_per_share_4q_avg": 0,
            "equity": 1376783,
            "current_ratio": null,
            "debt_ratio": null,
            "inventory_turnover_ratio": null,
            "account_receivable_turnover_ratio": null,
            "reinvestment_rate": null,
            "research_to_sale_ratio": null,
            "price_fair": 0,
            "eps_avg_yearly": 0,
            "eps_latest_yearly": 0,
            "eps_growth_yearly": 0
        },
        "20151": {
            "year_quarter": 20151,
            "year": 2015,
            "quarter": 1,
            "eps": null,
            "eps_growth_year": null,
            "eps_4q": null,
            "eps_4q_growth_year": null,
            "roe": null,
            "roe_4q": 0,
            "gross_profit": 258116,
            "gross_margin": null,
            "gross_margin_4q_avg": 0,
            "net_income": 96754,
            "revenue": 715720,
            "common_shares": 315644,
            "book_valuer_per_share": null,
            "book_valuer_per_share_4q_avg": 0,
            "equity": 1517027,
            "current_ratio": null,
            "debt_ratio": null,
            "inventory_turnover_ratio": null,
            "account_receivable_turnover_ratio": null,
            "reinvestment_rate": null,
            "research_to_sale_ratio": null,
            "price_fair": 0,
            "eps_avg_yearly": 0,
            "eps_latest_yearly": 0,
            "eps_growth_yearly": 0
        },
        "20152": {
            "year_quarter": 20152,
            "year": 2015,
            "quarter": 2,
            "eps": null,
            "eps_growth_year": null,
            "eps_4q": null,
            "eps_4q_growth_year": null,
            "roe": null,
            "roe_4q": 0,
            "gross_profit": 145857,
            "gross_margin": null,
            "gross_margin_4q_avg": 0,
            "net_income": 33213,
            "revenue": 429628,
            "common_shares": 326754,
            "book_valuer_per_share": 42.71,
            "book_valuer_per_share_4q_avg": 10.68,
            "equity": 1395464,
            "current_ratio": 321.83,
            "debt_ratio": 29.87,
            "inventory_turnover_ratio": null,
            "account_receivable_turnover_ratio": null,
            "reinvestment_rate": null,
            "research_to_sale_ratio": null,
            "price_fair": 0,
            "eps_avg_yearly": 0,
            "eps_latest_yearly": 0,
            "eps_growth_yearly": 0
        },
        "20153": {
            "year_quarter": 20153,
            "year": 2015,
            "quarter": 3,
            "eps": null,
            "eps_growth_year": null,
            "eps_4q": null,
            "eps_4q_growth_year": null,
            "roe": null,
            "roe_4q": 0,
            "gross_profit": 219203,
            "gross_margin": null,
            "gross_margin_4q_avg": 0,
            "net_income": 164014,
            "revenue": 583666,
            "common_shares": 621853,
            "book_valuer_per_share": 12.63,
            "book_valuer_per_share_4q_avg": 13.84,
            "equity": 1571363,
            "current_ratio": 365.67,
            "debt_ratio": 26.07,
            "inventory_turnover_ratio": null,
            "account_receivable_turnover_ratio": null,
            "reinvestment_rate": null,
            "research_to_sale_ratio": null,
            "price_fair": 0,
            "eps_avg_yearly": 0,
            "eps_latest_yearly": 0,
            "eps_growth_yearly": 0
        },
        "20154": {
            "year_quarter": 20154,
            "year": 2015,
            "quarter": 4,
            "eps": null,
            "eps_growth_year": null,
            "eps_4q": null,
            "eps_4q_growth_year": null,
            "roe": null,
            "roe_4q": 0,
            "gross_profit": 328815,
            "gross_margin": null,
            "gross_margin_4q_avg": 0,
            "net_income": 171615,
            "revenue": 873496,
            "common_shares": 624053,
            "book_valuer_per_share": 28.08,
            "book_valuer_per_share_4q_avg": 20.86,
            "equity": 1752164,
            "current_ratio": 652.23,
            "debt_ratio": 14.74,
            "inventory_turnover_ratio": null,
            "account_receivable_turnover_ratio": null,
            "reinvestment_rate": null,
            "research_to_sale_ratio": null,
            "price_fair": 0,
            "eps_avg_yearly": 0,
            "eps_latest_yearly": 0,
            "eps_growth_yearly": 0
        },
        "20161": {
            "year_quarter": 20161,
            "year": 2016,
            "quarter": 1,
            "eps": 2.05,
            "eps_growth_year": null,
            "eps_4q": 1.01,
            "eps_4q_growth_year": null,
            "roe": 7,
            "roe_4q": 7,
            "gross_profit": 286089,
            "gross_margin": 39.6,
            "gross_margin_4q_avg": 9.9,
            "net_income": 127416,
            "revenue": 722375,
            "common_shares": 628603,
            "book_valuer_per_share": 30.05,
            "book_valuer_per_share_4q_avg": 28.37,
            "equity": 1889201,
            "current_ratio": 405.21,
            "debt_ratio": 23.7,
            "inventory_turnover_ratio": 1.55,
            "account_receivable_turnover_ratio": 0.9,
            "reinvestment_rate": null,
            "research_to_sale_ratio": 10.45,
            "price_fair": 0,
            "eps_avg_yearly": 0,
            "eps_latest_yearly": 0,
            "eps_growth_yearly": 0
        },
        "20162": {
            "year_quarter": 20162,
            "year": 2016,
            "quarter": 2,
            "eps": 0.92,
            "eps_growth_year": null,
            "eps_4q": 1.34,
            "eps_4q_growth_year": null,
            "roe": 2.87,
            "roe_4q": 9.870000000000001,
            "gross_profit": 181008,
            "gross_margin": 32.74,
            "gross_margin_4q_avg": 18.09,
            "net_income": 60384,
            "revenue": 552861,
            "common_shares": 700433,
            "book_valuer_per_share": 33,
            "book_valuer_per_share_4q_avg": 25.94,
            "equity": 2311559,
            "current_ratio": 460.77,
            "debt_ratio": 20.95,
            "inventory_turnover_ratio": 0.9,
            "account_receivable_turnover_ratio": 0.88,
            "reinvestment_rate": null,
            "research_to_sale_ratio": 12.86,
            "price_fair": 11.04,
            "eps_avg_yearly": 3.68,
            "eps_latest_yearly": 3.68,
            "eps_growth_yearly": -220.49
        },
        "20163": {
            "year_quarter": 20163,
            "year": 2016,
            "quarter": 3,
            "eps": 0.09,
            "eps_growth_year": null,
            "eps_4q": 1.38,
            "eps_4q_growth_year": null,
            "roe": 0.27,
            "roe_4q": 10.14,
            "gross_profit": 166867,
            "gross_margin": 26.53,
            "gross_margin_4q_avg": 24.72,
            "net_income": 6258,
            "revenue": 628962,
            "common_shares": 701373,
            "book_valuer_per_share": 33.16,
            "book_valuer_per_share_4q_avg": 31.07,
            "equity": 2325869,
            "current_ratio": 553.21,
            "debt_ratio": 17.1,
            "inventory_turnover_ratio": 0.99,
            "account_receivable_turnover_ratio": 0.94,
            "reinvestment_rate": null,
            "research_to_sale_ratio": 7.54,
            "price_fair": 6.06,
            "eps_avg_yearly": 2.02,
            "eps_latest_yearly": 0.36,
            "eps_growth_yearly": -290.68
        },
        "20164": {
            "year_quarter": 20164,
            "year": 2016,
            "quarter": 4,
            "eps": 1.5,
            "eps_growth_year": null,
            "eps_4q": 2.87,
            "eps_4q_growth_year": null,
            "roe": 7.37,
            "roe_4q": 17.51,
            "gross_profit": 306282,
            "gross_margin": 24.35,
            "gross_margin_4q_avg": 30.81,
            "net_income": 192839,
            "revenue": 1257734,
            "common_shares": 704503,
            "book_valuer_per_share": 36.15,
            "book_valuer_per_share_4q_avg": 33.09,
            "equity": 2905444,
            "current_ratio": 355.92,
            "debt_ratio": 24.61,
            "inventory_turnover_ratio": 1.63,
            "account_receivable_turnover_ratio": 1.37,
            "reinvestment_rate": null,
            "research_to_sale_ratio": 6.93,
            "price_fair": 117.13,
            "eps_avg_yearly": 3.35,
            "eps_latest_yearly": 6,
            "eps_growth_yearly": 1895.1
        },
        "20171": {
            "year_quarter": 20171,
            "year": 2017,
            "quarter": 1,
            "eps": 0.35,
            "eps_growth_year": -82.93,
            "eps_4q": 2.14,
            "eps_4q_growth_year": 110.67,
            "roe": 0.45,
            "roe_4q": 10.96,
            "gross_profit": 290196,
            "gross_margin": 24.51,
            "gross_margin_4q_avg": 27.03,
            "net_income": 13166,
            "revenue": 1184109,
            "common_shares": 707203,
            "book_valuer_per_share": 18.24,
            "book_valuer_per_share_4q_avg": 30.14,
            "equity": 2927757,
            "current_ratio": 358.77,
            "debt_ratio": 24.19,
            "inventory_turnover_ratio": 1.43,
            "account_receivable_turnover_ratio": 1.06,
            "reinvestment_rate": null,
            "research_to_sale_ratio": 6.56,
            "price_fair": 100.1,
            "eps_avg_yearly": 2.86,
            "eps_latest_yearly": 1.4,
            "eps_growth_yearly": 1344.66
        },
        "20172": {
            "year_quarter": 20172,
            "year": 2017,
            "quarter": 2,
            "eps": 1.46,
            "eps_growth_year": 58.7,
            "eps_4q": 2.44,
            "eps_4q_growth_year": 81.72,
            "roe": 3.26,
            "roe_4q": 11.35,
            "gross_profit": 269301,
            "gross_margin": 23.78,
            "gross_margin_4q_avg": 24.79,
            "net_income": 94926,
            "revenue": 1132694,
            "common_shares": 706453,
            "book_valuer_per_share": 36.08,
            "book_valuer_per_share_4q_avg": 30.91,
            "equity": 2889521,
            "current_ratio": 317.52,
            "debt_ratio": 27.27,
            "inventory_turnover_ratio": 1.36,
            "account_receivable_turnover_ratio": 1.16,
            "reinvestment_rate": null,
            "research_to_sale_ratio": 8.78,
            "price_fair": 120.96,
            "eps_avg_yearly": 3.46,
            "eps_latest_yearly": 5.84,
            "eps_growth_yearly": 1329.44
        },
        "20173": {
            "year_quarter": 20173,
            "year": 2017,
            "quarter": 3,
            "eps": 0.98,
            "eps_growth_year": 988.89,
            "eps_4q": 2.87,
            "eps_4q_growth_year": 107.77,
            "roe": 2.49,
            "roe_4q": 13.57,
            "gross_profit": 221763,
            "gross_margin": 23.95,
            "gross_margin_4q_avg": 24.15,
            "net_income": 72882,
            "revenue": 925916,
            "common_shares": 707563,
            "book_valuer_per_share": 37.15,
            "book_valuer_per_share_4q_avg": 31.91,
            "equity": 2974330,
            "current_ratio": 361.82,
            "debt_ratio": 24.01,
            "inventory_turnover_ratio": 0.91,
            "account_receivable_turnover_ratio": 1.37,
            "reinvestment_rate": null,
            "research_to_sale_ratio": 10.2,
            "price_fair": 123.67,
            "eps_avg_yearly": 3.53,
            "eps_latest_yearly": 3.92,
            "eps_growth_yearly": 1085.95
        },
        "20174": {
            "year_quarter": 20174,
            "year": 2017,
            "quarter": 4,
            "eps": 0.39,
            "eps_growth_year": -73.9,
            "eps_4q": 1.77,
            "eps_4q_growth_year": -38.35,
            "roe": 1.99,
            "roe_4q": 8.19,
            "gross_profit": 257756,
            "gross_margin": 25.93,
            "gross_margin_4q_avg": 24.54,
            "net_income": 55415,
            "revenue": 994096,
            "common_shares": 709293,
            "book_valuer_per_share": 36.62,
            "book_valuer_per_share_4q_avg": 32.02,
            "equity": 2597342,
            "current_ratio": 427.29,
            "debt_ratio": 19.93,
            "inventory_turnover_ratio": 0.81,
            "account_receivable_turnover_ratio": 1.74,
            "reinvestment_rate": null,
            "research_to_sale_ratio": 11.54,
            "price_fair": 113.8,
            "eps_avg_yearly": 3.25,
            "eps_latest_yearly": 1.56,
            "eps_growth_yearly": 896.41
        },
        "20181": {
            "year_quarter": 20181,
            "year": 2018,
            "quarter": 1,
            "eps": 0.52,
            "eps_growth_year": 48.57,
            "eps_4q": 1.85,
            "eps_4q_growth_year": -13.21,
            "roe": 1.41,
            "roe_4q": 9.15,
            "gross_profit": 226657,
            "gross_margin": 19.28,
            "gross_margin_4q_avg": 23.24,
            "net_income": 37076,
            "revenue": 1175628,
            "common_shares": 712033,
            "book_valuer_per_share": 37.18,
            "book_valuer_per_share_4q_avg": 36.76,
            "equity": 2647240,
            "current_ratio": 425.7,
            "debt_ratio": 20.25,
            "inventory_turnover_ratio": 0.89,
            "account_receivable_turnover_ratio": 1.94,
            "reinvestment_rate": null,
            "research_to_sale_ratio": 10.01,
            "price_fair": 108.68,
            "eps_avg_yearly": 3.11,
            "eps_latest_yearly": 2.08,
            "eps_growth_yearly": 801.03
        },
        "20182": {
            "year_quarter": 20182,
            "year": 2018,
            "quarter": 2,
            "eps": 1.32,
            "eps_growth_year": -9.59,
            "eps_4q": 1.71,
            "eps_4q_growth_year": -30,
            "roe": 3.55,
            "roe_4q": 9.440000000000001,
            "gross_profit": 225707,
            "gross_margin": 18.57,
            "gross_margin_4q_avg": 21.93,
            "net_income": 93850,
            "revenue": 1215161,
            "common_shares": 712493,
            "book_valuer_per_share": 37.14,
            "book_valuer_per_share_4q_avg": 37.02,
            "equity": 2645848,
            "current_ratio": 362.13,
            "debt_ratio": 24.07,
            "inventory_turnover_ratio": 0.79,
            "account_receivable_turnover_ratio": 1.87,
            "reinvestment_rate": null,
            "research_to_sale_ratio": 10.53,
            "price_fair": 117.13,
            "eps_avg_yearly": 3.35,
            "eps_latest_yearly": 5.28,
            "eps_growth_yearly": 780.4
        },
        "20183": {
            "year_quarter": 20183,
            "year": 2018,
            "quarter": 3,
            "eps": 0.87,
            "eps_growth_year": -11.22,
            "eps_4q": 1.67,
            "eps_4q_growth_year": -41.88,
            "roe": 2.42,
            "roe_4q": 9.37,
            "gross_profit": 203305,
            "gross_margin": 17.03,
            "gross_margin_4q_avg": 20.2,
            "net_income": 64894,
            "revenue": 1194130,
            "common_shares": 751995,
            "book_valuer_per_share": 36.18,
            "book_valuer_per_share_4q_avg": 36.78,
            "equity": 2720896,
            "current_ratio": 244.2,
            "debt_ratio": 36.54,
            "inventory_turnover_ratio": 0.59,
            "account_receivable_turnover_ratio": 1.86,
            "reinvestment_rate": null,
            "research_to_sale_ratio": 8.05,
            "price_fair": 117.6,
            "eps_avg_yearly": 3.36,
            "eps_latest_yearly": 3.48,
            "eps_growth_yearly": 688.72
        },
        "20184": {
            "year_quarter": 20184,
            "year": 2018,
            "quarter": 4,
            "eps": -0.53,
            "eps_growth_year": -236.85,
            "eps_4q": 0.77,
            "eps_4q_growth_year": -56.63,
            "roe": -3,
            "roe_4q": 4.38,
            "gross_profit": 41671,
            "gross_margin": 3.66,
            "gross_margin_4q_avg": 14.64,
            "net_income": -80349,
            "revenue": 1138932,
            "common_shares": 752805,
            "book_valuer_per_share": 35.17,
            "book_valuer_per_share_4q_avg": 36.42,
            "equity": 2638471,
            "current_ratio": 273.93,
            "debt_ratio": 31.77,
            "inventory_turnover_ratio": 0.56,
            "account_receivable_turnover_ratio": 1.67,
            "reinvestment_rate": 9.67,
            "research_to_sale_ratio": 8.08,
            "price_fair": 117.6,
            "eps_avg_yearly": 3.36,
            "eps_latest_yearly": 3.48,
            "eps_growth_yearly": 688.72
        },
        "20191": {
            "year_quarter": 20191,
            "year": 2019,
            "quarter": 1,
            "eps": -6.24,
            "eps_growth_year": -1300,
            "eps_4q": -2.59,
            "eps_4q_growth_year": -239.61,
            "roe": -19.42,
            "roe_4q": -16.45,
            "gross_profit": 45749,
            "gross_margin": 6.85,
            "gross_margin_4q_avg": 11.53,
            "net_income": -467521,
            "revenue": 667618,
            "common_shares": 753365,
            "book_valuer_per_share": 29,
            "book_valuer_per_share_4q_avg": 34.37,
            "equity": 2177198,
            "current_ratio": 224.11,
            "debt_ratio": 35.1,
            "inventory_turnover_ratio": 0.34,
            "account_receivable_turnover_ratio": 1.24,
            "reinvestment_rate": 17.36,
            "research_to_sale_ratio": 18.64,
            "price_fair": 117.6,
            "eps_avg_yearly": 3.36,
            "eps_latest_yearly": 3.48,
            "eps_growth_yearly": 688.72
        },
        "20192": {
            "year_quarter": 20192,
            "year": 2019,
            "quarter": 2,
            "eps": 0.38,
            "eps_growth_year": -71.21,
            "eps_4q": -3.05,
            "eps_4q_growth_year": -278.77,
            "roe": 1.31,
            "roe_4q": -18.690000000000005,
            "gross_profit": 166668,
            "gross_margin": 20.6,
            "gross_margin_4q_avg": 12.04,
            "net_income": 28169,
            "revenue": 809180,
            "common_shares": 753365,
            "book_valuer_per_share": 28.81,
            "book_valuer_per_share_4q_avg": 32.29,
            "equity": 2127815,
            "current_ratio": 275.06,
            "debt_ratio": 34.5,
            "inventory_turnover_ratio": 0.4,
            "account_receivable_turnover_ratio": 2.45,
            "reinvestment_rate": 16,
            "research_to_sale_ratio": 14.42,
            "price_fair": 117.6,
            "eps_avg_yearly": 3.36,
            "eps_latest_yearly": 3.48,
            "eps_growth_yearly": 688.72
        },
        "20193": {
            "year_quarter": 20193,
            "year": 2019,
            "quarter": 3,
            "eps": 0.23,
            "eps_growth_year": -73.56,
            "eps_4q": -3.41,
            "eps_4q_growth_year": -304.31,
            "roe": 0.78,
            "roe_4q": -20.330000000000002,
            "gross_profit": 146370,
            "gross_margin": 15.21,
            "gross_margin_4q_avg": 11.58,
            "net_income": 16626,
            "revenue": 962209,
            "common_shares": 738305,
            "book_valuer_per_share": 29.03,
            "book_valuer_per_share_4q_avg": 30.5,
            "equity": 2136066,
            "current_ratio": 291.73,
            "debt_ratio": 32.78,
            "inventory_turnover_ratio": 0.58,
            "account_receivable_turnover_ratio": 2.12,
            "reinvestment_rate": 28.67,
            "research_to_sale_ratio": 9.12,
            "price_fair": 109.84,
            "eps_avg_yearly": 3.14,
            "eps_latest_yearly": 0.92,
            "eps_growth_yearly": 611.76
        },
        "20194": {
            "year_quarter": 20194,
            "year": 2019,
            "quarter": 4,
            "eps": 0.19,
            "eps_growth_year": null,
            "eps_4q": -2.68,
            "eps_4q_growth_year": -448.76,
            "roe": 1.29,
            "roe_4q": -16.040000000000003,
            "gross_profit": 165957,
            "gross_margin": 16.21,
            "gross_margin_4q_avg": 14.72,
            "net_income": 27661,
            "revenue": 1023638,
            "common_shares": 738535,
            "book_valuer_per_share": 29.38,
            "book_valuer_per_share_4q_avg": 29.06,
            "equity": 2162557,
            "current_ratio": 300.83,
            "debt_ratio": 31.93,
            "inventory_turnover_ratio": 0.69,
            "account_receivable_turnover_ratio": 1.54,
            "reinvestment_rate": 38.44,
            "research_to_sale_ratio": 9.81,
            "price_fair": 102.9,
            "eps_avg_yearly": 2.94,
            "eps_latest_yearly": 0.76,
            "eps_growth_yearly": 554.98
        },
        "20201": {
            "year_quarter": 20201,
            "year": 2020,
            "quarter": 1,
            "eps": 0.49,
            "eps_growth_year": null,
            "eps_4q": 0.73,
            "eps_4q_growth_year": null,
            "roe": 1.62,
            "roe_4q": 5,
            "gross_profit": 183897,
            "gross_margin": 19.64,
            "gross_margin_4q_avg": 17.92,
            "net_income": 36882,
            "revenue": 936154,
            "common_shares": 739157,
            "book_valuer_per_share": 32.11,
            "book_valuer_per_share_4q_avg": 29.83,
            "equity": 2380097,
            "current_ratio": 349.1,
            "debt_ratio": 27.88,
            "inventory_turnover_ratio": 0.72,
            "account_receivable_turnover_ratio": 1.32,
            "reinvestment_rate": 51.27,
            "research_to_sale_ratio": 11.78,
            "price_fair": 100.26,
            "eps_avg_yearly": 2.86,
            "eps_latest_yearly": 1.96,
            "eps_growth_yearly": 560.87
        },
        "20202": {
            "year_quarter": 20202,
            "year": 2020,
            "quarter": 2,
            "eps": 1.02,
            "eps_growth_year": 168.42,
            "eps_4q": 1.05,
            "eps_4q_growth_year": null,
            "roe": 3.37,
            "roe_4q": 7.0600000000000005,
            "gross_profit": 264039,
            "gross_margin": 24.02,
            "gross_margin_4q_avg": 18.77,
            "net_income": 80402,
            "revenue": 1099070,
            "common_shares": 740017,
            "book_valuer_per_share": 32.16,
            "book_valuer_per_share_4q_avg": 30.67,
            "equity": 2393131,
            "current_ratio": 318.21,
            "debt_ratio": 29.09,
            "inventory_turnover_ratio": 0.87,
            "account_receivable_turnover_ratio": 1.62,
            "reinvestment_rate": 46.08,
            "research_to_sale_ratio": 12.34,
            "price_fair": 101.34,
            "eps_avg_yearly": 2.9,
            "eps_latest_yearly": 4.08,
            "eps_growth_yearly": 611.12
        },
        "20203": {
            "year_quarter": 20203,
            "year": 2020,
            "quarter": 3,
            "eps": 1.7,
            "eps_growth_year": 639.13,
            "eps_4q": 1.78,
            "eps_4q_growth_year": null,
            "roe": 5.12,
            "roe_4q": 11.399999999999999,
            "gross_profit": 271127,
            "gross_margin": 32.73,
            "gross_margin_4q_avg": 23.15,
            "net_income": 126072,
            "revenue": 828317,
            "common_shares": 741476,
            "book_valuer_per_share": 33.93,
            "book_valuer_per_share_4q_avg": 31.9,
            "equity": 2528610,
            "current_ratio": 357.23,
            "debt_ratio": 26.43,
            "inventory_turnover_ratio": 0.71,
            "account_receivable_turnover_ratio": 1.4,
            "reinvestment_rate": 32.21,
            "research_to_sale_ratio": 8.99,
            "price_fair": 118.68,
            "eps_avg_yearly": 3.39,
            "eps_latest_yearly": 6.8,
            "eps_growth_yearly": 659.39
        },
        "20204": {
            "year_quarter": 20204,
            "year": 2020,
            "quarter": 4,
            "eps": 3.88,
            "eps_growth_year": 1968.22,
            "eps_4q": 5.47,
            "eps_4q_growth_year": null,
            "roe": 20.51,
            "roe_4q": 30.620000000000005,
            "gross_profit": 399603,
            "gross_margin": 39.49,
            "gross_margin_4q_avg": 28.97,
            "net_income": 577627,
            "revenue": 1011990,
            "common_shares": 742316,
            "book_valuer_per_share": 41.94,
            "book_valuer_per_share_4q_avg": 35.04,
            "equity": 3102970,
            "current_ratio": 387.09,
            "debt_ratio": 22.1,
            "inventory_turnover_ratio": 0.98,
            "account_receivable_turnover_ratio": 1.87,
            "reinvestment_rate": -0.75,
            "research_to_sale_ratio": 9.21,
            "price_fair": 144.31,
            "eps_avg_yearly": 4.12,
            "eps_latest_yearly": 15.52,
            "eps_growth_yearly": 216.79
        },
        "20211": {
            "year_quarter": 20211,
            "year": 2021,
            "quarter": 1,
            "eps": 4.73,
            "eps_growth_year": 865.31,
            "eps_4q": 7.59,
            "eps_4q_growth_year": 932.38,
            "roe": 10.67,
            "roe_4q": 39.669999999999995,
            "gross_profit": 541258,
            "gross_margin": 44.1,
            "gross_margin_4q_avg": 35.09,
            "net_income": 350372,
            "revenue": 1227205,
            "common_shares": 743386,
            "book_valuer_per_share": 46.76,
            "book_valuer_per_share_4q_avg": 38.7,
            "equity": 3464150,
            "current_ratio": 352.16,
            "debt_ratio": 25.2,
            "inventory_turnover_ratio": 1.02,
            "account_receivable_turnover_ratio": 1.77,
            "reinvestment_rate": -3.27,
            "research_to_sale_ratio": 6.88,
            "price_fair": 191.48,
            "eps_avg_yearly": 5.47,
            "eps_latest_yearly": 18.92,
            "eps_growth_yearly": 247.12
        },
        "20212": {
            "year_quarter": 20212,
            "year": 2021,
            "quarter": 2,
            "eps": 6.16,
            "eps_growth_year": 503.92,
            "eps_4q": 10.16,
            "eps_4q_growth_year": 869.72,
            "roe": 13,
            "roe_4q": 49.300000000000004,
            "gross_profit": 751959,
            "gross_margin": 46.03,
            "gross_margin_4q_avg": 40.59,
            "net_income": 456255,
            "revenue": 1633506,
            "common_shares": 743406,
            "book_valuer_per_share": 47.99,
            "book_valuer_per_share_4q_avg": 42.66,
            "equity": 3555288,
            "current_ratio": 273.75,
            "debt_ratio": 32.28,
            "inventory_turnover_ratio": 1.04,
            "account_receivable_turnover_ratio": 2.09,
            "reinvestment_rate": 0.82,
            "research_to_sale_ratio": 5.11,
            "price_fair": 242.09,
            "eps_avg_yearly": 6.92,
            "eps_latest_yearly": 24.64,
            "eps_growth_yearly": 158.84
        },
        "20213": {
            "year_quarter": 20213,
            "year": 2021,
            "quarter": 3,
            "eps": 4.56,
            "eps_growth_year": 168.24,
            "eps_4q": 13.87,
            "eps_4q_growth_year": 677.71,
            "roe": 17.35,
            "roe_4q": 61.53,
            "gross_profit": 939142,
            "gross_margin": 46.52,
            "gross_margin_4q_avg": 44.04,
            "net_income": 675913,
            "revenue": 2019004,
            "common_shares": 743406,
            "book_valuer_per_share": 28.56,
            "book_valuer_per_share_4q_avg": 41.31,
            "equity": 4238414,
            "current_ratio": 384.29,
            "debt_ratio": 24.44,
            "inventory_turnover_ratio": 0.93,
            "account_receivable_turnover_ratio": 2.65,
            "reinvestment_rate": 3.93,
            "research_to_sale_ratio": 4.95,
            "price_fair": 280.65,
            "eps_avg_yearly": 8.02,
            "eps_latest_yearly": 18.24,
            "eps_growth_yearly": 160.97
        },
        "20214": {
            "year_quarter": 20214,
            "year": 2021,
            "quarter": 4,
            "eps": 3.65,
            "eps_growth_year": -6.01,
            "eps_4q": 13.6,
            "eps_4q_growth_year": 148.57,
            "roe": 12.02,
            "roe_4q": 53.040000000000006,
            "gross_profit": 793249,
            "gross_margin": 45.65,
            "gross_margin_4q_avg": 45.58,
            "net_income": 542917,
            "revenue": 1737500,
            "common_shares": 744136,
            "book_valuer_per_share": 32.31,
            "book_valuer_per_share_4q_avg": 38.91,
            "equity": 4794955,
            "current_ratio": 366.08,
            "debt_ratio": 23.63,
            "inventory_turnover_ratio": 0.62,
            "account_receivable_turnover_ratio": 2.17,
            "reinvestment_rate": 6.49,
            "research_to_sale_ratio": 5.25,
            "price_fair": 315.75,
            "eps_avg_yearly": 9.02,
            "eps_latest_yearly": 14.6,
            "eps_growth_yearly": 173.35
        },
        "20221": {
            "year_quarter": 20221,
            "year": 2022,
            "quarter": 1,
            "eps": 3.53,
            "eps_growth_year": -25.37,
            "eps_4q": 13.83,
            "eps_4q_growth_year": 82.25,
            "roe": 7.77,
            "roe_4q": 50.14,
            "gross_profit": 721263,
            "gross_margin": 46.69,
            "gross_margin_4q_avg": 46.22,
            "net_income": 557002,
            "revenue": 1544730,
            "common_shares": 807096,
            "book_valuer_per_share": 59.14,
            "book_valuer_per_share_4q_avg": 42,
            "equity": 9546705,
            "current_ratio": 439.68,
            "debt_ratio": 21.31,
            "inventory_turnover_ratio": 0.48,
            "account_receivable_turnover_ratio": 1.87,
            "reinvestment_rate": 6.04,
            "research_to_sale_ratio": 7.16,
            "price_fair": 348.17,
            "eps_avg_yearly": 9.95,
            "eps_latest_yearly": 14.12,
            "eps_growth_yearly": 162.08
        },
        "20222": {
            "year_quarter": 20222,
            "year": 2022,
            "quarter": 2,
            "eps": 3.85,
            "eps_growth_year": -37.5,
            "eps_4q": 14.84,
            "eps_4q_growth_year": 46.16,
            "roe": 6.31,
            "roe_4q": 43.45,
            "gross_profit": 630222,
            "gross_margin": 40.96,
            "gross_margin_4q_avg": 44.96,
            "net_income": 622138,
            "revenue": 1538648,
            "common_shares": 807396,
            "book_valuer_per_share": 63.07,
            "book_valuer_per_share_4q_avg": 45.77,
            "equity": 10185146,
            "current_ratio": 513.83,
            "debt_ratio": 18.34,
            "inventory_turnover_ratio": 0.47,
            "account_receivable_turnover_ratio": 1.71,
            "reinvestment_rate": 5.8,
            "research_to_sale_ratio": 6.88,
            "price_fair": 375.42,
            "eps_avg_yearly": 10.73,
            "eps_latest_yearly": 15.4,
            "eps_growth_yearly": 117.54
        },
        "20223": {
            "year_quarter": 20223,
            "year": 2022,
            "quarter": 3,
            "eps": 4.32,
            "eps_growth_year": -5.26,
            "eps_4q": 14.99,
            "eps_4q_growth_year": 8.08,
            "roe": 6.62,
            "roe_4q": 32.72,
            "gross_profit": 517216,
            "gross_margin": 43.6,
            "gross_margin_4q_avg": 44.23,
            "net_income": 697988,
            "revenue": 1186304,
            "common_shares": 807456,
            "book_valuer_per_share": 67.45,
            "book_valuer_per_share_4q_avg": 55.49,
            "equity": 10893207,
            "current_ratio": 1395.32,
            "debt_ratio": 7.17,
            "inventory_turnover_ratio": 0.35,
            "account_receivable_turnover_ratio": 1.19,
            "reinvestment_rate": 5.67,
            "research_to_sale_ratio": 10.18,
            "price_fair": 412.57,
            "eps_avg_yearly": 11.79,
            "eps_latest_yearly": 17.28,
            "eps_growth_yearly": 131.78
        },
        "20224": {
            "year_quarter": 20224,
            "year": 2022,
            "quarter": 4,
            "eps": 0.4,
            "eps_growth_year": -89.05,
            "eps_4q": 12.01,
            "eps_4q_growth_year": -11.75,
            "roe": 0.59,
            "roe_4q": 21.29,
            "gross_profit": 352693,
            "gross_margin": 42.75,
            "gross_margin_4q_avg": 43.5,
            "net_income": 64568,
            "revenue": 825093,
            "common_shares": 807786,
            "book_valuer_per_share": 67.77,
            "book_valuer_per_share_4q_avg": 64.36,
            "equity": 10950567,
            "current_ratio": 1553.42,
            "debt_ratio": 6.34,
            "inventory_turnover_ratio": 0.3,
            "account_receivable_turnover_ratio": 1.01,
            "reinvestment_rate": 7.46,
            "research_to_sale_ratio": 15.11,
            "price_fair": 387.1,
            "eps_avg_yearly": 11.06,
            "eps_latest_yearly": 1.6,
            "eps_growth_yearly": 96.44
        },
        "20231": {
            "year_quarter": 20231,
            "year": 2023,
            "quarter": 1,
            "eps": 0.39,
            "eps_growth_year": -88.95,
            "eps_4q": 8.94,
            "eps_4q_growth_year": -35.34,
            "roe": 0.6,
            "roe_4q": 14.120000000000001,
            "gross_profit": 291820,
            "gross_margin": 40.13,
            "gross_margin_4q_avg": 41.86,
            "net_income": 62450,
            "revenue": 727171,
            "common_shares": 809266,
            "book_valuer_per_share": 61.16,
            "book_valuer_per_share_4q_avg": 64.86,
            "equity": 9898163,
            "current_ratio": 556.9,
            "debt_ratio": 16.63,
            "inventory_turnover_ratio": 0.3,
            "account_receivable_turnover_ratio": 1.2,
            "reinvestment_rate": 6.69,
            "research_to_sale_ratio": 15.38,
            "price_fair": 364.93,
            "eps_avg_yearly": 10.43,
            "eps_latest_yearly": 1.56,
            "eps_growth_yearly": 89.35
        }
    },
    "months": {
        "2015-06": {
            "month": "2015-06",
            "price": "172.20",
            "revenue": 147235
        },
        "2015-07": {
            "month": "2015-07",
            "price": "150.22",
            "revenue": 137194
        },
        "2015-08": {
            "month": "2015-08",
            "price": "123.70",
            "revenue": 204835
        },
        "2015-09": {
            "month": "2015-09",
            "price": "62.24",
            "revenue": 241637
        },
        "2015-10": {
            "month": "2015-10",
            "price": "72.21",
            "revenue": 328440
        },
        "2015-11": {
            "month": "2015-11",
            "price": "81.55",
            "revenue": 311037
        },
        "2015-12": {
            "month": "2015-12",
            "price": "94.32",
            "revenue": 234019
        },
        "2016-01": {
            "month": "2016-01",
            "price": "89.03",
            "revenue": 306047
        },
        "2016-02": {
            "month": "2016-02",
            "price": "91.69",
            "revenue": 163194
        },
        "2016-03": {
            "month": "2016-03",
            "price": "98.66",
            "revenue": 253134
        },
        "2016-04": {
            "month": "2016-04",
            "price": "104.38",
            "revenue": 195157
        },
        "2016-05": {
            "month": "2016-05",
            "price": "100.60",
            "revenue": 180499
        },
        "2016-06": {
            "month": "2016-06",
            "price": "93.77",
            "revenue": 177205
        },
        "2016-07": {
            "month": "2016-07",
            "price": "94.91",
            "revenue": 131077
        },
        "2016-08": {
            "month": "2016-08",
            "price": "80.43",
            "revenue": 217166
        },
        "2016-09": {
            "month": "2016-09",
            "price": "87.56",
            "revenue": 280719
        },
        "2016-10": {
            "month": "2016-10",
            "price": "85.52",
            "revenue": 255506
        },
        "2016-11": {
            "month": "2016-11",
            "price": "65.38",
            "revenue": 454118
        },
        "2016-12": {
            "month": "2016-12",
            "price": "70.65",
            "revenue": 547453
        },
        "2017-01": {
            "month": "2017-01",
            "price": "77.86",
            "revenue": 355832
        },
        "2017-02": {
            "month": "2017-02",
            "price": "77.78",
            "revenue": 365480
        },
        "2017-03": {
            "month": "2017-03",
            "price": "79.36",
            "revenue": 462762
        },
        "2017-04": {
            "month": "2017-04",
            "price": "94.71",
            "revenue": 410131
        },
        "2017-05": {
            "month": "2017-05",
            "price": "78.68",
            "revenue": 344835
        },
        "2017-06": {
            "month": "2017-06",
            "price": "76.67",
            "revenue": 377763
        },
        "2017-07": {
            "month": "2017-07",
            "price": "75.13",
            "revenue": 339804
        },
        "2017-08": {
            "month": "2017-08",
            "price": "73.97",
            "revenue": 320755
        },
        "2017-09": {
            "month": "2017-09",
            "price": "80.68",
            "revenue": 265239
        },
        "2017-10": {
            "month": "2017-10",
            "price": "78.81",
            "revenue": 322746
        },
        "2017-11": {
            "month": "2017-11",
            "price": "77.06",
            "revenue": 397161
        },
        "2017-12": {
            "month": "2017-12",
            "price": "86.16",
            "revenue": 274138
        },
        "2018-01": {
            "month": "2018-01",
            "price": "90.34",
            "revenue": 388145
        },
        "2018-02": {
            "month": "2018-02",
            "price": "87.87",
            "revenue": 363607
        },
        "2018-03": {
            "month": "2018-03",
            "price": "104.00",
            "revenue": 423909
        },
        "2018-04": {
            "month": "2018-04",
            "price": "89.01",
            "revenue": 353306
        },
        "2018-05": {
            "month": "2018-05",
            "price": "85.94",
            "revenue": 388919
        },
        "2018-06": {
            "month": "2018-06",
            "price": "88.07",
            "revenue": 472762
        },
        "2018-07": {
            "month": "2018-07",
            "price": "84.65",
            "revenue": 403904
        },
        "2018-08": {
            "month": "2018-08",
            "price": "74.11",
            "revenue": 389919
        },
        "2018-09": {
            "month": "2018-09",
            "price": "60.39",
            "revenue": 400294
        },
        "2018-10": {
            "month": "2018-10",
            "price": "45.55",
            "revenue": 379659
        },
        "2018-11": {
            "month": "2018-11",
            "price": "45.21",
            "revenue": 340402
        },
        "2018-12": {
            "month": "2018-12",
            "price": "46.47",
            "revenue": 423815
        },
        "2019-01": {
            "month": "2019-01",
            "price": "46.40",
            "revenue": 279320
        },
        "2019-02": {
            "month": "2019-02",
            "price": "48.57",
            "revenue": 177844
        },
        "2019-03": {
            "month": "2019-03",
            "price": "45.28",
            "revenue": 210207
        },
        "2019-04": {
            "month": "2019-04",
            "price": "44.07",
            "revenue": 213890
        },
        "2019-05": {
            "month": "2019-05",
            "price": "38.28",
            "revenue": 261772
        },
        "2019-06": {
            "month": "2019-06",
            "price": "37.13",
            "revenue": 333215
        },
        "2019-07": {
            "month": "2019-07",
            "price": "40.22",
            "revenue": 312436
        },
        "2019-08": {
            "month": "2019-08",
            "price": "40.18",
            "revenue": 327855
        },
        "2019-09": {
            "month": "2019-09",
            "price": "42.41",
            "revenue": 323015
        },
        "2019-10": {
            "month": "2019-10",
            "price": "46.87",
            "revenue": 375152
        },
        "2019-11": {
            "month": "2019-11",
            "price": "46.53",
            "revenue": 354470
        },
        "2019-12": {
            "month": "2019-12",
            "price": "81.92",
            "revenue": 291489
        },
        "2020-01": {
            "month": "2020-01",
            "price": "98.10",
            "revenue": 250006
        },
        "2020-02": {
            "month": "2020-02",
            "price": "117.29",
            "revenue": 243329
        },
        "2020-03": {
            "month": "2020-03",
            "price": "102.55",
            "revenue": 444641
        },
        "2020-04": {
            "month": "2020-04",
            "price": "125.08",
            "revenue": 328324
        },
        "2020-05": {
            "month": "2020-05",
            "price": "211.58",
            "revenue": 328768
        },
        "2020-06": {
            "month": "2020-06",
            "price": "330.80",
            "revenue": 441559
        },
        "2020-07": {
            "month": "2020-07",
            "price": "438.09",
            "revenue": 336677
        },
        "2020-08": {
            "month": "2020-08",
            "price": "371.55",
            "revenue": 423747
        },
        "2020-09": {
            "month": "2020-09",
            "price": "336.43",
            "revenue": 476040
        },
        "2020-10": {
            "month": "2020-10",
            "price": "319.68",
            "revenue": 278253
        },
        "2020-11": {
            "month": "2020-11",
            "price": "370.88",
            "revenue": 321014
        },
        "2020-12": {
            "month": "2020-12",
            "price": "410.24",
            "revenue": 413123
        },
        "2021-01": {
            "month": "2021-01",
            "price": "598.80",
            "revenue": 378920
        },
        "2021-02": {
            "month": "2021-02",
            "price": "713.23",
            "revenue": 355891
        },
        "2021-03": {
            "month": "2021-03",
            "price": "761.32",
            "revenue": 493115
        },
        "2021-04": {
            "month": "2021-04",
            "price": "772.21",
            "revenue": 518317
        },
        "2021-05": {
            "month": "2021-05",
            "price": "631.14",
            "revenue": 515235
        },
        "2021-06": {
            "month": "2021-06",
            "price": "662.90",
            "revenue": 599899
        },
        "2021-07": {
            "month": "2021-07",
            "price": "692.95",
            "revenue": 755742
        },
        "2021-08": {
            "month": "2021-08",
            "price": "657.55",
            "revenue": 680570
        },
        "2021-09": {
            "month": "2021-09",
            "price": "708.75",
            "revenue": 584314
        },
        "2021-10": {
            "month": "2021-10",
            "price": "546.07",
            "revenue": 585038
        },
        "2021-11": {
            "month": "2021-11",
            "price": "529.32",
            "revenue": 558339
        },
        "2021-12": {
            "month": "2021-12",
            "price": "502.55",
            "revenue": 594486
        },
        "2022-01": {
            "month": "2022-01",
            "price": "433.44",
            "revenue": 557185
        },
        "2022-02": {
            "month": "2022-02",
            "price": "386.90",
            "revenue": 481573
        },
        "2022-03": {
            "month": "2022-03",
            "price": "338.43",
            "revenue": 506750
        },
        "2022-04": {
            "month": "2022-04",
            "price": "277.26",
            "revenue": 476816
        },
        "2022-05": {
            "month": "2022-05",
            "price": "269.19",
            "revenue": 494462
        },
        "2022-06": {
            "month": "2022-06",
            "price": "260.86",
            "revenue": 569370
        },
        "2022-07": {
            "month": "2022-07",
            "price": "201.90",
            "revenue": 405358
        },
        "2022-08": {
            "month": "2022-08",
            "price": "198.52",
            "revenue": 382285
        },
        "2022-09": {
            "month": "2022-09",
            "price": "170.21",
            "revenue": 399510
        },
        "2022-10": {
            "month": "2022-10",
            "price": "148.92",
            "revenue": 298879
        },
        "2022-11": {
            "month": "2022-11",
            "price": "184.18",
            "revenue": 246699
        },
        "2022-12": {
            "month": "2022-12",
            "price": "182.50",
            "revenue": 276822
        },
        "2023-01": {
            "month": "2023-01",
            "price": "186.77",
            "revenue": 202877
        },
        "2023-02": {
            "month": "2023-02",
            "price": "255.81",
            "revenue": 239506
        },
        "2023-03": {
            "month": "2023-03",
            "price": "303.37",
            "revenue": 312200
        },
        "2023-04": {
            "month": "2023-04",
            "price": "303.06",
            "revenue": 314864
        }
    }
}
