{
    "summary": {
        "stock_name": "瑞耘",
        "stock_id": "6532",
        "category": "半導體",
        "main_business": "半導體零組件<br>系統設備",
        "website_url": "http://www.calitech.com.tw",
        "ceo": "呂學恒",
        "pe_ratio": 11,
        "report_year_from": 2014,
        "report_year_to": 2023,
        "age": 9,
        "eps_negative_percentage": 3,
        "eps_growth_avg": {
            "last_all": 37.17,
            "last_2y": 31.16,
            "last_4y": 31.45,
            "last_8y": null,
            "last_12y": null,
            "last_16y": null,
            "last_20y": null,
            "at_2006_last_3y": null,
            "at_2007_last_3y": null,
            "at_2008_last_3y": null,
            "at_2009_last_3y": null,
            "at_2010_last_3y": null,
            "at_2011_last_3y": null,
            "at_2012_last_3y": null,
            "at_2013_last_3y": null,
            "at_2014_last_3y": null,
            "at_2015_last_3y": null,
            "at_2016_last_3y": null,
            "at_2017_last_3y": null,
            "at_2018_last_3y": null,
            "at_2019_last_3y": null,
            "at_2020_last_3y": 37.15,
            "at_2021_last_3y": 16.87,
            "at_2022_last_3y": 17.3,
            "at_2023_last_3y": 17.3,
            "at_2006_last_all": null,
            "at_2007_last_all": null,
            "at_2008_last_all": null,
            "at_2009_last_all": null,
            "at_2010_last_all": null,
            "at_2011_last_all": null,
            "at_2012_last_all": null,
            "at_2013_last_all": null,
            "at_2014_last_all": null,
            "at_2015_last_all": null,
            "at_2016_last_all": null,
            "at_2017_last_all": null,
            "at_2018_last_all": 76.9,
            "at_2019_last_all": 43.18,
            "at_2020_last_all": 37.15,
            "at_2021_last_all": 26.65,
            "at_2022_last_all": 37.17,
            "at_2023_last_all": 37.17
        },
        "latest_eps": 4.57,
        "latest_price": 51.5,
        "latest_roe": 19.91,
        "latest_gross_margin": 33.63,
        "latest_equity": 921865,
        "latest_revenue": 162891,
        "latest_gross_profit": 54778,
        "latest_net_income": 28233,
        "latest_debt_ratio": 24.33,
        "latest_current_ratio": 153.24,
        "latest_account_receivable_turnover_ratio": 1.41,
        "latest_inventory_turnover_ratio": 0.61,
        "latest_reinvestment_rate": 135.02,
        "latest_research_to_sale_ratio": 2.08
    },
    "eps_dividends": {
        "2001": {
            "cash": 0,
            "stock": 0,
            "eps": 0
        },
        "2002": {
            "cash": 0,
            "stock": 0,
            "eps": 0
        },
        "2003": {
            "cash": 0,
            "stock": 0,
            "eps": 0
        },
        "2004": {
            "cash": 0,
            "stock": 0,
            "eps": 0
        },
        "2005": {
            "cash": 0,
            "stock": 0,
            "eps": 0
        },
        "2006": {
            "cash": 0,
            "stock": 0,
            "eps": 0
        },
        "2007": {
            "cash": 0,
            "stock": 0,
            "eps": 0
        },
        "2008": {
            "cash": 0,
            "stock": 0,
            "eps": 0
        },
        "2009": {
            "cash": 0,
            "stock": 0,
            "eps": 0
        },
        "2010": {
            "cash": 0,
            "stock": 0,
            "eps": 0
        },
        "2011": {
            "cash": 0,
            "stock": 0,
            "eps": 0
        },
        "2012": {
            "cash": 0,
            "stock": 0,
            "eps": 0
        },
        "2013": {
            "cash": 0,
            "stock": 0,
            "eps": 0
        },
        "2014": {
            "cash": 0,
            "stock": 0,
            "eps": 0
        },
        "2015": {
            "cash": 1,
            "stock": 0,
            "eps": 0
        },
        "2016": {
            "cash": 1,
            "stock": 0,
            "eps": 1.11
        },
        "2017": {
            "cash": 1,
            "stock": 0,
            "eps": 1.84
        },
        "2018": {
            "cash": 1,
            "stock": 0,
            "eps": 3.46
        },
        "2019": {
            "cash": 2,
            "stock": 0,
            "eps": 2.62
        },
        "2020": {
            "cash": 2,
            "stock": 0,
            "eps": 3.12
        },
        "2021": {
            "cash": 2,
            "stock": 0,
            "eps": 2.64
        },
        "2022": {
            "cash": 2,
            "stock": 0,
            "eps": 5.01
        },
        "2023": {
            "cash": 3,
            "stock": 0,
            "eps": 0.77
        }
    },
    "dividends": {
        "2015-08-13": {
            "cash": 0.8,
            "stock": 0
        },
        "2016-07-25": {
            "cash": 1.4,
            "stock": 0
        },
        "2017-07-10": {
            "cash": 0.8,
            "stock": 0
        },
        "2018-07-24": {
            "cash": 1.1,
            "stock": 0
        },
        "2019-07-23": {
            "cash": 2.3,
            "stock": 0
        },
        "2020-08-21": {
            "cash": 1.8,
            "stock": 0
        },
        "2021-08-16": {
            "cash": 2,
            "stock": 0
        },
        "2022-08-12": {
            "cash": 1.8,
            "stock": 0
        },
        "2023-03-07": {
            "cash": 2.75,
            "stock": 0
        }
    },
    "prices": {
        "200101": "無",
        "200102": "無",
        "200103": "無",
        "200104": "無",
        "200105": "無",
        "200106": "無",
        "200107": "無",
        "200108": "無",
        "200109": "無",
        "200110": "無",
        "200111": "無",
        "200112": "無",
        "200201": "無",
        "200202": "無",
        "200203": "無",
        "200204": "無",
        "200205": "無",
        "200206": "無",
        "200207": "無",
        "200208": "無",
        "200209": "無",
        "200210": "無",
        "200211": "無",
        "200212": "無",
        "200301": "無",
        "200302": "無",
        "200303": "無",
        "200304": "無",
        "200305": "無",
        "200306": "無",
        "200307": "無",
        "200308": "無",
        "200309": "無",
        "200310": "無",
        "200311": "無",
        "200312": "無",
        "200401": "無",
        "200402": "無",
        "200403": "無",
        "200404": "無",
        "200405": "無",
        "200406": "無",
        "200407": "無",
        "200408": "無",
        "200409": "無",
        "200410": "無",
        "200411": "無",
        "200412": "無",
        "200501": "無",
        "200502": "無",
        "200503": "無",
        "200504": "無",
        "200505": "無",
        "200506": "無",
        "200507": "無",
        "200508": "無",
        "200509": "無",
        "200510": "無",
        "200511": "無",
        "200512": "無",
        "200601": "無",
        "200602": "無",
        "200603": "無",
        "200604": "無",
        "200605": "無",
        "200606": "無",
        "200607": "無",
        "200608": "無",
        "200609": "無",
        "200610": "無",
        "200611": "無",
        "200612": "無",
        "200701": "無",
        "200702": "無",
        "200703": "無",
        "200704": "無",
        "200705": "無",
        "200706": "無",
        "200707": "無",
        "200708": "無",
        "200709": "無",
        "200710": "無",
        "200711": "無",
        "200712": "無",
        "200801": "無",
        "200802": "無",
        "200803": "無",
        "200804": "無",
        "200805": "無",
        "200806": "無",
        "200807": "無",
        "200808": "無",
        "200809": "無",
        "200810": "無",
        "200811": "無",
        "200812": "無",
        "200901": "無",
        "200902": "無",
        "200903": "無",
        "200904": "無",
        "200905": "無",
        "200906": "無",
        "200907": "無",
        "200908": "無",
        "200909": "無",
        "200910": "無",
        "200911": "無",
        "200912": "無",
        "201001": "無",
        "201002": "無",
        "201003": "無",
        "201004": "無",
        "201005": "無",
        "201006": "無",
        "201007": "無",
        "201008": "無",
        "201009": "無",
        "201010": "無",
        "201011": "無",
        "201012": "無",
        "201101": "無",
        "201102": "無",
        "201103": "無",
        "201104": "無",
        "201105": "無",
        "201106": "無",
        "201107": "無",
        "201108": "無",
        "201109": "無",
        "201110": "無",
        "201111": "無",
        "201112": "無",
        "201201": "無",
        "201202": "無",
        "201203": "無",
        "201204": "無",
        "201205": "無",
        "201206": "無",
        "201207": "無",
        "201208": "無",
        "201209": "無",
        "201210": "無",
        "201211": "無",
        "201212": "無",
        "201301": "無",
        "201302": "無",
        "201303": "無",
        "201304": "無",
        "201305": "無",
        "201306": "無",
        "201307": "無",
        "201308": "無",
        "201309": "無",
        "201310": "無",
        "201311": "無",
        "201312": "無",
        "201401": "無",
        "201402": "無",
        "201403": "無",
        "201404": "無",
        "201405": "無",
        "201406": "無",
        "201407": "無",
        "201408": "無",
        "201409": "無",
        "201410": "無",
        "201411": "無",
        "201412": "無",
        "201501": "無",
        "201502": "無",
        "201503": "無",
        "201504": "無",
        "201505": "32.69",
        "201506": "32.17",
        "201507": "30.57",
        "201508": "24.79",
        "201509": "24.26",
        "201510": "23.16",
        "201511": "20.74",
        "201512": "24.52",
        "201601": "23.50",
        "201602": "27.97",
        "201603": "32.30",
        "201604": "40.64",
        "201605": "34.90",
        "201606": "34.48",
        "201607": "30.02",
        "201608": "30.83",
        "201609": "29.89",
        "201610": "31.74",
        "201611": "26.05",
        "201612": "24.74",
        "201701": "23.11",
        "201702": "24.26",
        "201703": "26.18",
        "201704": "24.46",
        "201705": "25.22",
        "201706": "26.06",
        "201707": "29.46",
        "201708": "27.52",
        "201709": "27.88",
        "201710": "28.77",
        "201711": "28.37",
        "201712": "27.36",
        "201801": "27.72",
        "201802": "27.28",
        "201803": "31.02",
        "201804": "34.21",
        "201805": "35.35",
        "201806": "38.59",
        "201807": "34.12",
        "201808": "35.92",
        "201809": "36.30",
        "201810": "27.66",
        "201811": "27.91",
        "201812": "28.03",
        "201901": "30.02",
        "201902": "34.17",
        "201903": "34.66",
        "201904": "32.83",
        "201905": "29.36",
        "201906": "29.48",
        "201907": "28.62",
        "201908": "29.41",
        "201909": "29.91",
        "201910": "31.43",
        "201911": "32.97",
        "201912": "34.18",
        "202001": "37.94",
        "202002": "41.66",
        "202003": "35.42",
        "202004": "39.04",
        "202005": "67.62",
        "202006": "79.00",
        "202007": "76.13",
        "202008": "67.59",
        "202009": "60.78",
        "202010": "52.55",
        "202011": "54.37",
        "202012": "56.38",
        "202101": "58.27",
        "202102": "53.51",
        "202103": "53.50",
        "202104": "54.59",
        "202105": "43.75",
        "202106": "43.25",
        "202107": "43.75",
        "202108": "40.29",
        "202109": "39.78",
        "202110": "37.87",
        "202111": "42.36",
        "202112": "49.49",
        "202201": "51.34",
        "202202": "47.83",
        "202203": "47.22",
        "202204": "46.94",
        "202205": "45.80",
        "202206": "46.65",
        "202207": "43.36",
        "202208": "45.76",
        "202209": "55.24",
        "202210": "54.08",
        "202211": "59.57",
        "202212": "53.95",
        "202301": "53.39",
        "202302": "55.77",
        "202303": "53.68",
        "202304": "57.21",
        "202305": "54.84"
    },
    "quarters": {
        "20011": {
            "year_quarter": 20011,
            "year": 2001,
            "quarter": 1,
            "eps": null,
            "eps_growth_year": null,
            "eps_4q": null,
            "eps_4q_growth_year": null,
            "roe": null,
            "gross_profit": null,
            "gross_margin": null,
            "net_income": null,
            "revenue": null,
            "common_shares": null,
            "equity": null,
            "current_ratio": null,
            "debt_ratio": null,
            "inventory_turnover_ratio": null,
            "account_receivable_turnover_ratio": null,
            "reinvestment_rate": null,
            "research_to_sale_ratio": null,
            "price_fair": 0,
            "eps_avg_yearly": 0,
            "eps_latest_yearly": 0,
            "eps_growth_yearly": 0
        },
        "20012": {
            "year_quarter": 20012,
            "year": 2001,
            "quarter": 2,
            "eps": null,
            "eps_growth_year": null,
            "eps_4q": null,
            "eps_4q_growth_year": null,
            "roe": null,
            "gross_profit": null,
            "gross_margin": null,
            "net_income": null,
            "revenue": null,
            "common_shares": null,
            "equity": null,
            "current_ratio": null,
            "debt_ratio": null,
            "inventory_turnover_ratio": null,
            "account_receivable_turnover_ratio": null,
            "reinvestment_rate": null,
            "research_to_sale_ratio": null,
            "price_fair": 0,
            "eps_avg_yearly": 0,
            "eps_latest_yearly": 0,
            "eps_growth_yearly": 0
        },
        "20013": {
            "year_quarter": 20013,
            "year": 2001,
            "quarter": 3,
            "eps": null,
            "eps_growth_year": null,
            "eps_4q": null,
            "eps_4q_growth_year": null,
            "roe": null,
            "gross_profit": null,
            "gross_margin": null,
            "net_income": null,
            "revenue": null,
            "common_shares": null,
            "equity": null,
            "current_ratio": null,
            "debt_ratio": null,
            "inventory_turnover_ratio": null,
            "account_receivable_turnover_ratio": null,
            "reinvestment_rate": null,
            "research_to_sale_ratio": null,
            "price_fair": 0,
            "eps_avg_yearly": 0,
            "eps_latest_yearly": 0,
            "eps_growth_yearly": 0
        },
        "20014": {
            "year_quarter": 20014,
            "year": 2001,
            "quarter": 4,
            "eps": null,
            "eps_growth_year": null,
            "eps_4q": null,
            "eps_4q_growth_year": null,
            "roe": null,
            "gross_profit": null,
            "gross_margin": null,
            "net_income": null,
            "revenue": null,
            "common_shares": null,
            "equity": null,
            "current_ratio": null,
            "debt_ratio": null,
            "inventory_turnover_ratio": null,
            "account_receivable_turnover_ratio": null,
            "reinvestment_rate": null,
            "research_to_sale_ratio": null,
            "price_fair": 0,
            "eps_avg_yearly": 0,
            "eps_latest_yearly": 0,
            "eps_growth_yearly": 0
        },
        "20021": {
            "year_quarter": 20021,
            "year": 2002,
            "quarter": 1,
            "eps": null,
            "eps_growth_year": null,
            "eps_4q": null,
            "eps_4q_growth_year": null,
            "roe": null,
            "gross_profit": null,
            "gross_margin": null,
            "net_income": null,
            "revenue": null,
            "common_shares": null,
            "equity": null,
            "current_ratio": null,
            "debt_ratio": null,
            "inventory_turnover_ratio": null,
            "account_receivable_turnover_ratio": null,
            "reinvestment_rate": null,
            "research_to_sale_ratio": null,
            "price_fair": 0,
            "eps_avg_yearly": 0,
            "eps_latest_yearly": 0,
            "eps_growth_yearly": 0
        },
        "20022": {
            "year_quarter": 20022,
            "year": 2002,
            "quarter": 2,
            "eps": null,
            "eps_growth_year": null,
            "eps_4q": null,
            "eps_4q_growth_year": null,
            "roe": null,
            "gross_profit": null,
            "gross_margin": null,
            "net_income": null,
            "revenue": null,
            "common_shares": null,
            "equity": null,
            "current_ratio": null,
            "debt_ratio": null,
            "inventory_turnover_ratio": null,
            "account_receivable_turnover_ratio": null,
            "reinvestment_rate": null,
            "research_to_sale_ratio": null,
            "price_fair": 0,
            "eps_avg_yearly": 0,
            "eps_latest_yearly": 0,
            "eps_growth_yearly": 0
        },
        "20023": {
            "year_quarter": 20023,
            "year": 2002,
            "quarter": 3,
            "eps": null,
            "eps_growth_year": null,
            "eps_4q": null,
            "eps_4q_growth_year": null,
            "roe": null,
            "gross_profit": null,
            "gross_margin": null,
            "net_income": null,
            "revenue": null,
            "common_shares": null,
            "equity": null,
            "current_ratio": null,
            "debt_ratio": null,
            "inventory_turnover_ratio": null,
            "account_receivable_turnover_ratio": null,
            "reinvestment_rate": null,
            "research_to_sale_ratio": null,
            "price_fair": 0,
            "eps_avg_yearly": 0,
            "eps_latest_yearly": 0,
            "eps_growth_yearly": 0
        },
        "20024": {
            "year_quarter": 20024,
            "year": 2002,
            "quarter": 4,
            "eps": null,
            "eps_growth_year": null,
            "eps_4q": null,
            "eps_4q_growth_year": null,
            "roe": null,
            "gross_profit": null,
            "gross_margin": null,
            "net_income": null,
            "revenue": null,
            "common_shares": null,
            "equity": null,
            "current_ratio": null,
            "debt_ratio": null,
            "inventory_turnover_ratio": null,
            "account_receivable_turnover_ratio": null,
            "reinvestment_rate": null,
            "research_to_sale_ratio": null,
            "price_fair": 0,
            "eps_avg_yearly": 0,
            "eps_latest_yearly": 0,
            "eps_growth_yearly": 0
        },
        "20031": {
            "year_quarter": 20031,
            "year": 2003,
            "quarter": 1,
            "eps": null,
            "eps_growth_year": null,
            "eps_4q": null,
            "eps_4q_growth_year": null,
            "roe": null,
            "gross_profit": null,
            "gross_margin": null,
            "net_income": null,
            "revenue": null,
            "common_shares": null,
            "equity": null,
            "current_ratio": null,
            "debt_ratio": null,
            "inventory_turnover_ratio": null,
            "account_receivable_turnover_ratio": null,
            "reinvestment_rate": null,
            "research_to_sale_ratio": null,
            "price_fair": 0,
            "eps_avg_yearly": 0,
            "eps_latest_yearly": 0,
            "eps_growth_yearly": 0
        },
        "20032": {
            "year_quarter": 20032,
            "year": 2003,
            "quarter": 2,
            "eps": null,
            "eps_growth_year": null,
            "eps_4q": null,
            "eps_4q_growth_year": null,
            "roe": null,
            "gross_profit": null,
            "gross_margin": null,
            "net_income": null,
            "revenue": null,
            "common_shares": null,
            "equity": null,
            "current_ratio": null,
            "debt_ratio": null,
            "inventory_turnover_ratio": null,
            "account_receivable_turnover_ratio": null,
            "reinvestment_rate": null,
            "research_to_sale_ratio": null,
            "price_fair": 0,
            "eps_avg_yearly": 0,
            "eps_latest_yearly": 0,
            "eps_growth_yearly": 0
        },
        "20033": {
            "year_quarter": 20033,
            "year": 2003,
            "quarter": 3,
            "eps": null,
            "eps_growth_year": null,
            "eps_4q": null,
            "eps_4q_growth_year": null,
            "roe": null,
            "gross_profit": null,
            "gross_margin": null,
            "net_income": null,
            "revenue": null,
            "common_shares": null,
            "equity": null,
            "current_ratio": null,
            "debt_ratio": null,
            "inventory_turnover_ratio": null,
            "account_receivable_turnover_ratio": null,
            "reinvestment_rate": null,
            "research_to_sale_ratio": null,
            "price_fair": 0,
            "eps_avg_yearly": 0,
            "eps_latest_yearly": 0,
            "eps_growth_yearly": 0
        },
        "20034": {
            "year_quarter": 20034,
            "year": 2003,
            "quarter": 4,
            "eps": null,
            "eps_growth_year": null,
            "eps_4q": null,
            "eps_4q_growth_year": null,
            "roe": null,
            "gross_profit": null,
            "gross_margin": null,
            "net_income": null,
            "revenue": null,
            "common_shares": null,
            "equity": null,
            "current_ratio": null,
            "debt_ratio": null,
            "inventory_turnover_ratio": null,
            "account_receivable_turnover_ratio": null,
            "reinvestment_rate": null,
            "research_to_sale_ratio": null,
            "price_fair": 0,
            "eps_avg_yearly": 0,
            "eps_latest_yearly": 0,
            "eps_growth_yearly": 0
        },
        "20041": {
            "year_quarter": 20041,
            "year": 2004,
            "quarter": 1,
            "eps": null,
            "eps_growth_year": null,
            "eps_4q": null,
            "eps_4q_growth_year": null,
            "roe": null,
            "gross_profit": null,
            "gross_margin": null,
            "net_income": null,
            "revenue": null,
            "common_shares": null,
            "equity": null,
            "current_ratio": null,
            "debt_ratio": null,
            "inventory_turnover_ratio": null,
            "account_receivable_turnover_ratio": null,
            "reinvestment_rate": null,
            "research_to_sale_ratio": null,
            "price_fair": 0,
            "eps_avg_yearly": 0,
            "eps_latest_yearly": 0,
            "eps_growth_yearly": 0
        },
        "20042": {
            "year_quarter": 20042,
            "year": 2004,
            "quarter": 2,
            "eps": null,
            "eps_growth_year": null,
            "eps_4q": null,
            "eps_4q_growth_year": null,
            "roe": null,
            "gross_profit": null,
            "gross_margin": null,
            "net_income": null,
            "revenue": null,
            "common_shares": null,
            "equity": null,
            "current_ratio": null,
            "debt_ratio": null,
            "inventory_turnover_ratio": null,
            "account_receivable_turnover_ratio": null,
            "reinvestment_rate": null,
            "research_to_sale_ratio": null,
            "price_fair": 0,
            "eps_avg_yearly": 0,
            "eps_latest_yearly": 0,
            "eps_growth_yearly": 0
        },
        "20043": {
            "year_quarter": 20043,
            "year": 2004,
            "quarter": 3,
            "eps": null,
            "eps_growth_year": null,
            "eps_4q": null,
            "eps_4q_growth_year": null,
            "roe": null,
            "gross_profit": null,
            "gross_margin": null,
            "net_income": null,
            "revenue": null,
            "common_shares": null,
            "equity": null,
            "current_ratio": null,
            "debt_ratio": null,
            "inventory_turnover_ratio": null,
            "account_receivable_turnover_ratio": null,
            "reinvestment_rate": null,
            "research_to_sale_ratio": null,
            "price_fair": 0,
            "eps_avg_yearly": 0,
            "eps_latest_yearly": 0,
            "eps_growth_yearly": 0
        },
        "20044": {
            "year_quarter": 20044,
            "year": 2004,
            "quarter": 4,
            "eps": null,
            "eps_growth_year": null,
            "eps_4q": null,
            "eps_4q_growth_year": null,
            "roe": null,
            "gross_profit": null,
            "gross_margin": null,
            "net_income": null,
            "revenue": null,
            "common_shares": null,
            "equity": null,
            "current_ratio": null,
            "debt_ratio": null,
            "inventory_turnover_ratio": null,
            "account_receivable_turnover_ratio": null,
            "reinvestment_rate": null,
            "research_to_sale_ratio": null,
            "price_fair": 0,
            "eps_avg_yearly": 0,
            "eps_latest_yearly": 0,
            "eps_growth_yearly": 0
        },
        "20051": {
            "year_quarter": 20051,
            "year": 2005,
            "quarter": 1,
            "eps": null,
            "eps_growth_year": null,
            "eps_4q": null,
            "eps_4q_growth_year": null,
            "roe": null,
            "gross_profit": null,
            "gross_margin": null,
            "net_income": null,
            "revenue": null,
            "common_shares": null,
            "equity": null,
            "current_ratio": null,
            "debt_ratio": null,
            "inventory_turnover_ratio": null,
            "account_receivable_turnover_ratio": null,
            "reinvestment_rate": null,
            "research_to_sale_ratio": null,
            "price_fair": 0,
            "eps_avg_yearly": 0,
            "eps_latest_yearly": 0,
            "eps_growth_yearly": 0
        },
        "20052": {
            "year_quarter": 20052,
            "year": 2005,
            "quarter": 2,
            "eps": null,
            "eps_growth_year": null,
            "eps_4q": null,
            "eps_4q_growth_year": null,
            "roe": null,
            "gross_profit": null,
            "gross_margin": null,
            "net_income": null,
            "revenue": null,
            "common_shares": null,
            "equity": null,
            "current_ratio": null,
            "debt_ratio": null,
            "inventory_turnover_ratio": null,
            "account_receivable_turnover_ratio": null,
            "reinvestment_rate": null,
            "research_to_sale_ratio": null,
            "price_fair": 0,
            "eps_avg_yearly": 0,
            "eps_latest_yearly": 0,
            "eps_growth_yearly": 0
        },
        "20053": {
            "year_quarter": 20053,
            "year": 2005,
            "quarter": 3,
            "eps": null,
            "eps_growth_year": null,
            "eps_4q": null,
            "eps_4q_growth_year": null,
            "roe": null,
            "gross_profit": null,
            "gross_margin": null,
            "net_income": null,
            "revenue": null,
            "common_shares": null,
            "equity": null,
            "current_ratio": null,
            "debt_ratio": null,
            "inventory_turnover_ratio": null,
            "account_receivable_turnover_ratio": null,
            "reinvestment_rate": null,
            "research_to_sale_ratio": null,
            "price_fair": 0,
            "eps_avg_yearly": 0,
            "eps_latest_yearly": 0,
            "eps_growth_yearly": 0
        },
        "20054": {
            "year_quarter": 20054,
            "year": 2005,
            "quarter": 4,
            "eps": null,
            "eps_growth_year": null,
            "eps_4q": null,
            "eps_4q_growth_year": null,
            "roe": null,
            "gross_profit": null,
            "gross_margin": null,
            "net_income": null,
            "revenue": null,
            "common_shares": null,
            "equity": null,
            "current_ratio": null,
            "debt_ratio": null,
            "inventory_turnover_ratio": null,
            "account_receivable_turnover_ratio": null,
            "reinvestment_rate": null,
            "research_to_sale_ratio": null,
            "price_fair": 0,
            "eps_avg_yearly": 0,
            "eps_latest_yearly": 0,
            "eps_growth_yearly": 0
        },
        "20061": {
            "year_quarter": 20061,
            "year": 2006,
            "quarter": 1,
            "eps": null,
            "eps_growth_year": null,
            "eps_4q": null,
            "eps_4q_growth_year": null,
            "roe": null,
            "gross_profit": null,
            "gross_margin": null,
            "net_income": null,
            "revenue": null,
            "common_shares": null,
            "equity": null,
            "current_ratio": null,
            "debt_ratio": null,
            "inventory_turnover_ratio": null,
            "account_receivable_turnover_ratio": null,
            "reinvestment_rate": null,
            "research_to_sale_ratio": null,
            "price_fair": 0,
            "eps_avg_yearly": 0,
            "eps_latest_yearly": 0,
            "eps_growth_yearly": 0
        },
        "20062": {
            "year_quarter": 20062,
            "year": 2006,
            "quarter": 2,
            "eps": null,
            "eps_growth_year": null,
            "eps_4q": null,
            "eps_4q_growth_year": null,
            "roe": null,
            "gross_profit": null,
            "gross_margin": null,
            "net_income": null,
            "revenue": null,
            "common_shares": null,
            "equity": null,
            "current_ratio": null,
            "debt_ratio": null,
            "inventory_turnover_ratio": null,
            "account_receivable_turnover_ratio": null,
            "reinvestment_rate": null,
            "research_to_sale_ratio": null,
            "price_fair": 0,
            "eps_avg_yearly": 0,
            "eps_latest_yearly": 0,
            "eps_growth_yearly": 0
        },
        "20063": {
            "year_quarter": 20063,
            "year": 2006,
            "quarter": 3,
            "eps": null,
            "eps_growth_year": null,
            "eps_4q": null,
            "eps_4q_growth_year": null,
            "roe": null,
            "gross_profit": null,
            "gross_margin": null,
            "net_income": null,
            "revenue": null,
            "common_shares": null,
            "equity": null,
            "current_ratio": null,
            "debt_ratio": null,
            "inventory_turnover_ratio": null,
            "account_receivable_turnover_ratio": null,
            "reinvestment_rate": null,
            "research_to_sale_ratio": null,
            "price_fair": 0,
            "eps_avg_yearly": 0,
            "eps_latest_yearly": 0,
            "eps_growth_yearly": 0
        },
        "20064": {
            "year_quarter": 20064,
            "year": 2006,
            "quarter": 4,
            "eps": null,
            "eps_growth_year": null,
            "eps_4q": null,
            "eps_4q_growth_year": null,
            "roe": null,
            "gross_profit": null,
            "gross_margin": null,
            "net_income": null,
            "revenue": null,
            "common_shares": null,
            "equity": null,
            "current_ratio": null,
            "debt_ratio": null,
            "inventory_turnover_ratio": null,
            "account_receivable_turnover_ratio": null,
            "reinvestment_rate": null,
            "research_to_sale_ratio": null,
            "price_fair": 0,
            "eps_avg_yearly": 0,
            "eps_latest_yearly": 0,
            "eps_growth_yearly": 0
        },
        "20071": {
            "year_quarter": 20071,
            "year": 2007,
            "quarter": 1,
            "eps": null,
            "eps_growth_year": null,
            "eps_4q": null,
            "eps_4q_growth_year": null,
            "roe": null,
            "gross_profit": null,
            "gross_margin": null,
            "net_income": null,
            "revenue": null,
            "common_shares": null,
            "equity": null,
            "current_ratio": null,
            "debt_ratio": null,
            "inventory_turnover_ratio": null,
            "account_receivable_turnover_ratio": null,
            "reinvestment_rate": null,
            "research_to_sale_ratio": null,
            "price_fair": 0,
            "eps_avg_yearly": 0,
            "eps_latest_yearly": 0,
            "eps_growth_yearly": 0
        },
        "20072": {
            "year_quarter": 20072,
            "year": 2007,
            "quarter": 2,
            "eps": null,
            "eps_growth_year": null,
            "eps_4q": null,
            "eps_4q_growth_year": null,
            "roe": null,
            "gross_profit": null,
            "gross_margin": null,
            "net_income": null,
            "revenue": null,
            "common_shares": null,
            "equity": null,
            "current_ratio": null,
            "debt_ratio": null,
            "inventory_turnover_ratio": null,
            "account_receivable_turnover_ratio": null,
            "reinvestment_rate": null,
            "research_to_sale_ratio": null,
            "price_fair": 0,
            "eps_avg_yearly": 0,
            "eps_latest_yearly": 0,
            "eps_growth_yearly": 0
        },
        "20073": {
            "year_quarter": 20073,
            "year": 2007,
            "quarter": 3,
            "eps": null,
            "eps_growth_year": null,
            "eps_4q": null,
            "eps_4q_growth_year": null,
            "roe": null,
            "gross_profit": null,
            "gross_margin": null,
            "net_income": null,
            "revenue": null,
            "common_shares": null,
            "equity": null,
            "current_ratio": null,
            "debt_ratio": null,
            "inventory_turnover_ratio": null,
            "account_receivable_turnover_ratio": null,
            "reinvestment_rate": null,
            "research_to_sale_ratio": null,
            "price_fair": 0,
            "eps_avg_yearly": 0,
            "eps_latest_yearly": 0,
            "eps_growth_yearly": 0
        },
        "20074": {
            "year_quarter": 20074,
            "year": 2007,
            "quarter": 4,
            "eps": null,
            "eps_growth_year": null,
            "eps_4q": null,
            "eps_4q_growth_year": null,
            "roe": null,
            "gross_profit": null,
            "gross_margin": null,
            "net_income": null,
            "revenue": null,
            "common_shares": null,
            "equity": null,
            "current_ratio": null,
            "debt_ratio": null,
            "inventory_turnover_ratio": null,
            "account_receivable_turnover_ratio": null,
            "reinvestment_rate": null,
            "research_to_sale_ratio": null,
            "price_fair": 0,
            "eps_avg_yearly": 0,
            "eps_latest_yearly": 0,
            "eps_growth_yearly": 0
        },
        "20081": {
            "year_quarter": 20081,
            "year": 2008,
            "quarter": 1,
            "eps": null,
            "eps_growth_year": null,
            "eps_4q": null,
            "eps_4q_growth_year": null,
            "roe": null,
            "gross_profit": null,
            "gross_margin": null,
            "net_income": null,
            "revenue": null,
            "common_shares": null,
            "equity": null,
            "current_ratio": null,
            "debt_ratio": null,
            "inventory_turnover_ratio": null,
            "account_receivable_turnover_ratio": null,
            "reinvestment_rate": null,
            "research_to_sale_ratio": null,
            "price_fair": 0,
            "eps_avg_yearly": 0,
            "eps_latest_yearly": 0,
            "eps_growth_yearly": 0
        },
        "20082": {
            "year_quarter": 20082,
            "year": 2008,
            "quarter": 2,
            "eps": null,
            "eps_growth_year": null,
            "eps_4q": null,
            "eps_4q_growth_year": null,
            "roe": null,
            "gross_profit": null,
            "gross_margin": null,
            "net_income": null,
            "revenue": null,
            "common_shares": null,
            "equity": null,
            "current_ratio": null,
            "debt_ratio": null,
            "inventory_turnover_ratio": null,
            "account_receivable_turnover_ratio": null,
            "reinvestment_rate": null,
            "research_to_sale_ratio": null,
            "price_fair": 0,
            "eps_avg_yearly": 0,
            "eps_latest_yearly": 0,
            "eps_growth_yearly": 0
        },
        "20083": {
            "year_quarter": 20083,
            "year": 2008,
            "quarter": 3,
            "eps": null,
            "eps_growth_year": null,
            "eps_4q": null,
            "eps_4q_growth_year": null,
            "roe": null,
            "gross_profit": null,
            "gross_margin": null,
            "net_income": null,
            "revenue": null,
            "common_shares": null,
            "equity": null,
            "current_ratio": null,
            "debt_ratio": null,
            "inventory_turnover_ratio": null,
            "account_receivable_turnover_ratio": null,
            "reinvestment_rate": null,
            "research_to_sale_ratio": null,
            "price_fair": 0,
            "eps_avg_yearly": 0,
            "eps_latest_yearly": 0,
            "eps_growth_yearly": 0
        },
        "20084": {
            "year_quarter": 20084,
            "year": 2008,
            "quarter": 4,
            "eps": null,
            "eps_growth_year": null,
            "eps_4q": null,
            "eps_4q_growth_year": null,
            "roe": null,
            "gross_profit": null,
            "gross_margin": null,
            "net_income": null,
            "revenue": null,
            "common_shares": null,
            "equity": null,
            "current_ratio": null,
            "debt_ratio": null,
            "inventory_turnover_ratio": null,
            "account_receivable_turnover_ratio": null,
            "reinvestment_rate": null,
            "research_to_sale_ratio": null,
            "price_fair": 0,
            "eps_avg_yearly": 0,
            "eps_latest_yearly": 0,
            "eps_growth_yearly": 0
        },
        "20091": {
            "year_quarter": 20091,
            "year": 2009,
            "quarter": 1,
            "eps": null,
            "eps_growth_year": null,
            "eps_4q": null,
            "eps_4q_growth_year": null,
            "roe": null,
            "gross_profit": null,
            "gross_margin": null,
            "net_income": null,
            "revenue": null,
            "common_shares": null,
            "equity": null,
            "current_ratio": null,
            "debt_ratio": null,
            "inventory_turnover_ratio": null,
            "account_receivable_turnover_ratio": null,
            "reinvestment_rate": null,
            "research_to_sale_ratio": null,
            "price_fair": 0,
            "eps_avg_yearly": 0,
            "eps_latest_yearly": 0,
            "eps_growth_yearly": 0
        },
        "20092": {
            "year_quarter": 20092,
            "year": 2009,
            "quarter": 2,
            "eps": null,
            "eps_growth_year": null,
            "eps_4q": null,
            "eps_4q_growth_year": null,
            "roe": null,
            "gross_profit": null,
            "gross_margin": null,
            "net_income": null,
            "revenue": null,
            "common_shares": null,
            "equity": null,
            "current_ratio": null,
            "debt_ratio": null,
            "inventory_turnover_ratio": null,
            "account_receivable_turnover_ratio": null,
            "reinvestment_rate": null,
            "research_to_sale_ratio": null,
            "price_fair": 0,
            "eps_avg_yearly": 0,
            "eps_latest_yearly": 0,
            "eps_growth_yearly": 0
        },
        "20093": {
            "year_quarter": 20093,
            "year": 2009,
            "quarter": 3,
            "eps": null,
            "eps_growth_year": null,
            "eps_4q": null,
            "eps_4q_growth_year": null,
            "roe": null,
            "gross_profit": null,
            "gross_margin": null,
            "net_income": null,
            "revenue": null,
            "common_shares": null,
            "equity": null,
            "current_ratio": null,
            "debt_ratio": null,
            "inventory_turnover_ratio": null,
            "account_receivable_turnover_ratio": null,
            "reinvestment_rate": null,
            "research_to_sale_ratio": null,
            "price_fair": 0,
            "eps_avg_yearly": 0,
            "eps_latest_yearly": 0,
            "eps_growth_yearly": 0
        },
        "20094": {
            "year_quarter": 20094,
            "year": 2009,
            "quarter": 4,
            "eps": null,
            "eps_growth_year": null,
            "eps_4q": null,
            "eps_4q_growth_year": null,
            "roe": null,
            "gross_profit": null,
            "gross_margin": null,
            "net_income": null,
            "revenue": null,
            "common_shares": null,
            "equity": null,
            "current_ratio": null,
            "debt_ratio": null,
            "inventory_turnover_ratio": null,
            "account_receivable_turnover_ratio": null,
            "reinvestment_rate": null,
            "research_to_sale_ratio": null,
            "price_fair": 0,
            "eps_avg_yearly": 0,
            "eps_latest_yearly": 0,
            "eps_growth_yearly": 0
        },
        "20101": {
            "year_quarter": 20101,
            "year": 2010,
            "quarter": 1,
            "eps": null,
            "eps_growth_year": null,
            "eps_4q": null,
            "eps_4q_growth_year": null,
            "roe": null,
            "gross_profit": null,
            "gross_margin": null,
            "net_income": null,
            "revenue": null,
            "common_shares": null,
            "equity": null,
            "current_ratio": null,
            "debt_ratio": null,
            "inventory_turnover_ratio": null,
            "account_receivable_turnover_ratio": null,
            "reinvestment_rate": null,
            "research_to_sale_ratio": null,
            "price_fair": 0,
            "eps_avg_yearly": 0,
            "eps_latest_yearly": 0,
            "eps_growth_yearly": 0
        },
        "20102": {
            "year_quarter": 20102,
            "year": 2010,
            "quarter": 2,
            "eps": null,
            "eps_growth_year": null,
            "eps_4q": null,
            "eps_4q_growth_year": null,
            "roe": null,
            "gross_profit": null,
            "gross_margin": null,
            "net_income": null,
            "revenue": null,
            "common_shares": null,
            "equity": null,
            "current_ratio": null,
            "debt_ratio": null,
            "inventory_turnover_ratio": null,
            "account_receivable_turnover_ratio": null,
            "reinvestment_rate": null,
            "research_to_sale_ratio": null,
            "price_fair": 0,
            "eps_avg_yearly": 0,
            "eps_latest_yearly": 0,
            "eps_growth_yearly": 0
        },
        "20103": {
            "year_quarter": 20103,
            "year": 2010,
            "quarter": 3,
            "eps": null,
            "eps_growth_year": null,
            "eps_4q": null,
            "eps_4q_growth_year": null,
            "roe": null,
            "gross_profit": null,
            "gross_margin": null,
            "net_income": null,
            "revenue": null,
            "common_shares": null,
            "equity": null,
            "current_ratio": null,
            "debt_ratio": null,
            "inventory_turnover_ratio": null,
            "account_receivable_turnover_ratio": null,
            "reinvestment_rate": null,
            "research_to_sale_ratio": null,
            "price_fair": 0,
            "eps_avg_yearly": 0,
            "eps_latest_yearly": 0,
            "eps_growth_yearly": 0
        },
        "20104": {
            "year_quarter": 20104,
            "year": 2010,
            "quarter": 4,
            "eps": null,
            "eps_growth_year": null,
            "eps_4q": null,
            "eps_4q_growth_year": null,
            "roe": null,
            "gross_profit": null,
            "gross_margin": null,
            "net_income": null,
            "revenue": null,
            "common_shares": null,
            "equity": null,
            "current_ratio": null,
            "debt_ratio": null,
            "inventory_turnover_ratio": null,
            "account_receivable_turnover_ratio": null,
            "reinvestment_rate": null,
            "research_to_sale_ratio": null,
            "price_fair": 0,
            "eps_avg_yearly": 0,
            "eps_latest_yearly": 0,
            "eps_growth_yearly": 0
        },
        "20111": {
            "year_quarter": 20111,
            "year": 2011,
            "quarter": 1,
            "eps": null,
            "eps_growth_year": null,
            "eps_4q": null,
            "eps_4q_growth_year": null,
            "roe": null,
            "gross_profit": null,
            "gross_margin": null,
            "net_income": null,
            "revenue": null,
            "common_shares": null,
            "equity": null,
            "current_ratio": null,
            "debt_ratio": null,
            "inventory_turnover_ratio": null,
            "account_receivable_turnover_ratio": null,
            "reinvestment_rate": null,
            "research_to_sale_ratio": null,
            "price_fair": 0,
            "eps_avg_yearly": 0,
            "eps_latest_yearly": 0,
            "eps_growth_yearly": 0
        },
        "20112": {
            "year_quarter": 20112,
            "year": 2011,
            "quarter": 2,
            "eps": null,
            "eps_growth_year": null,
            "eps_4q": null,
            "eps_4q_growth_year": null,
            "roe": null,
            "gross_profit": null,
            "gross_margin": null,
            "net_income": null,
            "revenue": null,
            "common_shares": null,
            "equity": null,
            "current_ratio": null,
            "debt_ratio": null,
            "inventory_turnover_ratio": null,
            "account_receivable_turnover_ratio": null,
            "reinvestment_rate": null,
            "research_to_sale_ratio": null,
            "price_fair": 0,
            "eps_avg_yearly": 0,
            "eps_latest_yearly": 0,
            "eps_growth_yearly": 0
        },
        "20113": {
            "year_quarter": 20113,
            "year": 2011,
            "quarter": 3,
            "eps": null,
            "eps_growth_year": null,
            "eps_4q": null,
            "eps_4q_growth_year": null,
            "roe": null,
            "gross_profit": null,
            "gross_margin": null,
            "net_income": null,
            "revenue": null,
            "common_shares": null,
            "equity": null,
            "current_ratio": null,
            "debt_ratio": null,
            "inventory_turnover_ratio": null,
            "account_receivable_turnover_ratio": null,
            "reinvestment_rate": null,
            "research_to_sale_ratio": null,
            "price_fair": 0,
            "eps_avg_yearly": 0,
            "eps_latest_yearly": 0,
            "eps_growth_yearly": 0
        },
        "20114": {
            "year_quarter": 20114,
            "year": 2011,
            "quarter": 4,
            "eps": null,
            "eps_growth_year": null,
            "eps_4q": null,
            "eps_4q_growth_year": null,
            "roe": null,
            "gross_profit": null,
            "gross_margin": null,
            "net_income": null,
            "revenue": null,
            "common_shares": null,
            "equity": null,
            "current_ratio": null,
            "debt_ratio": null,
            "inventory_turnover_ratio": null,
            "account_receivable_turnover_ratio": null,
            "reinvestment_rate": null,
            "research_to_sale_ratio": null,
            "price_fair": 0,
            "eps_avg_yearly": 0,
            "eps_latest_yearly": 0,
            "eps_growth_yearly": 0
        },
        "20121": {
            "year_quarter": 20121,
            "year": 2012,
            "quarter": 1,
            "eps": null,
            "eps_growth_year": null,
            "eps_4q": null,
            "eps_4q_growth_year": null,
            "roe": null,
            "gross_profit": null,
            "gross_margin": null,
            "net_income": null,
            "revenue": null,
            "common_shares": null,
            "equity": null,
            "current_ratio": null,
            "debt_ratio": null,
            "inventory_turnover_ratio": null,
            "account_receivable_turnover_ratio": null,
            "reinvestment_rate": null,
            "research_to_sale_ratio": null,
            "price_fair": 0,
            "eps_avg_yearly": 0,
            "eps_latest_yearly": 0,
            "eps_growth_yearly": 0
        },
        "20122": {
            "year_quarter": 20122,
            "year": 2012,
            "quarter": 2,
            "eps": null,
            "eps_growth_year": null,
            "eps_4q": null,
            "eps_4q_growth_year": null,
            "roe": null,
            "gross_profit": null,
            "gross_margin": null,
            "net_income": null,
            "revenue": null,
            "common_shares": null,
            "equity": null,
            "current_ratio": null,
            "debt_ratio": null,
            "inventory_turnover_ratio": null,
            "account_receivable_turnover_ratio": null,
            "reinvestment_rate": null,
            "research_to_sale_ratio": null,
            "price_fair": 0,
            "eps_avg_yearly": 0,
            "eps_latest_yearly": 0,
            "eps_growth_yearly": 0
        },
        "20123": {
            "year_quarter": 20123,
            "year": 2012,
            "quarter": 3,
            "eps": null,
            "eps_growth_year": null,
            "eps_4q": null,
            "eps_4q_growth_year": null,
            "roe": null,
            "gross_profit": null,
            "gross_margin": null,
            "net_income": null,
            "revenue": null,
            "common_shares": null,
            "equity": null,
            "current_ratio": null,
            "debt_ratio": null,
            "inventory_turnover_ratio": null,
            "account_receivable_turnover_ratio": null,
            "reinvestment_rate": null,
            "research_to_sale_ratio": null,
            "price_fair": 0,
            "eps_avg_yearly": 0,
            "eps_latest_yearly": 0,
            "eps_growth_yearly": 0
        },
        "20124": {
            "year_quarter": 20124,
            "year": 2012,
            "quarter": 4,
            "eps": null,
            "eps_growth_year": null,
            "eps_4q": null,
            "eps_4q_growth_year": null,
            "roe": null,
            "gross_profit": null,
            "gross_margin": null,
            "net_income": null,
            "revenue": null,
            "common_shares": 287267,
            "equity": 292081,
            "current_ratio": 253.84,
            "debt_ratio": 28.74,
            "inventory_turnover_ratio": null,
            "account_receivable_turnover_ratio": null,
            "reinvestment_rate": null,
            "research_to_sale_ratio": null,
            "price_fair": 0,
            "eps_avg_yearly": 0,
            "eps_latest_yearly": 0,
            "eps_growth_yearly": 0
        },
        "20131": {
            "year_quarter": 20131,
            "year": 2013,
            "quarter": 1,
            "eps": null,
            "eps_growth_year": null,
            "eps_4q": null,
            "eps_4q_growth_year": null,
            "roe": null,
            "gross_profit": null,
            "gross_margin": null,
            "net_income": null,
            "revenue": null,
            "common_shares": null,
            "equity": null,
            "current_ratio": null,
            "debt_ratio": null,
            "inventory_turnover_ratio": null,
            "account_receivable_turnover_ratio": null,
            "reinvestment_rate": null,
            "research_to_sale_ratio": null,
            "price_fair": 0,
            "eps_avg_yearly": 0,
            "eps_latest_yearly": 0,
            "eps_growth_yearly": 0
        },
        "20132": {
            "year_quarter": 20132,
            "year": 2013,
            "quarter": 2,
            "eps": null,
            "eps_growth_year": null,
            "eps_4q": null,
            "eps_4q_growth_year": null,
            "roe": null,
            "gross_profit": null,
            "gross_margin": null,
            "net_income": null,
            "revenue": null,
            "common_shares": null,
            "equity": null,
            "current_ratio": null,
            "debt_ratio": null,
            "inventory_turnover_ratio": null,
            "account_receivable_turnover_ratio": null,
            "reinvestment_rate": null,
            "research_to_sale_ratio": null,
            "price_fair": 0,
            "eps_avg_yearly": 0,
            "eps_latest_yearly": 0,
            "eps_growth_yearly": 0
        },
        "20133": {
            "year_quarter": 20133,
            "year": 2013,
            "quarter": 3,
            "eps": null,
            "eps_growth_year": null,
            "eps_4q": null,
            "eps_4q_growth_year": null,
            "roe": null,
            "gross_profit": null,
            "gross_margin": null,
            "net_income": null,
            "revenue": null,
            "common_shares": null,
            "equity": null,
            "current_ratio": null,
            "debt_ratio": null,
            "inventory_turnover_ratio": null,
            "account_receivable_turnover_ratio": null,
            "reinvestment_rate": null,
            "research_to_sale_ratio": null,
            "price_fair": 0,
            "eps_avg_yearly": 0,
            "eps_latest_yearly": 0,
            "eps_growth_yearly": 0
        },
        "20134": {
            "year_quarter": 20134,
            "year": 2013,
            "quarter": 4,
            "eps": null,
            "eps_growth_year": null,
            "eps_4q": null,
            "eps_4q_growth_year": null,
            "roe": null,
            "gross_profit": null,
            "gross_margin": null,
            "net_income": null,
            "revenue": null,
            "common_shares": null,
            "equity": null,
            "current_ratio": null,
            "debt_ratio": null,
            "inventory_turnover_ratio": null,
            "account_receivable_turnover_ratio": null,
            "reinvestment_rate": null,
            "research_to_sale_ratio": null,
            "price_fair": 0,
            "eps_avg_yearly": 0,
            "eps_latest_yearly": 0,
            "eps_growth_yearly": 0
        },
        "20141": {
            "year_quarter": 20141,
            "year": 2014,
            "quarter": 1,
            "eps": null,
            "eps_growth_year": null,
            "eps_4q": null,
            "eps_4q_growth_year": null,
            "roe": null,
            "gross_profit": null,
            "gross_margin": null,
            "net_income": null,
            "revenue": null,
            "common_shares": null,
            "equity": null,
            "current_ratio": null,
            "debt_ratio": null,
            "inventory_turnover_ratio": null,
            "account_receivable_turnover_ratio": null,
            "reinvestment_rate": null,
            "research_to_sale_ratio": null,
            "price_fair": 0,
            "eps_avg_yearly": 0,
            "eps_latest_yearly": 0,
            "eps_growth_yearly": 0
        },
        "20142": {
            "year_quarter": 20142,
            "year": 2014,
            "quarter": 2,
            "eps": null,
            "eps_growth_year": null,
            "eps_4q": null,
            "eps_4q_growth_year": null,
            "roe": null,
            "gross_profit": null,
            "gross_margin": null,
            "net_income": null,
            "revenue": null,
            "common_shares": 287267,
            "equity": 329545,
            "current_ratio": null,
            "debt_ratio": null,
            "inventory_turnover_ratio": null,
            "account_receivable_turnover_ratio": null,
            "reinvestment_rate": null,
            "research_to_sale_ratio": null,
            "price_fair": 0,
            "eps_avg_yearly": 0,
            "eps_latest_yearly": 0,
            "eps_growth_yearly": 0
        },
        "20143": {
            "year_quarter": 20143,
            "year": 2014,
            "quarter": 3,
            "eps": null,
            "eps_growth_year": null,
            "eps_4q": null,
            "eps_4q_growth_year": null,
            "roe": null,
            "gross_profit": null,
            "gross_margin": null,
            "net_income": null,
            "revenue": null,
            "common_shares": null,
            "equity": null,
            "current_ratio": null,
            "debt_ratio": null,
            "inventory_turnover_ratio": null,
            "account_receivable_turnover_ratio": null,
            "reinvestment_rate": null,
            "research_to_sale_ratio": null,
            "price_fair": 0,
            "eps_avg_yearly": 0,
            "eps_latest_yearly": 0,
            "eps_growth_yearly": 0
        },
        "20144": {
            "year_quarter": 20144,
            "year": 2014,
            "quarter": 4,
            "eps": null,
            "eps_growth_year": null,
            "eps_4q": null,
            "eps_4q_growth_year": null,
            "roe": null,
            "gross_profit": null,
            "gross_margin": null,
            "net_income": null,
            "revenue": null,
            "common_shares": 287267,
            "equity": 366857,
            "current_ratio": null,
            "debt_ratio": null,
            "inventory_turnover_ratio": null,
            "account_receivable_turnover_ratio": null,
            "reinvestment_rate": null,
            "research_to_sale_ratio": null,
            "price_fair": 0,
            "eps_avg_yearly": 0,
            "eps_latest_yearly": 0,
            "eps_growth_yearly": 0
        },
        "20151": {
            "year_quarter": 20151,
            "year": 2015,
            "quarter": 1,
            "eps": null,
            "eps_growth_year": null,
            "eps_4q": null,
            "eps_4q_growth_year": null,
            "roe": null,
            "gross_profit": 28021,
            "gross_margin": null,
            "net_income": 19853,
            "revenue": 86961,
            "common_shares": 287267,
            "equity": 374536,
            "current_ratio": null,
            "debt_ratio": null,
            "inventory_turnover_ratio": null,
            "account_receivable_turnover_ratio": null,
            "reinvestment_rate": null,
            "research_to_sale_ratio": null,
            "price_fair": 0,
            "eps_avg_yearly": 0,
            "eps_latest_yearly": 0,
            "eps_growth_yearly": 0
        },
        "20152": {
            "year_quarter": 20152,
            "year": 2015,
            "quarter": 2,
            "eps": null,
            "eps_growth_year": null,
            "eps_4q": null,
            "eps_4q_growth_year": null,
            "roe": null,
            "gross_profit": 26996,
            "gross_margin": null,
            "net_income": 8576,
            "revenue": 82191,
            "common_shares": 287267,
            "equity": 360059,
            "current_ratio": 317.37,
            "debt_ratio": 25.94,
            "inventory_turnover_ratio": null,
            "account_receivable_turnover_ratio": null,
            "reinvestment_rate": null,
            "research_to_sale_ratio": null,
            "price_fair": 0,
            "eps_avg_yearly": 0,
            "eps_latest_yearly": 0,
            "eps_growth_yearly": 0
        },
        "20153": {
            "year_quarter": 20153,
            "year": 2015,
            "quarter": 3,
            "eps": null,
            "eps_growth_year": null,
            "eps_4q": null,
            "eps_4q_growth_year": null,
            "roe": null,
            "gross_profit": 16073,
            "gross_margin": null,
            "net_income": 16432,
            "revenue": 63481,
            "common_shares": 287267,
            "equity": 371227,
            "current_ratio": 385.29,
            "debt_ratio": 21.67,
            "inventory_turnover_ratio": null,
            "account_receivable_turnover_ratio": null,
            "reinvestment_rate": null,
            "research_to_sale_ratio": null,
            "price_fair": 0,
            "eps_avg_yearly": 0,
            "eps_latest_yearly": 0,
            "eps_growth_yearly": 0
        },
        "20154": {
            "year_quarter": 20154,
            "year": 2015,
            "quarter": 4,
            "eps": null,
            "eps_growth_year": null,
            "eps_4q": null,
            "eps_4q_growth_year": null,
            "roe": null,
            "gross_profit": 25081,
            "gross_margin": null,
            "net_income": 10925,
            "revenue": 88757,
            "common_shares": 287267,
            "equity": 375460,
            "current_ratio": 459.29,
            "debt_ratio": 18.35,
            "inventory_turnover_ratio": null,
            "account_receivable_turnover_ratio": null,
            "reinvestment_rate": null,
            "research_to_sale_ratio": null,
            "price_fair": 0,
            "eps_avg_yearly": 0,
            "eps_latest_yearly": 0,
            "eps_growth_yearly": 0
        },
        "20161": {
            "year_quarter": 20161,
            "year": 2016,
            "quarter": 1,
            "eps": 0.2,
            "eps_growth_year": null,
            "eps_4q": 0.2,
            "eps_4q_growth_year": null,
            "roe": 1.52,
            "gross_profit": 21497,
            "gross_margin": 32.45,
            "net_income": 5767,
            "revenue": 66242,
            "common_shares": 287267,
            "equity": 383104,
            "current_ratio": 457.18,
            "debt_ratio": 17.72,
            "inventory_turnover_ratio": 0.83,
            "account_receivable_turnover_ratio": 1.27,
            "reinvestment_rate": null,
            "research_to_sale_ratio": 4.49,
            "price_fair": 0,
            "eps_avg_yearly": 0,
            "eps_latest_yearly": 0,
            "eps_growth_yearly": 0
        },
        "20162": {
            "year_quarter": 20162,
            "year": 2016,
            "quarter": 2,
            "eps": 0.1,
            "eps_growth_year": null,
            "eps_4q": 0.3,
            "eps_4q_growth_year": null,
            "roe": 0.79,
            "gross_profit": 17912,
            "gross_margin": 28.7,
            "net_income": 2892,
            "revenue": 62415,
            "common_shares": 287267,
            "equity": 346196,
            "current_ratio": 288.08,
            "debt_ratio": 26.49,
            "inventory_turnover_ratio": 0.76,
            "account_receivable_turnover_ratio": 1.23,
            "reinvestment_rate": null,
            "research_to_sale_ratio": 4.68,
            "price_fair": 1.2,
            "eps_avg_yearly": 0.4,
            "eps_latest_yearly": 0.4,
            "eps_growth_yearly": -200
        },
        "20163": {
            "year_quarter": 20163,
            "year": 2016,
            "quarter": 3,
            "eps": 0.31,
            "eps_growth_year": null,
            "eps_4q": 0.56,
            "eps_4q_growth_year": null,
            "roe": 2.34,
            "gross_profit": 26963,
            "gross_margin": 34,
            "net_income": 8964,
            "revenue": 79292,
            "common_shares": 316267,
            "equity": 420802,
            "current_ratio": 498.99,
            "debt_ratio": 16.07,
            "inventory_turnover_ratio": 0.87,
            "account_receivable_turnover_ratio": 1.56,
            "reinvestment_rate": null,
            "research_to_sale_ratio": 3.76,
            "price_fair": 28.7,
            "eps_avg_yearly": 0.82,
            "eps_latest_yearly": 1.24,
            "eps_growth_yearly": 320
        },
        "20164": {
            "year_quarter": 20164,
            "year": 2016,
            "quarter": 4,
            "eps": 0.5,
            "eps_growth_year": null,
            "eps_4q": 1.06,
            "eps_4q_growth_year": null,
            "roe": 3.65,
            "gross_profit": 25571,
            "gross_margin": 29.99,
            "net_income": 15632,
            "revenue": 85266,
            "common_shares": 316267,
            "equity": 435910,
            "current_ratio": 494.12,
            "debt_ratio": 16.64,
            "inventory_turnover_ratio": 1.05,
            "account_receivable_turnover_ratio": 1.34,
            "reinvestment_rate": null,
            "research_to_sale_ratio": 2.41,
            "price_fair": 42.47,
            "eps_avg_yearly": 1.21,
            "eps_latest_yearly": 2,
            "eps_growth_yearly": 295.05
        },
        "20171": {
            "year_quarter": 20171,
            "year": 2017,
            "quarter": 1,
            "eps": 0.09,
            "eps_growth_year": -55,
            "eps_4q": 0.97,
            "eps_4q_growth_year": 377.38,
            "roe": 0.65,
            "gross_profit": 20388,
            "gross_margin": 30.72,
            "net_income": 2845,
            "revenue": 66375,
            "common_shares": 316267,
            "equity": 438776,
            "current_ratio": 469.25,
            "debt_ratio": 17.42,
            "inventory_turnover_ratio": 0.78,
            "account_receivable_turnover_ratio": 1.08,
            "reinvestment_rate": null,
            "research_to_sale_ratio": 3.49,
            "price_fair": 35,
            "eps_avg_yearly": 1,
            "eps_latest_yearly": 0.36,
            "eps_growth_yearly": 139.29
        },
        "20172": {
            "year_quarter": 20172,
            "year": 2017,
            "quarter": 2,
            "eps": 0.54,
            "eps_growth_year": 440,
            "eps_4q": 1.41,
            "eps_4q_growth_year": 363.02,
            "roe": 3.9,
            "gross_profit": 33573,
            "gross_margin": 36.6,
            "net_income": 17073,
            "revenue": 91738,
            "common_shares": 316267,
            "equity": 436504,
            "current_ratio": 375.92,
            "debt_ratio": 21.89,
            "inventory_turnover_ratio": 0.9,
            "account_receivable_turnover_ratio": 1.74,
            "reinvestment_rate": null,
            "research_to_sale_ratio": 3.56,
            "price_fair": 43.12,
            "eps_avg_yearly": 1.23,
            "eps_latest_yearly": 2.16,
            "eps_growth_yearly": 511.43
        },
        "20173": {
            "year_quarter": 20173,
            "year": 2017,
            "quarter": 3,
            "eps": 0.66,
            "eps_growth_year": 112.9,
            "eps_4q": 1.78,
            "eps_4q_growth_year": 217.21,
            "roe": 4.65,
            "gross_profit": 38489,
            "gross_margin": 37.65,
            "net_income": 20782,
            "revenue": 102232,
            "common_shares": 316267,
            "equity": 457313,
            "current_ratio": 413.26,
            "debt_ratio": 19.74,
            "inventory_turnover_ratio": 0.91,
            "account_receivable_turnover_ratio": 1.59,
            "reinvestment_rate": null,
            "research_to_sale_ratio": 2.7,
            "price_fair": 51.33,
            "eps_avg_yearly": 1.47,
            "eps_latest_yearly": 2.64,
            "eps_growth_yearly": 441.01
        },
        "20174": {
            "year_quarter": 20174,
            "year": 2017,
            "quarter": 4,
            "eps": 0.55,
            "eps_growth_year": 9.58,
            "eps_4q": 1.83,
            "eps_4q_growth_year": 72.96,
            "roe": 3.71,
            "gross_profit": 36227,
            "gross_margin": 34.57,
            "net_income": 17261,
            "revenue": 104785,
            "common_shares": 316267,
            "equity": 474208,
            "current_ratio": 394.79,
            "debt_ratio": 20.6,
            "inventory_turnover_ratio": 0.88,
            "account_receivable_turnover_ratio": 1.48,
            "reinvestment_rate": null,
            "research_to_sale_ratio": 2.71,
            "price_fair": 55,
            "eps_avg_yearly": 1.57,
            "eps_latest_yearly": 2.2,
            "eps_growth_yearly": 368.48
        },
        "20181": {
            "year_quarter": 20181,
            "year": 2018,
            "quarter": 1,
            "eps": 0.69,
            "eps_growth_year": 666.67,
            "eps_4q": 2.43,
            "eps_4q_growth_year": 151.77,
            "roe": 4.5,
            "gross_profit": 44452,
            "gross_margin": 37.08,
            "net_income": 21839,
            "revenue": 119897,
            "common_shares": 316267,
            "equity": 496047,
            "current_ratio": 448.87,
            "debt_ratio": 18.34,
            "inventory_turnover_ratio": 0.92,
            "account_receivable_turnover_ratio": 1.55,
            "reinvestment_rate": null,
            "research_to_sale_ratio": 2.31,
            "price_fair": 60.2,
            "eps_avg_yearly": 1.72,
            "eps_latest_yearly": 2.76,
            "eps_growth_yearly": 335.15
        },
        "20182": {
            "year_quarter": 20182,
            "year": 2018,
            "quarter": 2,
            "eps": 1.06,
            "eps_growth_year": 96.3,
            "eps_4q": 2.95,
            "eps_4q_growth_year": 109.88,
            "roe": 6.77,
            "gross_profit": 46913,
            "gross_margin": 39.16,
            "net_income": 33542,
            "revenue": 119794,
            "common_shares": 316267,
            "equity": 494800,
            "current_ratio": 328.27,
            "debt_ratio": 25.15,
            "inventory_turnover_ratio": 0.8,
            "account_receivable_turnover_ratio": 1.24,
            "reinvestment_rate": null,
            "research_to_sale_ratio": 2.02,
            "price_fair": 70,
            "eps_avg_yearly": 2,
            "eps_latest_yearly": 4.24,
            "eps_growth_yearly": 321.74
        },
        "20183": {
            "year_quarter": 20183,
            "year": 2018,
            "quarter": 3,
            "eps": 0.85,
            "eps_growth_year": 28.79,
            "eps_4q": 3.15,
            "eps_4q_growth_year": 76.6,
            "roe": 5.28,
            "gross_profit": 44618,
            "gross_margin": 39.55,
            "net_income": 26840,
            "revenue": 112807,
            "common_shares": 316267,
            "equity": 521640,
            "current_ratio": 416.77,
            "debt_ratio": 19.98,
            "inventory_turnover_ratio": 0.63,
            "account_receivable_turnover_ratio": 1.12,
            "reinvestment_rate": null,
            "research_to_sale_ratio": 2.37,
            "price_fair": 74.9,
            "eps_avg_yearly": 2.14,
            "eps_latest_yearly": 3.4,
            "eps_growth_yearly": 281.64
        },
        "20184": {
            "year_quarter": 20184,
            "year": 2018,
            "quarter": 4,
            "eps": 0.86,
            "eps_growth_year": 57.19,
            "eps_4q": 3.46,
            "eps_4q_growth_year": 88.67,
            "roe": 5.07,
            "gross_profit": 43327,
            "gross_margin": 36.59,
            "net_income": 27133,
            "revenue": 118402,
            "common_shares": 316267,
            "equity": 548553,
            "current_ratio": 421.41,
            "debt_ratio": 20.02,
            "inventory_turnover_ratio": 0.63,
            "account_receivable_turnover_ratio": 1.28,
            "reinvestment_rate": -13.63,
            "research_to_sale_ratio": 2.18,
            "price_fair": 79.04,
            "eps_avg_yearly": 2.26,
            "eps_latest_yearly": 3.44,
            "eps_growth_yearly": 256.47
        },
        "20191": {
            "year_quarter": 20191,
            "year": 2019,
            "quarter": 1,
            "eps": 0.58,
            "eps_growth_year": -15.94,
            "eps_4q": 3.35,
            "eps_4q_growth_year": 37.52,
            "roe": 3.28,
            "gross_profit": 35707,
            "gross_margin": 33.5,
            "net_income": 18317,
            "revenue": 106580,
            "common_shares": 316267,
            "equity": 566870,
            "current_ratio": 390.61,
            "debt_ratio": 21.74,
            "inventory_turnover_ratio": 0.56,
            "account_receivable_turnover_ratio": 1.22,
            "reinvestment_rate": -1.39,
            "research_to_sale_ratio": 2.31,
            "price_fair": 79.22,
            "eps_avg_yearly": 2.26,
            "eps_latest_yearly": 2.32,
            "eps_growth_yearly": 224.24
        },
        "20192": {
            "year_quarter": 20192,
            "year": 2019,
            "quarter": 2,
            "eps": 0.62,
            "eps_growth_year": -41.51,
            "eps_4q": 2.91,
            "eps_4q_growth_year": -1.57,
            "roe": 3.64,
            "gross_profit": 36773,
            "gross_margin": 34.33,
            "net_income": 19664,
            "revenue": 107120,
            "common_shares": 316267,
            "equity": 513793,
            "current_ratio": 276.28,
            "debt_ratio": 30.52,
            "inventory_turnover_ratio": 0.51,
            "account_receivable_turnover_ratio": 1.32,
            "reinvestment_rate": -0.27,
            "research_to_sale_ratio": 2.47,
            "price_fair": 79.8,
            "eps_avg_yearly": 2.28,
            "eps_latest_yearly": 2.48,
            "eps_growth_yearly": 209.12
        },
        "20193": {
            "year_quarter": 20193,
            "year": 2019,
            "quarter": 3,
            "eps": 0.72,
            "eps_growth_year": -15.29,
            "eps_4q": 2.78,
            "eps_4q_growth_year": -11.52,
            "roe": 4.36,
            "gross_profit": 41269,
            "gross_margin": 34.48,
            "net_income": 22903,
            "revenue": 119676,
            "common_shares": 316267,
            "equity": 536696,
            "current_ratio": 400.16,
            "debt_ratio": 21,
            "inventory_turnover_ratio": 0.56,
            "account_receivable_turnover_ratio": 1.39,
            "reinvestment_rate": -2.82,
            "research_to_sale_ratio": 2.11,
            "price_fair": 81.3,
            "eps_avg_yearly": 2.32,
            "eps_latest_yearly": 2.88,
            "eps_growth_yearly": 198.79
        },
        "20194": {
            "year_quarter": 20194,
            "year": 2019,
            "quarter": 4,
            "eps": 0.7,
            "eps_growth_year": -18.03,
            "eps_4q": 2.63,
            "eps_4q_growth_year": -23.99,
            "roe": 4.06,
            "gross_profit": 49544,
            "gross_margin": 39.97,
            "net_income": 22240,
            "revenue": 123943,
            "common_shares": 316267,
            "equity": 558835,
            "current_ratio": 433.71,
            "debt_ratio": 19.55,
            "inventory_turnover_ratio": 0.54,
            "account_receivable_turnover_ratio": 1.44,
            "reinvestment_rate": -2.45,
            "research_to_sale_ratio": 2.17,
            "price_fair": 82.41,
            "eps_avg_yearly": 2.35,
            "eps_latest_yearly": 2.8,
            "eps_growth_yearly": 184.79
        },
        "20201": {
            "year_quarter": 20201,
            "year": 2020,
            "quarter": 1,
            "eps": 0.94,
            "eps_growth_year": 62.07,
            "eps_4q": 2.99,
            "eps_4q_growth_year": -10.75,
            "roe": 5.4,
            "gross_profit": 52115,
            "gross_margin": 37.89,
            "net_income": 29652,
            "revenue": 137526,
            "common_shares": 316267,
            "equity": 538484,
            "current_ratio": 307.51,
            "debt_ratio": 45.34,
            "inventory_turnover_ratio": 0.63,
            "account_receivable_turnover_ratio": 1.58,
            "reinvestment_rate": 76.15,
            "research_to_sale_ratio": 1.91,
            "price_fair": 85.49,
            "eps_avg_yearly": 2.44,
            "eps_latest_yearly": 3.76,
            "eps_growth_yearly": 181.82
        },
        "20202": {
            "year_quarter": 20202,
            "year": 2020,
            "quarter": 2,
            "eps": 1.13,
            "eps_growth_year": 82.26,
            "eps_4q": 3.16,
            "eps_4q_growth_year": 8.67,
            "roe": 5.74,
            "gross_profit": 64424,
            "gross_margin": 38.72,
            "net_income": 36190,
            "revenue": 166366,
            "common_shares": 351278,
            "equity": 723188,
            "current_ratio": 319.25,
            "debt_ratio": 29.77,
            "inventory_turnover_ratio": 0.78,
            "account_receivable_turnover_ratio": 1.61,
            "reinvestment_rate": 69.25,
            "research_to_sale_ratio": 1.72,
            "price_fair": 94.5,
            "eps_avg_yearly": 2.7,
            "eps_latest_yearly": 4.52,
            "eps_growth_yearly": 199.37
        },
        "20203": {
            "year_quarter": 20203,
            "year": 2020,
            "quarter": 3,
            "eps": 0.84,
            "eps_growth_year": 16.67,
            "eps_4q": 3.3,
            "eps_4q_growth_year": 18.67,
            "roe": 4,
            "gross_profit": 58819,
            "gross_margin": 43.51,
            "net_income": 30054,
            "revenue": 135193,
            "common_shares": 357699,
            "equity": 780573,
            "current_ratio": 469.88,
            "debt_ratio": 20.66,
            "inventory_turnover_ratio": 0.6,
            "account_receivable_turnover_ratio": 1.28,
            "reinvestment_rate": 65.59,
            "research_to_sale_ratio": 2.72,
            "price_fair": 99.14,
            "eps_avg_yearly": 2.83,
            "eps_latest_yearly": 3.36,
            "eps_growth_yearly": 140.45
        },
        "20204": {
            "year_quarter": 20204,
            "year": 2020,
            "quarter": 4,
            "eps": 0.21,
            "eps_growth_year": -70.38,
            "eps_4q": 2.87,
            "eps_4q_growth_year": 9.04,
            "roe": 0.95,
            "gross_profit": 28176,
            "gross_margin": 25.9,
            "net_income": 7516,
            "revenue": 108770,
            "common_shares": 360823,
            "equity": 801301,
            "current_ratio": 520.33,
            "debt_ratio": 18.03,
            "inventory_turnover_ratio": 0.68,
            "account_receivable_turnover_ratio": 1.2,
            "reinvestment_rate": 67.27,
            "research_to_sale_ratio": 3.38,
            "price_fair": 96.6,
            "eps_avg_yearly": 2.76,
            "eps_latest_yearly": 0.84,
            "eps_growth_yearly": 106.38
        },
        "20211": {
            "year_quarter": 20211,
            "year": 2021,
            "quarter": 1,
            "eps": 0.55,
            "eps_growth_year": -41.49,
            "eps_4q": 2.59,
            "eps_4q_growth_year": -13.17,
            "roe": 2.56,
            "gross_profit": 40521,
            "gross_margin": 39.48,
            "net_income": 19858,
            "revenue": 102643,
            "common_shares": 361008,
            "equity": 749737,
            "current_ratio": 244.77,
            "debt_ratio": 25.6,
            "inventory_turnover_ratio": 0.53,
            "account_receivable_turnover_ratio": 1.31,
            "reinvestment_rate": 71.92,
            "research_to_sale_ratio": 3.02,
            "price_fair": 100.63,
            "eps_avg_yearly": 2.88,
            "eps_latest_yearly": 2.2,
            "eps_growth_yearly": 167.36
        },
        "20212": {
            "year_quarter": 20212,
            "year": 2021,
            "quarter": 2,
            "eps": 0.47,
            "eps_growth_year": -58.41,
            "eps_4q": 2.06,
            "eps_4q_growth_year": -34.89,
            "roe": 2.22,
            "gross_profit": 40149,
            "gross_margin": 34.38,
            "net_income": 16840,
            "revenue": 116777,
            "common_shares": 361008,
            "equity": 766593,
            "current_ratio": 205.9,
            "debt_ratio": 29.9,
            "inventory_turnover_ratio": 0.59,
            "account_receivable_turnover_ratio": 1.53,
            "reinvestment_rate": 82.75,
            "research_to_sale_ratio": 2.54,
            "price_fair": 100.01,
            "eps_avg_yearly": 2.86,
            "eps_latest_yearly": 1.88,
            "eps_growth_yearly": 38.72
        },
        "20213": {
            "year_quarter": 20213,
            "year": 2021,
            "quarter": 3,
            "eps": 0.79,
            "eps_growth_year": -5.95,
            "eps_4q": 2.01,
            "eps_4q_growth_year": -39.14,
            "roe": 3.63,
            "gross_profit": 53158,
            "gross_margin": 38.71,
            "net_income": 28345,
            "revenue": 137328,
            "common_shares": 361008,
            "equity": 794938,
            "current_ratio": 230.65,
            "debt_ratio": 24.4,
            "inventory_turnover_ratio": 0.63,
            "account_receivable_turnover_ratio": 1.67,
            "reinvestment_rate": 90.85,
            "research_to_sale_ratio": 1.86,
            "price_fair": 101.15,
            "eps_avg_yearly": 2.89,
            "eps_latest_yearly": 3.16,
            "eps_growth_yearly": 50.19
        },
        "20214": {
            "year_quarter": 20214,
            "year": 2021,
            "quarter": 4,
            "eps": 0.83,
            "eps_growth_year": 296.83,
            "eps_4q": 2.63,
            "eps_4q_growth_year": -8.29,
            "roe": 3.69,
            "gross_profit": 54505,
            "gross_margin": 36.56,
            "net_income": 29841,
            "revenue": 149096,
            "common_shares": 361008,
            "equity": 824582,
            "current_ratio": 247.52,
            "debt_ratio": 21.19,
            "inventory_turnover_ratio": 0.71,
            "account_receivable_turnover_ratio": 1.71,
            "reinvestment_rate": 94.57,
            "research_to_sale_ratio": 2.12,
            "price_fair": 103.6,
            "eps_avg_yearly": 2.96,
            "eps_latest_yearly": 3.32,
            "eps_growth_yearly": 55.62
        },
        "20221": {
            "year_quarter": 20221,
            "year": 2022,
            "quarter": 1,
            "eps": 1.05,
            "eps_growth_year": 90.91,
            "eps_4q": 3.12,
            "eps_4q_growth_year": 20.47,
            "roe": 4.66,
            "gross_profit": 59914,
            "gross_margin": 45.44,
            "net_income": 37753,
            "revenue": 131864,
            "common_shares": 361008,
            "equity": 797353,
            "current_ratio": 173.12,
            "debt_ratio": 28.64,
            "inventory_turnover_ratio": 0.51,
            "account_receivable_turnover_ratio": 1.54,
            "reinvestment_rate": 104.06,
            "research_to_sale_ratio": 2.22,
            "price_fair": 106.75,
            "eps_avg_yearly": 3.05,
            "eps_latest_yearly": 4.2,
            "eps_growth_yearly": 55.88
        },
        "20222": {
            "year_quarter": 20222,
            "year": 2022,
            "quarter": 2,
            "eps": 1.32,
            "eps_growth_year": 180.85,
            "eps_4q": 3.98,
            "eps_4q_growth_year": 93.37,
            "roe": 5.81,
            "gross_profit": 70708,
            "gross_margin": 45.21,
            "net_income": 47671,
            "revenue": 156396,
            "common_shares": 361008,
            "equity": 845040,
            "current_ratio": 157.44,
            "debt_ratio": 28.41,
            "inventory_turnover_ratio": 0.56,
            "account_receivable_turnover_ratio": 1.64,
            "reinvestment_rate": 122.09,
            "research_to_sale_ratio": 1.82,
            "price_fair": 109.03,
            "eps_avg_yearly": 3.12,
            "eps_latest_yearly": 5.28,
            "eps_growth_yearly": 48.9
        },
        "20223": {
            "year_quarter": 20223,
            "year": 2022,
            "quarter": 3,
            "eps": 1.45,
            "eps_growth_year": 83.54,
            "eps_4q": 4.63,
            "eps_4q_growth_year": 130.56,
            "roe": 5.99,
            "gross_profit": 73751,
            "gross_margin": 41.11,
            "net_income": 52213,
            "revenue": 179402,
            "common_shares": 361414,
            "equity": 898851,
            "current_ratio": 153.3,
            "debt_ratio": 26.99,
            "inventory_turnover_ratio": 0.64,
            "account_receivable_turnover_ratio": 1.55,
            "reinvestment_rate": 131.9,
            "research_to_sale_ratio": 1.8,
            "price_fair": 114.28,
            "eps_avg_yearly": 3.27,
            "eps_latest_yearly": 5.8,
            "eps_growth_yearly": 56.32
        },
        "20224": {
            "year_quarter": 20224,
            "year": 2022,
            "quarter": 4,
            "eps": 1.19,
            "eps_growth_year": 43.62,
            "eps_4q": 4.98,
            "eps_4q_growth_year": 89.6,
            "roe": 4.66,
            "gross_profit": 80167,
            "gross_margin": 41.09,
            "net_income": 43044,
            "revenue": 195094,
            "common_shares": 362578,
            "equity": 947353,
            "current_ratio": 161.1,
            "debt_ratio": 24.96,
            "inventory_turnover_ratio": 0.65,
            "account_receivable_turnover_ratio": 1.58,
            "reinvestment_rate": 135.8,
            "research_to_sale_ratio": 1.94,
            "price_fair": 117.16,
            "eps_avg_yearly": 3.35,
            "eps_latest_yearly": 4.76,
            "eps_growth_yearly": 51.54
        },
        "20231": {
            "year_quarter": 20231,
            "year": 2023,
            "quarter": 1,
            "eps": 0.77,
            "eps_growth_year": -26.67,
            "eps_4q": 4.57,
            "eps_4q_growth_year": 46.32,
            "roe": 3.02,
            "gross_profit": 54778,
            "gross_margin": 33.63,
            "net_income": 28233,
            "revenue": 162891,
            "common_shares": 374451,
            "equity": 921865,
            "current_ratio": 153.24,
            "debt_ratio": 24.33,
            "inventory_turnover_ratio": 0.61,
            "account_receivable_turnover_ratio": 1.41,
            "reinvestment_rate": 135.02,
            "research_to_sale_ratio": 2.08,
            "price_fair": 118.83,
            "eps_avg_yearly": 3.4,
            "eps_latest_yearly": 3.08,
            "eps_growth_yearly": 50.86
        }
    },
    "months": {
        "2015-05": {
            "month": "2015-05",
            "price": "32.69",
            "revenue": 27582
        },
        "2015-06": {
            "month": "2015-06",
            "price": "32.17",
            "revenue": 24618
        },
        "2015-07": {
            "month": "2015-07",
            "price": "30.57",
            "revenue": 25493
        },
        "2015-08": {
            "month": "2015-08",
            "price": "24.79",
            "revenue": 19419
        },
        "2015-09": {
            "month": "2015-09",
            "price": "24.26",
            "revenue": 18569
        },
        "2015-10": {
            "month": "2015-10",
            "price": "23.16",
            "revenue": 23987
        },
        "2015-11": {
            "month": "2015-11",
            "price": "20.74",
            "revenue": 37995
        },
        "2015-12": {
            "month": "2015-12",
            "price": "24.52",
            "revenue": 30775
        },
        "2016-01": {
            "month": "2016-01",
            "price": "23.50",
            "revenue": 23458
        },
        "2016-02": {
            "month": "2016-02",
            "price": "27.97",
            "revenue": 15220
        },
        "2016-03": {
            "month": "2016-03",
            "price": "32.30",
            "revenue": 27564
        },
        "2016-04": {
            "month": "2016-04",
            "price": "40.64",
            "revenue": 25014
        },
        "2016-05": {
            "month": "2016-05",
            "price": "34.90",
            "revenue": 18017
        },
        "2016-06": {
            "month": "2016-06",
            "price": "34.48",
            "revenue": 19384
        },
        "2016-07": {
            "month": "2016-07",
            "price": "30.02",
            "revenue": 26771
        },
        "2016-08": {
            "month": "2016-08",
            "price": "30.83",
            "revenue": 25867
        },
        "2016-09": {
            "month": "2016-09",
            "price": "29.89",
            "revenue": 26653
        },
        "2016-10": {
            "month": "2016-10",
            "price": "31.74",
            "revenue": 21563
        },
        "2016-11": {
            "month": "2016-11",
            "price": "26.05",
            "revenue": 36658
        },
        "2016-12": {
            "month": "2016-12",
            "price": "24.74",
            "revenue": 27045
        },
        "2017-01": {
            "month": "2017-01",
            "price": "23.11",
            "revenue": 20337
        },
        "2017-02": {
            "month": "2017-02",
            "price": "24.26",
            "revenue": 22716
        },
        "2017-03": {
            "month": "2017-03",
            "price": "26.18",
            "revenue": 23322
        },
        "2017-04": {
            "month": "2017-04",
            "price": "24.46",
            "revenue": 21659
        },
        "2017-05": {
            "month": "2017-05",
            "price": "25.22",
            "revenue": 29345
        },
        "2017-06": {
            "month": "2017-06",
            "price": "26.06",
            "revenue": 40734
        },
        "2017-07": {
            "month": "2017-07",
            "price": "29.46",
            "revenue": 28964
        },
        "2017-08": {
            "month": "2017-08",
            "price": "27.52",
            "revenue": 37158
        },
        "2017-09": {
            "month": "2017-09",
            "price": "27.88",
            "revenue": 36110
        },
        "2017-10": {
            "month": "2017-10",
            "price": "28.77",
            "revenue": 28819
        },
        "2017-11": {
            "month": "2017-11",
            "price": "28.37",
            "revenue": 43764
        },
        "2017-12": {
            "month": "2017-12",
            "price": "27.36",
            "revenue": 32202
        },
        "2018-01": {
            "month": "2018-01",
            "price": "27.72",
            "revenue": 39505
        },
        "2018-02": {
            "month": "2018-02",
            "price": "27.28",
            "revenue": 34528
        },
        "2018-03": {
            "month": "2018-03",
            "price": "31.02",
            "revenue": 45864
        },
        "2018-04": {
            "month": "2018-04",
            "price": "34.21",
            "revenue": 37082
        },
        "2018-05": {
            "month": "2018-05",
            "price": "35.35",
            "revenue": 44303
        },
        "2018-06": {
            "month": "2018-06",
            "price": "38.59",
            "revenue": 38409
        },
        "2018-07": {
            "month": "2018-07",
            "price": "34.12",
            "revenue": 40395
        },
        "2018-08": {
            "month": "2018-08",
            "price": "35.92",
            "revenue": 39597
        },
        "2018-09": {
            "month": "2018-09",
            "price": "36.30",
            "revenue": 32815
        },
        "2018-10": {
            "month": "2018-10",
            "price": "27.66",
            "revenue": 41191
        },
        "2018-11": {
            "month": "2018-11",
            "price": "27.91",
            "revenue": 32667
        },
        "2018-12": {
            "month": "2018-12",
            "price": "28.03",
            "revenue": 44544
        },
        "2019-01": {
            "month": "2019-01",
            "price": "30.02",
            "revenue": 49570
        },
        "2019-02": {
            "month": "2019-02",
            "price": "34.17",
            "revenue": 24727
        },
        "2019-03": {
            "month": "2019-03",
            "price": "34.66",
            "revenue": 32283
        },
        "2019-04": {
            "month": "2019-04",
            "price": "32.83",
            "revenue": 29828
        },
        "2019-05": {
            "month": "2019-05",
            "price": "29.36",
            "revenue": 38089
        },
        "2019-06": {
            "month": "2019-06",
            "price": "29.48",
            "revenue": 39203
        },
        "2019-07": {
            "month": "2019-07",
            "price": "28.62",
            "revenue": 39723
        },
        "2019-08": {
            "month": "2019-08",
            "price": "29.41",
            "revenue": 38024
        },
        "2019-09": {
            "month": "2019-09",
            "price": "29.91",
            "revenue": 41929
        },
        "2019-10": {
            "month": "2019-10",
            "price": "31.43",
            "revenue": 42630
        },
        "2019-11": {
            "month": "2019-11",
            "price": "32.97",
            "revenue": 38351
        },
        "2019-12": {
            "month": "2019-12",
            "price": "34.18",
            "revenue": 42962
        },
        "2020-01": {
            "month": "2020-01",
            "price": "37.94",
            "revenue": 49948
        },
        "2020-02": {
            "month": "2020-02",
            "price": "41.66",
            "revenue": 40814
        },
        "2020-03": {
            "month": "2020-03",
            "price": "35.42",
            "revenue": 46764
        },
        "2020-04": {
            "month": "2020-04",
            "price": "39.04",
            "revenue": 55194
        },
        "2020-05": {
            "month": "2020-05",
            "price": "67.62",
            "revenue": 57201
        },
        "2020-06": {
            "month": "2020-06",
            "price": "79.00",
            "revenue": 53971
        },
        "2020-07": {
            "month": "2020-07",
            "price": "76.13",
            "revenue": 53684
        },
        "2020-08": {
            "month": "2020-08",
            "price": "67.59",
            "revenue": 45961
        },
        "2020-09": {
            "month": "2020-09",
            "price": "60.78",
            "revenue": 35548
        },
        "2020-10": {
            "month": "2020-10",
            "price": "52.55",
            "revenue": 26488
        },
        "2020-11": {
            "month": "2020-11",
            "price": "54.37",
            "revenue": 35389
        },
        "2020-12": {
            "month": "2020-12",
            "price": "56.38",
            "revenue": 46893
        },
        "2021-01": {
            "month": "2021-01",
            "price": "58.27",
            "revenue": 34907
        },
        "2021-02": {
            "month": "2021-02",
            "price": "53.51",
            "revenue": 29537
        },
        "2021-03": {
            "month": "2021-03",
            "price": "53.50",
            "revenue": 38199
        },
        "2021-04": {
            "month": "2021-04",
            "price": "54.59",
            "revenue": 36493
        },
        "2021-05": {
            "month": "2021-05",
            "price": "43.75",
            "revenue": 44095
        },
        "2021-06": {
            "month": "2021-06",
            "price": "43.25",
            "revenue": 36189
        },
        "2021-07": {
            "month": "2021-07",
            "price": "43.75",
            "revenue": 47167
        },
        "2021-08": {
            "month": "2021-08",
            "price": "40.29",
            "revenue": 46095
        },
        "2021-09": {
            "month": "2021-09",
            "price": "39.78",
            "revenue": 44066
        },
        "2021-10": {
            "month": "2021-10",
            "price": "37.87",
            "revenue": 48819
        },
        "2021-11": {
            "month": "2021-11",
            "price": "42.36",
            "revenue": 55951
        },
        "2021-12": {
            "month": "2021-12",
            "price": "49.49",
            "revenue": 44326
        },
        "2022-01": {
            "month": "2022-01",
            "price": "51.34",
            "revenue": 37745
        },
        "2022-02": {
            "month": "2022-02",
            "price": "47.83",
            "revenue": 40888
        },
        "2022-03": {
            "month": "2022-03",
            "price": "47.22",
            "revenue": 53231
        },
        "2022-04": {
            "month": "2022-04",
            "price": "46.94",
            "revenue": 48372
        },
        "2022-05": {
            "month": "2022-05",
            "price": "45.80",
            "revenue": 50064
        },
        "2022-06": {
            "month": "2022-06",
            "price": "46.65",
            "revenue": 57960
        },
        "2022-07": {
            "month": "2022-07",
            "price": "43.36",
            "revenue": 48394
        },
        "2022-08": {
            "month": "2022-08",
            "price": "45.76",
            "revenue": 63234
        },
        "2022-09": {
            "month": "2022-09",
            "price": "55.24",
            "revenue": 67774
        },
        "2022-10": {
            "month": "2022-10",
            "price": "54.08",
            "revenue": 70940
        },
        "2022-11": {
            "month": "2022-11",
            "price": "59.57",
            "revenue": 60122
        },
        "2022-12": {
            "month": "2022-12",
            "price": "53.95",
            "revenue": 64032
        },
        "2023-01": {
            "month": "2023-01",
            "price": "53.39",
            "revenue": 46349
        },
        "2023-02": {
            "month": "2023-02",
            "price": "55.77",
            "revenue": 40497
        },
        "2023-03": {
            "month": "2023-03",
            "price": "53.68",
            "revenue": 76045
        },
        "2023-04": {
            "month": "2023-04",
            "price": "57.21",
            "revenue": 49669
        }
    }
}
