{
    "summary": {
        "stock_name": "晶心科",
        "stock_id": "6533",
        "category": "半導體",
        "main_business": "晶心嵌入式微處理器核心智財及其相關硬體、軟體發展平台與工具鏈",
        "website_url": "http://www.andestech.com",
        "ceo": "蘇泓萌",
        "pe_ratio": -199,
        "report_year_from": 2015,
        "report_year_to": 2023,
        "age": 9,
        "eps_negative_percentage": 13,
        "eps_growth_avg": {
            "last_all": 35.9,
            "last_2y": 31.71,
            "last_4y": 26.78,
            "last_8y": null,
            "last_12y": null,
            "last_16y": null,
            "last_20y": null,
            "at_2006_last_3y": null,
            "at_2007_last_3y": null,
            "at_2008_last_3y": null,
            "at_2009_last_3y": null,
            "at_2010_last_3y": null,
            "at_2011_last_3y": null,
            "at_2012_last_3y": null,
            "at_2013_last_3y": null,
            "at_2014_last_3y": null,
            "at_2015_last_3y": null,
            "at_2016_last_3y": null,
            "at_2017_last_3y": null,
            "at_2018_last_3y": null,
            "at_2019_last_3y": null,
            "at_2020_last_3y": 40.09,
            "at_2021_last_3y": 55.06,
            "at_2022_last_3y": 57.98,
            "at_2023_last_3y": 48.78,
            "at_2024_last_3y": 48.78,
            "at_2006_last_all": null,
            "at_2007_last_all": null,
            "at_2008_last_all": null,
            "at_2009_last_all": null,
            "at_2010_last_all": null,
            "at_2011_last_all": null,
            "at_2012_last_all": null,
            "at_2013_last_all": null,
            "at_2014_last_all": null,
            "at_2015_last_all": null,
            "at_2016_last_all": null,
            "at_2017_last_all": null,
            "at_2018_last_all": 81.48,
            "at_2019_last_all": 10.13,
            "at_2020_last_all": 40.09,
            "at_2021_last_all": 55.06,
            "at_2022_last_all": 62.68,
            "at_2023_last_all": 35.9,
            "at_2024_last_all": 35.9
        },
        "latest_eps": -2.47,
        "latest_price": 492.5,
        "latest_roe": -2.49,
        "latest_gross_margin": 99.84,
        "latest_equity": 4926456,
        "latest_revenue": 247577,
        "latest_gross_profit": 247183,
        "latest_net_income": 104058,
        "latest_debt_ratio": 8.51,
        "latest_current_ratio": 1213.68,
        "latest_account_receivable_turnover_ratio": 2.27,
        "latest_inventory_turnover_ratio": 0.21,
        "latest_reinvestment_rate": 12.13,
        "latest_research_to_sale_ratio": 72.57
    },
    "eps_dividends": {
        "2001": {
            "cash": 0,
            "stock": 0,
            "eps": 0
        },
        "2002": {
            "cash": 0,
            "stock": 0,
            "eps": 0
        },
        "2003": {
            "cash": 0,
            "stock": 0,
            "eps": 0
        },
        "2004": {
            "cash": 0,
            "stock": 0,
            "eps": 0
        },
        "2005": {
            "cash": 0,
            "stock": 0,
            "eps": 0
        },
        "2006": {
            "cash": 0,
            "stock": 0,
            "eps": 0
        },
        "2007": {
            "cash": 0,
            "stock": 0,
            "eps": 0
        },
        "2008": {
            "cash": 0,
            "stock": 0,
            "eps": 0
        },
        "2009": {
            "cash": 0,
            "stock": 0,
            "eps": 0
        },
        "2010": {
            "cash": 0,
            "stock": 0,
            "eps": 0
        },
        "2011": {
            "cash": 0,
            "stock": 0,
            "eps": 0
        },
        "2012": {
            "cash": 0,
            "stock": 0,
            "eps": 0
        },
        "2013": {
            "cash": 0,
            "stock": 0,
            "eps": 0
        },
        "2014": {
            "cash": 0,
            "stock": 0,
            "eps": 0
        },
        "2015": {
            "cash": 0,
            "stock": 0,
            "eps": 0
        },
        "2016": {
            "cash": 0,
            "stock": 0.3,
            "eps": -0.9
        },
        "2017": {
            "cash": 0,
            "stock": 0,
            "eps": 0.54
        },
        "2018": {
            "cash": 0,
            "stock": 0.5,
            "eps": 0.98
        },
        "2019": {
            "cash": 0.7,
            "stock": 0,
            "eps": 0.38
        },
        "2020": {
            "cash": 0.34,
            "stock": 0,
            "eps": 0.82
        },
        "2021": {
            "cash": 0.74,
            "stock": 0,
            "eps": 3.64
        },
        "2022": {
            "cash": 2.85,
            "stock": 0,
            "eps": 7.03
        },
        "2023": {
            "cash": 1.5,
            "stock": 0,
            "eps": 0.14
        }
    },
    "dividends": {
        "2016-03-30": {
            "cash": 0,
            "stock": 0.3
        },
        "2018-03-20": {
            "cash": 0,
            "stock": 0.5
        },
        "2019-08-13": {
            "cash": 0.7,
            "stock": 0
        },
        "2020-08-13": {
            "cash": 0.34,
            "stock": 0
        },
        "2021-07-15": {
            "cash": 0.74,
            "stock": 0
        },
        "2022-07-19": {
            "cash": 2.85,
            "stock": 0
        },
        "2023-07-25": {
            "cash": 1.5,
            "stock": 0
        }
    },
    "prices": {
        "200101": "無",
        "200102": "無",
        "200103": "無",
        "200104": "無",
        "200105": "無",
        "200106": "無",
        "200107": "無",
        "200108": "無",
        "200109": "無",
        "200110": "無",
        "200111": "無",
        "200112": "無",
        "200201": "無",
        "200202": "無",
        "200203": "無",
        "200204": "無",
        "200205": "無",
        "200206": "無",
        "200207": "無",
        "200208": "無",
        "200209": "無",
        "200210": "無",
        "200211": "無",
        "200212": "無",
        "200301": "無",
        "200302": "無",
        "200303": "無",
        "200304": "無",
        "200305": "無",
        "200306": "無",
        "200307": "無",
        "200308": "無",
        "200309": "無",
        "200310": "無",
        "200311": "無",
        "200312": "無",
        "200401": "無",
        "200402": "無",
        "200403": "無",
        "200404": "無",
        "200405": "無",
        "200406": "無",
        "200407": "無",
        "200408": "無",
        "200409": "無",
        "200410": "無",
        "200411": "無",
        "200412": "無",
        "200501": "無",
        "200502": "無",
        "200503": "無",
        "200504": "無",
        "200505": "無",
        "200506": "無",
        "200507": "無",
        "200508": "無",
        "200509": "無",
        "200510": "無",
        "200511": "無",
        "200512": "無",
        "200601": "無",
        "200602": "無",
        "200603": "無",
        "200604": "無",
        "200605": "無",
        "200606": "無",
        "200607": "無",
        "200608": "無",
        "200609": "無",
        "200610": "無",
        "200611": "無",
        "200612": "無",
        "200701": "無",
        "200702": "無",
        "200703": "無",
        "200704": "無",
        "200705": "無",
        "200706": "無",
        "200707": "無",
        "200708": "無",
        "200709": "無",
        "200710": "無",
        "200711": "無",
        "200712": "無",
        "200801": "無",
        "200802": "無",
        "200803": "無",
        "200804": "無",
        "200805": "無",
        "200806": "無",
        "200807": "無",
        "200808": "無",
        "200809": "無",
        "200810": "無",
        "200811": "無",
        "200812": "無",
        "200901": "無",
        "200902": "無",
        "200903": "無",
        "200904": "無",
        "200905": "無",
        "200906": "無",
        "200907": "無",
        "200908": "無",
        "200909": "無",
        "200910": "無",
        "200911": "無",
        "200912": "無",
        "201001": "無",
        "201002": "無",
        "201003": "無",
        "201004": "無",
        "201005": "無",
        "201006": "無",
        "201007": "無",
        "201008": "無",
        "201009": "無",
        "201010": "無",
        "201011": "無",
        "201012": "無",
        "201101": "無",
        "201102": "無",
        "201103": "無",
        "201104": "無",
        "201105": "無",
        "201106": "無",
        "201107": "無",
        "201108": "無",
        "201109": "無",
        "201110": "無",
        "201111": "無",
        "201112": "無",
        "201201": "無",
        "201202": "無",
        "201203": "無",
        "201204": "無",
        "201205": "無",
        "201206": "無",
        "201207": "無",
        "201208": "無",
        "201209": "無",
        "201210": "無",
        "201211": "無",
        "201212": "無",
        "201301": "無",
        "201302": "無",
        "201303": "無",
        "201304": "無",
        "201305": "無",
        "201306": "無",
        "201307": "無",
        "201308": "無",
        "201309": "無",
        "201310": "無",
        "201311": "無",
        "201312": "無",
        "201401": "無",
        "201402": "無",
        "201403": "無",
        "201404": "無",
        "201405": "無",
        "201406": "無",
        "201407": "無",
        "201408": "無",
        "201409": "無",
        "201410": "無",
        "201411": "無",
        "201412": "無",
        "201501": "無",
        "201502": "無",
        "201503": "無",
        "201504": "無",
        "201505": "無",
        "201506": "無",
        "201507": "無",
        "201508": "78.63",
        "201509": "79.74",
        "201510": "71.93",
        "201511": "72.53",
        "201512": "76.20",
        "201601": "67.75",
        "201602": "66.96",
        "201603": "65.09",
        "201604": "59.08",
        "201605": "53.36",
        "201606": "55.56",
        "201607": "58.37",
        "201608": "71.12",
        "201609": "65.19",
        "201610": "68.16",
        "201611": "61.27",
        "201612": "69.42",
        "201701": "77.24",
        "201702": "100.62",
        "201703": "156.25",
        "201704": "149.86",
        "201705": "156.22",
        "201706": "143.93",
        "201707": "136.86",
        "201708": "134.63",
        "201709": "134.59",
        "201710": "125.16",
        "201711": "113.25",
        "201712": "115.69",
        "201801": "123.89",
        "201802": "107.52",
        "201803": "138.39",
        "201804": "164.86",
        "201805": "136.00",
        "201806": "132.58",
        "201807": "127.66",
        "201808": "127.41",
        "201809": "102.99",
        "201810": "81.21",
        "201811": "70.18",
        "201812": "78.15",
        "201901": "92.94",
        "201902": "104.19",
        "201903": "110.85",
        "201904": "117.18",
        "201905": "108.41",
        "201906": "109.82",
        "201907": "129.43",
        "201908": "122.93",
        "201909": "120.37",
        "201910": "123.81",
        "201911": "118.36",
        "201912": "128.48",
        "202001": "128.63",
        "202002": "116.82",
        "202003": "88.06",
        "202004": "92.91",
        "202005": "113.00",
        "202006": "127.30",
        "202007": "150.24",
        "202008": "138.55",
        "202009": "140.95",
        "202010": "161.24",
        "202011": "213.29",
        "202012": "289.04",
        "202101": "368.52",
        "202102": "443.46",
        "202103": "499.52",
        "202104": "536.11",
        "202105": "395.48",
        "202106": "491.74",
        "202107": "537.55",
        "202108": "511.32",
        "202109": "460.32",
        "202110": "446.18",
        "202111": "550.09",
        "202112": "535.86",
        "202201": "452.19",
        "202202": "428.90",
        "202203": "404.46",
        "202204": "360.47",
        "202205": "329.79",
        "202206": "295.38",
        "202207": "249.79",
        "202208": "302.35",
        "202209": "405.36",
        "202210": "362.45",
        "202211": "487.50",
        "202212": "515.75",
        "202301": "523.31",
        "202302": "553.33",
        "202303": "550.70",
        "202304": "485.91",
        "202305": "462.91",
        "202306": "495.85",
        "202307": "466.81",
        "202308": "422.57",
        "202309": "409.52",
        "202310": "400.80",
        "202311": "441.95",
        "202312": "467.02"
    },
    "quarters": {
        "20011": {
            "year_quarter": 20011,
            "year": 2001,
            "quarter": 1,
            "eps": null,
            "eps_growth_year": null,
            "eps_4q": null,
            "eps_4q_growth_year": null,
            "roe": null,
            "roe_4q": 0,
            "gross_profit": null,
            "gross_margin": null,
            "gross_margin_4q_avg": 0,
            "net_income": null,
            "net_income_4q": null,
            "revenue": null,
            "revenue_4q": null,
            "common_shares": null,
            "book_valuer_per_share": null,
            "book_valuer_per_share_4q_avg": 0,
            "equity": null,
            "current_ratio": null,
            "debt_ratio": null,
            "inventory_turnover_ratio": null,
            "account_receivable_turnover_ratio": null,
            "reinvestment_rate": null,
            "research_to_sale_ratio": null,
            "price_fair": 0,
            "eps_avg_yearly": 0,
            "eps_latest_yearly": 0,
            "eps_growth_yearly": 0
        },
        "20012": {
            "year_quarter": 20012,
            "year": 2001,
            "quarter": 2,
            "eps": null,
            "eps_growth_year": null,
            "eps_4q": null,
            "eps_4q_growth_year": null,
            "roe": null,
            "roe_4q": 0,
            "gross_profit": null,
            "gross_margin": null,
            "gross_margin_4q_avg": 0,
            "net_income": null,
            "net_income_4q": null,
            "revenue": null,
            "revenue_4q": null,
            "common_shares": null,
            "book_valuer_per_share": null,
            "book_valuer_per_share_4q_avg": 0,
            "equity": null,
            "current_ratio": null,
            "debt_ratio": null,
            "inventory_turnover_ratio": null,
            "account_receivable_turnover_ratio": null,
            "reinvestment_rate": null,
            "research_to_sale_ratio": null,
            "price_fair": 0,
            "eps_avg_yearly": 0,
            "eps_latest_yearly": 0,
            "eps_growth_yearly": 0
        },
        "20013": {
            "year_quarter": 20013,
            "year": 2001,
            "quarter": 3,
            "eps": null,
            "eps_growth_year": null,
            "eps_4q": null,
            "eps_4q_growth_year": null,
            "roe": null,
            "roe_4q": 0,
            "gross_profit": null,
            "gross_margin": null,
            "gross_margin_4q_avg": 0,
            "net_income": null,
            "net_income_4q": null,
            "revenue": null,
            "revenue_4q": null,
            "common_shares": null,
            "book_valuer_per_share": null,
            "book_valuer_per_share_4q_avg": 0,
            "equity": null,
            "current_ratio": null,
            "debt_ratio": null,
            "inventory_turnover_ratio": null,
            "account_receivable_turnover_ratio": null,
            "reinvestment_rate": null,
            "research_to_sale_ratio": null,
            "price_fair": 0,
            "eps_avg_yearly": 0,
            "eps_latest_yearly": 0,
            "eps_growth_yearly": 0
        },
        "20014": {
            "year_quarter": 20014,
            "year": 2001,
            "quarter": 4,
            "eps": null,
            "eps_growth_year": null,
            "eps_4q": null,
            "eps_4q_growth_year": null,
            "roe": null,
            "roe_4q": 0,
            "gross_profit": null,
            "gross_margin": null,
            "gross_margin_4q_avg": 0,
            "net_income": null,
            "net_income_4q": null,
            "revenue": null,
            "revenue_4q": null,
            "common_shares": null,
            "book_valuer_per_share": null,
            "book_valuer_per_share_4q_avg": 0,
            "equity": null,
            "current_ratio": null,
            "debt_ratio": null,
            "inventory_turnover_ratio": null,
            "account_receivable_turnover_ratio": null,
            "reinvestment_rate": null,
            "research_to_sale_ratio": null,
            "price_fair": 0,
            "eps_avg_yearly": 0,
            "eps_latest_yearly": 0,
            "eps_growth_yearly": 0
        },
        "20021": {
            "year_quarter": 20021,
            "year": 2002,
            "quarter": 1,
            "eps": null,
            "eps_growth_year": null,
            "eps_4q": null,
            "eps_4q_growth_year": null,
            "roe": null,
            "roe_4q": 0,
            "gross_profit": null,
            "gross_margin": null,
            "gross_margin_4q_avg": 0,
            "net_income": null,
            "net_income_4q": null,
            "revenue": null,
            "revenue_4q": null,
            "common_shares": null,
            "book_valuer_per_share": null,
            "book_valuer_per_share_4q_avg": 0,
            "equity": null,
            "current_ratio": null,
            "debt_ratio": null,
            "inventory_turnover_ratio": null,
            "account_receivable_turnover_ratio": null,
            "reinvestment_rate": null,
            "research_to_sale_ratio": null,
            "price_fair": 0,
            "eps_avg_yearly": 0,
            "eps_latest_yearly": 0,
            "eps_growth_yearly": 0
        },
        "20022": {
            "year_quarter": 20022,
            "year": 2002,
            "quarter": 2,
            "eps": null,
            "eps_growth_year": null,
            "eps_4q": null,
            "eps_4q_growth_year": null,
            "roe": null,
            "roe_4q": 0,
            "gross_profit": null,
            "gross_margin": null,
            "gross_margin_4q_avg": 0,
            "net_income": null,
            "net_income_4q": null,
            "revenue": null,
            "revenue_4q": null,
            "common_shares": null,
            "book_valuer_per_share": null,
            "book_valuer_per_share_4q_avg": 0,
            "equity": null,
            "current_ratio": null,
            "debt_ratio": null,
            "inventory_turnover_ratio": null,
            "account_receivable_turnover_ratio": null,
            "reinvestment_rate": null,
            "research_to_sale_ratio": null,
            "price_fair": 0,
            "eps_avg_yearly": 0,
            "eps_latest_yearly": 0,
            "eps_growth_yearly": 0
        },
        "20023": {
            "year_quarter": 20023,
            "year": 2002,
            "quarter": 3,
            "eps": null,
            "eps_growth_year": null,
            "eps_4q": null,
            "eps_4q_growth_year": null,
            "roe": null,
            "roe_4q": 0,
            "gross_profit": null,
            "gross_margin": null,
            "gross_margin_4q_avg": 0,
            "net_income": null,
            "net_income_4q": null,
            "revenue": null,
            "revenue_4q": null,
            "common_shares": null,
            "book_valuer_per_share": null,
            "book_valuer_per_share_4q_avg": 0,
            "equity": null,
            "current_ratio": null,
            "debt_ratio": null,
            "inventory_turnover_ratio": null,
            "account_receivable_turnover_ratio": null,
            "reinvestment_rate": null,
            "research_to_sale_ratio": null,
            "price_fair": 0,
            "eps_avg_yearly": 0,
            "eps_latest_yearly": 0,
            "eps_growth_yearly": 0
        },
        "20024": {
            "year_quarter": 20024,
            "year": 2002,
            "quarter": 4,
            "eps": null,
            "eps_growth_year": null,
            "eps_4q": null,
            "eps_4q_growth_year": null,
            "roe": null,
            "roe_4q": 0,
            "gross_profit": null,
            "gross_margin": null,
            "gross_margin_4q_avg": 0,
            "net_income": null,
            "net_income_4q": null,
            "revenue": null,
            "revenue_4q": null,
            "common_shares": null,
            "book_valuer_per_share": null,
            "book_valuer_per_share_4q_avg": 0,
            "equity": null,
            "current_ratio": null,
            "debt_ratio": null,
            "inventory_turnover_ratio": null,
            "account_receivable_turnover_ratio": null,
            "reinvestment_rate": null,
            "research_to_sale_ratio": null,
            "price_fair": 0,
            "eps_avg_yearly": 0,
            "eps_latest_yearly": 0,
            "eps_growth_yearly": 0
        },
        "20031": {
            "year_quarter": 20031,
            "year": 2003,
            "quarter": 1,
            "eps": null,
            "eps_growth_year": null,
            "eps_4q": null,
            "eps_4q_growth_year": null,
            "roe": null,
            "roe_4q": 0,
            "gross_profit": null,
            "gross_margin": null,
            "gross_margin_4q_avg": 0,
            "net_income": null,
            "net_income_4q": null,
            "revenue": null,
            "revenue_4q": null,
            "common_shares": null,
            "book_valuer_per_share": null,
            "book_valuer_per_share_4q_avg": 0,
            "equity": null,
            "current_ratio": null,
            "debt_ratio": null,
            "inventory_turnover_ratio": null,
            "account_receivable_turnover_ratio": null,
            "reinvestment_rate": null,
            "research_to_sale_ratio": null,
            "price_fair": 0,
            "eps_avg_yearly": 0,
            "eps_latest_yearly": 0,
            "eps_growth_yearly": 0
        },
        "20032": {
            "year_quarter": 20032,
            "year": 2003,
            "quarter": 2,
            "eps": null,
            "eps_growth_year": null,
            "eps_4q": null,
            "eps_4q_growth_year": null,
            "roe": null,
            "roe_4q": 0,
            "gross_profit": null,
            "gross_margin": null,
            "gross_margin_4q_avg": 0,
            "net_income": null,
            "net_income_4q": null,
            "revenue": null,
            "revenue_4q": null,
            "common_shares": null,
            "book_valuer_per_share": null,
            "book_valuer_per_share_4q_avg": 0,
            "equity": null,
            "current_ratio": null,
            "debt_ratio": null,
            "inventory_turnover_ratio": null,
            "account_receivable_turnover_ratio": null,
            "reinvestment_rate": null,
            "research_to_sale_ratio": null,
            "price_fair": 0,
            "eps_avg_yearly": 0,
            "eps_latest_yearly": 0,
            "eps_growth_yearly": 0
        },
        "20033": {
            "year_quarter": 20033,
            "year": 2003,
            "quarter": 3,
            "eps": null,
            "eps_growth_year": null,
            "eps_4q": null,
            "eps_4q_growth_year": null,
            "roe": null,
            "roe_4q": 0,
            "gross_profit": null,
            "gross_margin": null,
            "gross_margin_4q_avg": 0,
            "net_income": null,
            "net_income_4q": null,
            "revenue": null,
            "revenue_4q": null,
            "common_shares": null,
            "book_valuer_per_share": null,
            "book_valuer_per_share_4q_avg": 0,
            "equity": null,
            "current_ratio": null,
            "debt_ratio": null,
            "inventory_turnover_ratio": null,
            "account_receivable_turnover_ratio": null,
            "reinvestment_rate": null,
            "research_to_sale_ratio": null,
            "price_fair": 0,
            "eps_avg_yearly": 0,
            "eps_latest_yearly": 0,
            "eps_growth_yearly": 0
        },
        "20034": {
            "year_quarter": 20034,
            "year": 2003,
            "quarter": 4,
            "eps": null,
            "eps_growth_year": null,
            "eps_4q": null,
            "eps_4q_growth_year": null,
            "roe": null,
            "roe_4q": 0,
            "gross_profit": null,
            "gross_margin": null,
            "gross_margin_4q_avg": 0,
            "net_income": null,
            "net_income_4q": null,
            "revenue": null,
            "revenue_4q": null,
            "common_shares": null,
            "book_valuer_per_share": null,
            "book_valuer_per_share_4q_avg": 0,
            "equity": null,
            "current_ratio": null,
            "debt_ratio": null,
            "inventory_turnover_ratio": null,
            "account_receivable_turnover_ratio": null,
            "reinvestment_rate": null,
            "research_to_sale_ratio": null,
            "price_fair": 0,
            "eps_avg_yearly": 0,
            "eps_latest_yearly": 0,
            "eps_growth_yearly": 0
        },
        "20041": {
            "year_quarter": 20041,
            "year": 2004,
            "quarter": 1,
            "eps": null,
            "eps_growth_year": null,
            "eps_4q": null,
            "eps_4q_growth_year": null,
            "roe": null,
            "roe_4q": 0,
            "gross_profit": null,
            "gross_margin": null,
            "gross_margin_4q_avg": 0,
            "net_income": null,
            "net_income_4q": null,
            "revenue": null,
            "revenue_4q": null,
            "common_shares": null,
            "book_valuer_per_share": null,
            "book_valuer_per_share_4q_avg": 0,
            "equity": null,
            "current_ratio": null,
            "debt_ratio": null,
            "inventory_turnover_ratio": null,
            "account_receivable_turnover_ratio": null,
            "reinvestment_rate": null,
            "research_to_sale_ratio": null,
            "price_fair": 0,
            "eps_avg_yearly": 0,
            "eps_latest_yearly": 0,
            "eps_growth_yearly": 0
        },
        "20042": {
            "year_quarter": 20042,
            "year": 2004,
            "quarter": 2,
            "eps": null,
            "eps_growth_year": null,
            "eps_4q": null,
            "eps_4q_growth_year": null,
            "roe": null,
            "roe_4q": 0,
            "gross_profit": null,
            "gross_margin": null,
            "gross_margin_4q_avg": 0,
            "net_income": null,
            "net_income_4q": null,
            "revenue": null,
            "revenue_4q": null,
            "common_shares": null,
            "book_valuer_per_share": null,
            "book_valuer_per_share_4q_avg": 0,
            "equity": null,
            "current_ratio": null,
            "debt_ratio": null,
            "inventory_turnover_ratio": null,
            "account_receivable_turnover_ratio": null,
            "reinvestment_rate": null,
            "research_to_sale_ratio": null,
            "price_fair": 0,
            "eps_avg_yearly": 0,
            "eps_latest_yearly": 0,
            "eps_growth_yearly": 0
        },
        "20043": {
            "year_quarter": 20043,
            "year": 2004,
            "quarter": 3,
            "eps": null,
            "eps_growth_year": null,
            "eps_4q": null,
            "eps_4q_growth_year": null,
            "roe": null,
            "roe_4q": 0,
            "gross_profit": null,
            "gross_margin": null,
            "gross_margin_4q_avg": 0,
            "net_income": null,
            "net_income_4q": null,
            "revenue": null,
            "revenue_4q": null,
            "common_shares": null,
            "book_valuer_per_share": null,
            "book_valuer_per_share_4q_avg": 0,
            "equity": null,
            "current_ratio": null,
            "debt_ratio": null,
            "inventory_turnover_ratio": null,
            "account_receivable_turnover_ratio": null,
            "reinvestment_rate": null,
            "research_to_sale_ratio": null,
            "price_fair": 0,
            "eps_avg_yearly": 0,
            "eps_latest_yearly": 0,
            "eps_growth_yearly": 0
        },
        "20044": {
            "year_quarter": 20044,
            "year": 2004,
            "quarter": 4,
            "eps": null,
            "eps_growth_year": null,
            "eps_4q": null,
            "eps_4q_growth_year": null,
            "roe": null,
            "roe_4q": 0,
            "gross_profit": null,
            "gross_margin": null,
            "gross_margin_4q_avg": 0,
            "net_income": null,
            "net_income_4q": null,
            "revenue": null,
            "revenue_4q": null,
            "common_shares": null,
            "book_valuer_per_share": null,
            "book_valuer_per_share_4q_avg": 0,
            "equity": null,
            "current_ratio": null,
            "debt_ratio": null,
            "inventory_turnover_ratio": null,
            "account_receivable_turnover_ratio": null,
            "reinvestment_rate": null,
            "research_to_sale_ratio": null,
            "price_fair": 0,
            "eps_avg_yearly": 0,
            "eps_latest_yearly": 0,
            "eps_growth_yearly": 0
        },
        "20051": {
            "year_quarter": 20051,
            "year": 2005,
            "quarter": 1,
            "eps": null,
            "eps_growth_year": null,
            "eps_4q": null,
            "eps_4q_growth_year": null,
            "roe": null,
            "roe_4q": 0,
            "gross_profit": null,
            "gross_margin": null,
            "gross_margin_4q_avg": 0,
            "net_income": null,
            "net_income_4q": null,
            "revenue": null,
            "revenue_4q": null,
            "common_shares": null,
            "book_valuer_per_share": null,
            "book_valuer_per_share_4q_avg": 0,
            "equity": null,
            "current_ratio": null,
            "debt_ratio": null,
            "inventory_turnover_ratio": null,
            "account_receivable_turnover_ratio": null,
            "reinvestment_rate": null,
            "research_to_sale_ratio": null,
            "price_fair": 0,
            "eps_avg_yearly": 0,
            "eps_latest_yearly": 0,
            "eps_growth_yearly": 0
        },
        "20052": {
            "year_quarter": 20052,
            "year": 2005,
            "quarter": 2,
            "eps": null,
            "eps_growth_year": null,
            "eps_4q": null,
            "eps_4q_growth_year": null,
            "roe": null,
            "roe_4q": 0,
            "gross_profit": null,
            "gross_margin": null,
            "gross_margin_4q_avg": 0,
            "net_income": null,
            "net_income_4q": null,
            "revenue": null,
            "revenue_4q": null,
            "common_shares": null,
            "book_valuer_per_share": null,
            "book_valuer_per_share_4q_avg": 0,
            "equity": null,
            "current_ratio": null,
            "debt_ratio": null,
            "inventory_turnover_ratio": null,
            "account_receivable_turnover_ratio": null,
            "reinvestment_rate": null,
            "research_to_sale_ratio": null,
            "price_fair": 0,
            "eps_avg_yearly": 0,
            "eps_latest_yearly": 0,
            "eps_growth_yearly": 0
        },
        "20053": {
            "year_quarter": 20053,
            "year": 2005,
            "quarter": 3,
            "eps": null,
            "eps_growth_year": null,
            "eps_4q": null,
            "eps_4q_growth_year": null,
            "roe": null,
            "roe_4q": 0,
            "gross_profit": null,
            "gross_margin": null,
            "gross_margin_4q_avg": 0,
            "net_income": null,
            "net_income_4q": null,
            "revenue": null,
            "revenue_4q": null,
            "common_shares": null,
            "book_valuer_per_share": null,
            "book_valuer_per_share_4q_avg": 0,
            "equity": null,
            "current_ratio": null,
            "debt_ratio": null,
            "inventory_turnover_ratio": null,
            "account_receivable_turnover_ratio": null,
            "reinvestment_rate": null,
            "research_to_sale_ratio": null,
            "price_fair": 0,
            "eps_avg_yearly": 0,
            "eps_latest_yearly": 0,
            "eps_growth_yearly": 0
        },
        "20054": {
            "year_quarter": 20054,
            "year": 2005,
            "quarter": 4,
            "eps": null,
            "eps_growth_year": null,
            "eps_4q": null,
            "eps_4q_growth_year": null,
            "roe": null,
            "roe_4q": 0,
            "gross_profit": null,
            "gross_margin": null,
            "gross_margin_4q_avg": 0,
            "net_income": null,
            "net_income_4q": null,
            "revenue": null,
            "revenue_4q": null,
            "common_shares": null,
            "book_valuer_per_share": null,
            "book_valuer_per_share_4q_avg": 0,
            "equity": null,
            "current_ratio": null,
            "debt_ratio": null,
            "inventory_turnover_ratio": null,
            "account_receivable_turnover_ratio": null,
            "reinvestment_rate": null,
            "research_to_sale_ratio": null,
            "price_fair": 0,
            "eps_avg_yearly": 0,
            "eps_latest_yearly": 0,
            "eps_growth_yearly": 0
        },
        "20061": {
            "year_quarter": 20061,
            "year": 2006,
            "quarter": 1,
            "eps": null,
            "eps_growth_year": null,
            "eps_4q": null,
            "eps_4q_growth_year": null,
            "roe": null,
            "roe_4q": 0,
            "gross_profit": null,
            "gross_margin": null,
            "gross_margin_4q_avg": 0,
            "net_income": null,
            "net_income_4q": null,
            "revenue": null,
            "revenue_4q": null,
            "common_shares": null,
            "book_valuer_per_share": null,
            "book_valuer_per_share_4q_avg": 0,
            "equity": null,
            "current_ratio": null,
            "debt_ratio": null,
            "inventory_turnover_ratio": null,
            "account_receivable_turnover_ratio": null,
            "reinvestment_rate": null,
            "research_to_sale_ratio": null,
            "price_fair": 0,
            "eps_avg_yearly": 0,
            "eps_latest_yearly": 0,
            "eps_growth_yearly": 0
        },
        "20062": {
            "year_quarter": 20062,
            "year": 2006,
            "quarter": 2,
            "eps": null,
            "eps_growth_year": null,
            "eps_4q": null,
            "eps_4q_growth_year": null,
            "roe": null,
            "roe_4q": 0,
            "gross_profit": null,
            "gross_margin": null,
            "gross_margin_4q_avg": 0,
            "net_income": null,
            "net_income_4q": null,
            "revenue": null,
            "revenue_4q": null,
            "common_shares": null,
            "book_valuer_per_share": null,
            "book_valuer_per_share_4q_avg": 0,
            "equity": null,
            "current_ratio": null,
            "debt_ratio": null,
            "inventory_turnover_ratio": null,
            "account_receivable_turnover_ratio": null,
            "reinvestment_rate": null,
            "research_to_sale_ratio": null,
            "price_fair": 0,
            "eps_avg_yearly": 0,
            "eps_latest_yearly": 0,
            "eps_growth_yearly": 0
        },
        "20063": {
            "year_quarter": 20063,
            "year": 2006,
            "quarter": 3,
            "eps": null,
            "eps_growth_year": null,
            "eps_4q": null,
            "eps_4q_growth_year": null,
            "roe": null,
            "roe_4q": 0,
            "gross_profit": null,
            "gross_margin": null,
            "gross_margin_4q_avg": 0,
            "net_income": null,
            "net_income_4q": null,
            "revenue": null,
            "revenue_4q": null,
            "common_shares": null,
            "book_valuer_per_share": null,
            "book_valuer_per_share_4q_avg": 0,
            "equity": null,
            "current_ratio": null,
            "debt_ratio": null,
            "inventory_turnover_ratio": null,
            "account_receivable_turnover_ratio": null,
            "reinvestment_rate": null,
            "research_to_sale_ratio": null,
            "price_fair": 0,
            "eps_avg_yearly": 0,
            "eps_latest_yearly": 0,
            "eps_growth_yearly": 0
        },
        "20064": {
            "year_quarter": 20064,
            "year": 2006,
            "quarter": 4,
            "eps": null,
            "eps_growth_year": null,
            "eps_4q": null,
            "eps_4q_growth_year": null,
            "roe": null,
            "roe_4q": 0,
            "gross_profit": null,
            "gross_margin": null,
            "gross_margin_4q_avg": 0,
            "net_income": null,
            "net_income_4q": null,
            "revenue": null,
            "revenue_4q": null,
            "common_shares": null,
            "book_valuer_per_share": null,
            "book_valuer_per_share_4q_avg": 0,
            "equity": null,
            "current_ratio": null,
            "debt_ratio": null,
            "inventory_turnover_ratio": null,
            "account_receivable_turnover_ratio": null,
            "reinvestment_rate": null,
            "research_to_sale_ratio": null,
            "price_fair": 0,
            "eps_avg_yearly": 0,
            "eps_latest_yearly": 0,
            "eps_growth_yearly": 0
        },
        "20071": {
            "year_quarter": 20071,
            "year": 2007,
            "quarter": 1,
            "eps": null,
            "eps_growth_year": null,
            "eps_4q": null,
            "eps_4q_growth_year": null,
            "roe": null,
            "roe_4q": 0,
            "gross_profit": null,
            "gross_margin": null,
            "gross_margin_4q_avg": 0,
            "net_income": null,
            "net_income_4q": null,
            "revenue": null,
            "revenue_4q": null,
            "common_shares": null,
            "book_valuer_per_share": null,
            "book_valuer_per_share_4q_avg": 0,
            "equity": null,
            "current_ratio": null,
            "debt_ratio": null,
            "inventory_turnover_ratio": null,
            "account_receivable_turnover_ratio": null,
            "reinvestment_rate": null,
            "research_to_sale_ratio": null,
            "price_fair": 0,
            "eps_avg_yearly": 0,
            "eps_latest_yearly": 0,
            "eps_growth_yearly": 0
        },
        "20072": {
            "year_quarter": 20072,
            "year": 2007,
            "quarter": 2,
            "eps": null,
            "eps_growth_year": null,
            "eps_4q": null,
            "eps_4q_growth_year": null,
            "roe": null,
            "roe_4q": 0,
            "gross_profit": null,
            "gross_margin": null,
            "gross_margin_4q_avg": 0,
            "net_income": null,
            "net_income_4q": null,
            "revenue": null,
            "revenue_4q": null,
            "common_shares": null,
            "book_valuer_per_share": null,
            "book_valuer_per_share_4q_avg": 0,
            "equity": null,
            "current_ratio": null,
            "debt_ratio": null,
            "inventory_turnover_ratio": null,
            "account_receivable_turnover_ratio": null,
            "reinvestment_rate": null,
            "research_to_sale_ratio": null,
            "price_fair": 0,
            "eps_avg_yearly": 0,
            "eps_latest_yearly": 0,
            "eps_growth_yearly": 0
        },
        "20073": {
            "year_quarter": 20073,
            "year": 2007,
            "quarter": 3,
            "eps": null,
            "eps_growth_year": null,
            "eps_4q": null,
            "eps_4q_growth_year": null,
            "roe": null,
            "roe_4q": 0,
            "gross_profit": null,
            "gross_margin": null,
            "gross_margin_4q_avg": 0,
            "net_income": null,
            "net_income_4q": null,
            "revenue": null,
            "revenue_4q": null,
            "common_shares": null,
            "book_valuer_per_share": null,
            "book_valuer_per_share_4q_avg": 0,
            "equity": null,
            "current_ratio": null,
            "debt_ratio": null,
            "inventory_turnover_ratio": null,
            "account_receivable_turnover_ratio": null,
            "reinvestment_rate": null,
            "research_to_sale_ratio": null,
            "price_fair": 0,
            "eps_avg_yearly": 0,
            "eps_latest_yearly": 0,
            "eps_growth_yearly": 0
        },
        "20074": {
            "year_quarter": 20074,
            "year": 2007,
            "quarter": 4,
            "eps": null,
            "eps_growth_year": null,
            "eps_4q": null,
            "eps_4q_growth_year": null,
            "roe": null,
            "roe_4q": 0,
            "gross_profit": null,
            "gross_margin": null,
            "gross_margin_4q_avg": 0,
            "net_income": null,
            "net_income_4q": null,
            "revenue": null,
            "revenue_4q": null,
            "common_shares": null,
            "book_valuer_per_share": null,
            "book_valuer_per_share_4q_avg": 0,
            "equity": null,
            "current_ratio": null,
            "debt_ratio": null,
            "inventory_turnover_ratio": null,
            "account_receivable_turnover_ratio": null,
            "reinvestment_rate": null,
            "research_to_sale_ratio": null,
            "price_fair": 0,
            "eps_avg_yearly": 0,
            "eps_latest_yearly": 0,
            "eps_growth_yearly": 0
        },
        "20081": {
            "year_quarter": 20081,
            "year": 2008,
            "quarter": 1,
            "eps": null,
            "eps_growth_year": null,
            "eps_4q": null,
            "eps_4q_growth_year": null,
            "roe": null,
            "roe_4q": 0,
            "gross_profit": null,
            "gross_margin": null,
            "gross_margin_4q_avg": 0,
            "net_income": null,
            "net_income_4q": null,
            "revenue": null,
            "revenue_4q": null,
            "common_shares": null,
            "book_valuer_per_share": null,
            "book_valuer_per_share_4q_avg": 0,
            "equity": null,
            "current_ratio": null,
            "debt_ratio": null,
            "inventory_turnover_ratio": null,
            "account_receivable_turnover_ratio": null,
            "reinvestment_rate": null,
            "research_to_sale_ratio": null,
            "price_fair": 0,
            "eps_avg_yearly": 0,
            "eps_latest_yearly": 0,
            "eps_growth_yearly": 0
        },
        "20082": {
            "year_quarter": 20082,
            "year": 2008,
            "quarter": 2,
            "eps": null,
            "eps_growth_year": null,
            "eps_4q": null,
            "eps_4q_growth_year": null,
            "roe": null,
            "roe_4q": 0,
            "gross_profit": null,
            "gross_margin": null,
            "gross_margin_4q_avg": 0,
            "net_income": null,
            "net_income_4q": null,
            "revenue": null,
            "revenue_4q": null,
            "common_shares": null,
            "book_valuer_per_share": null,
            "book_valuer_per_share_4q_avg": 0,
            "equity": null,
            "current_ratio": null,
            "debt_ratio": null,
            "inventory_turnover_ratio": null,
            "account_receivable_turnover_ratio": null,
            "reinvestment_rate": null,
            "research_to_sale_ratio": null,
            "price_fair": 0,
            "eps_avg_yearly": 0,
            "eps_latest_yearly": 0,
            "eps_growth_yearly": 0
        },
        "20083": {
            "year_quarter": 20083,
            "year": 2008,
            "quarter": 3,
            "eps": null,
            "eps_growth_year": null,
            "eps_4q": null,
            "eps_4q_growth_year": null,
            "roe": null,
            "roe_4q": 0,
            "gross_profit": null,
            "gross_margin": null,
            "gross_margin_4q_avg": 0,
            "net_income": null,
            "net_income_4q": null,
            "revenue": null,
            "revenue_4q": null,
            "common_shares": null,
            "book_valuer_per_share": null,
            "book_valuer_per_share_4q_avg": 0,
            "equity": null,
            "current_ratio": null,
            "debt_ratio": null,
            "inventory_turnover_ratio": null,
            "account_receivable_turnover_ratio": null,
            "reinvestment_rate": null,
            "research_to_sale_ratio": null,
            "price_fair": 0,
            "eps_avg_yearly": 0,
            "eps_latest_yearly": 0,
            "eps_growth_yearly": 0
        },
        "20084": {
            "year_quarter": 20084,
            "year": 2008,
            "quarter": 4,
            "eps": null,
            "eps_growth_year": null,
            "eps_4q": null,
            "eps_4q_growth_year": null,
            "roe": null,
            "roe_4q": 0,
            "gross_profit": null,
            "gross_margin": null,
            "gross_margin_4q_avg": 0,
            "net_income": null,
            "net_income_4q": null,
            "revenue": null,
            "revenue_4q": null,
            "common_shares": null,
            "book_valuer_per_share": null,
            "book_valuer_per_share_4q_avg": 0,
            "equity": null,
            "current_ratio": null,
            "debt_ratio": null,
            "inventory_turnover_ratio": null,
            "account_receivable_turnover_ratio": null,
            "reinvestment_rate": null,
            "research_to_sale_ratio": null,
            "price_fair": 0,
            "eps_avg_yearly": 0,
            "eps_latest_yearly": 0,
            "eps_growth_yearly": 0
        },
        "20091": {
            "year_quarter": 20091,
            "year": 2009,
            "quarter": 1,
            "eps": null,
            "eps_growth_year": null,
            "eps_4q": null,
            "eps_4q_growth_year": null,
            "roe": null,
            "roe_4q": 0,
            "gross_profit": null,
            "gross_margin": null,
            "gross_margin_4q_avg": 0,
            "net_income": null,
            "net_income_4q": null,
            "revenue": null,
            "revenue_4q": null,
            "common_shares": null,
            "book_valuer_per_share": null,
            "book_valuer_per_share_4q_avg": 0,
            "equity": null,
            "current_ratio": null,
            "debt_ratio": null,
            "inventory_turnover_ratio": null,
            "account_receivable_turnover_ratio": null,
            "reinvestment_rate": null,
            "research_to_sale_ratio": null,
            "price_fair": 0,
            "eps_avg_yearly": 0,
            "eps_latest_yearly": 0,
            "eps_growth_yearly": 0
        },
        "20092": {
            "year_quarter": 20092,
            "year": 2009,
            "quarter": 2,
            "eps": null,
            "eps_growth_year": null,
            "eps_4q": null,
            "eps_4q_growth_year": null,
            "roe": null,
            "roe_4q": 0,
            "gross_profit": null,
            "gross_margin": null,
            "gross_margin_4q_avg": 0,
            "net_income": null,
            "net_income_4q": null,
            "revenue": null,
            "revenue_4q": null,
            "common_shares": null,
            "book_valuer_per_share": null,
            "book_valuer_per_share_4q_avg": 0,
            "equity": null,
            "current_ratio": null,
            "debt_ratio": null,
            "inventory_turnover_ratio": null,
            "account_receivable_turnover_ratio": null,
            "reinvestment_rate": null,
            "research_to_sale_ratio": null,
            "price_fair": 0,
            "eps_avg_yearly": 0,
            "eps_latest_yearly": 0,
            "eps_growth_yearly": 0
        },
        "20093": {
            "year_quarter": 20093,
            "year": 2009,
            "quarter": 3,
            "eps": null,
            "eps_growth_year": null,
            "eps_4q": null,
            "eps_4q_growth_year": null,
            "roe": null,
            "roe_4q": 0,
            "gross_profit": null,
            "gross_margin": null,
            "gross_margin_4q_avg": 0,
            "net_income": null,
            "net_income_4q": null,
            "revenue": null,
            "revenue_4q": null,
            "common_shares": null,
            "book_valuer_per_share": null,
            "book_valuer_per_share_4q_avg": 0,
            "equity": null,
            "current_ratio": null,
            "debt_ratio": null,
            "inventory_turnover_ratio": null,
            "account_receivable_turnover_ratio": null,
            "reinvestment_rate": null,
            "research_to_sale_ratio": null,
            "price_fair": 0,
            "eps_avg_yearly": 0,
            "eps_latest_yearly": 0,
            "eps_growth_yearly": 0
        },
        "20094": {
            "year_quarter": 20094,
            "year": 2009,
            "quarter": 4,
            "eps": null,
            "eps_growth_year": null,
            "eps_4q": null,
            "eps_4q_growth_year": null,
            "roe": null,
            "roe_4q": 0,
            "gross_profit": null,
            "gross_margin": null,
            "gross_margin_4q_avg": 0,
            "net_income": null,
            "net_income_4q": null,
            "revenue": null,
            "revenue_4q": null,
            "common_shares": null,
            "book_valuer_per_share": null,
            "book_valuer_per_share_4q_avg": 0,
            "equity": null,
            "current_ratio": null,
            "debt_ratio": null,
            "inventory_turnover_ratio": null,
            "account_receivable_turnover_ratio": null,
            "reinvestment_rate": null,
            "research_to_sale_ratio": null,
            "price_fair": 0,
            "eps_avg_yearly": 0,
            "eps_latest_yearly": 0,
            "eps_growth_yearly": 0
        },
        "20101": {
            "year_quarter": 20101,
            "year": 2010,
            "quarter": 1,
            "eps": null,
            "eps_growth_year": null,
            "eps_4q": null,
            "eps_4q_growth_year": null,
            "roe": null,
            "roe_4q": 0,
            "gross_profit": null,
            "gross_margin": null,
            "gross_margin_4q_avg": 0,
            "net_income": null,
            "net_income_4q": null,
            "revenue": null,
            "revenue_4q": null,
            "common_shares": null,
            "book_valuer_per_share": null,
            "book_valuer_per_share_4q_avg": 0,
            "equity": null,
            "current_ratio": null,
            "debt_ratio": null,
            "inventory_turnover_ratio": null,
            "account_receivable_turnover_ratio": null,
            "reinvestment_rate": null,
            "research_to_sale_ratio": null,
            "price_fair": 0,
            "eps_avg_yearly": 0,
            "eps_latest_yearly": 0,
            "eps_growth_yearly": 0
        },
        "20102": {
            "year_quarter": 20102,
            "year": 2010,
            "quarter": 2,
            "eps": null,
            "eps_growth_year": null,
            "eps_4q": null,
            "eps_4q_growth_year": null,
            "roe": null,
            "roe_4q": 0,
            "gross_profit": null,
            "gross_margin": null,
            "gross_margin_4q_avg": 0,
            "net_income": null,
            "net_income_4q": null,
            "revenue": null,
            "revenue_4q": null,
            "common_shares": null,
            "book_valuer_per_share": null,
            "book_valuer_per_share_4q_avg": 0,
            "equity": null,
            "current_ratio": null,
            "debt_ratio": null,
            "inventory_turnover_ratio": null,
            "account_receivable_turnover_ratio": null,
            "reinvestment_rate": null,
            "research_to_sale_ratio": null,
            "price_fair": 0,
            "eps_avg_yearly": 0,
            "eps_latest_yearly": 0,
            "eps_growth_yearly": 0
        },
        "20103": {
            "year_quarter": 20103,
            "year": 2010,
            "quarter": 3,
            "eps": null,
            "eps_growth_year": null,
            "eps_4q": null,
            "eps_4q_growth_year": null,
            "roe": null,
            "roe_4q": 0,
            "gross_profit": null,
            "gross_margin": null,
            "gross_margin_4q_avg": 0,
            "net_income": null,
            "net_income_4q": null,
            "revenue": null,
            "revenue_4q": null,
            "common_shares": null,
            "book_valuer_per_share": null,
            "book_valuer_per_share_4q_avg": 0,
            "equity": null,
            "current_ratio": null,
            "debt_ratio": null,
            "inventory_turnover_ratio": null,
            "account_receivable_turnover_ratio": null,
            "reinvestment_rate": null,
            "research_to_sale_ratio": null,
            "price_fair": 0,
            "eps_avg_yearly": 0,
            "eps_latest_yearly": 0,
            "eps_growth_yearly": 0
        },
        "20104": {
            "year_quarter": 20104,
            "year": 2010,
            "quarter": 4,
            "eps": null,
            "eps_growth_year": null,
            "eps_4q": null,
            "eps_4q_growth_year": null,
            "roe": null,
            "roe_4q": 0,
            "gross_profit": null,
            "gross_margin": null,
            "gross_margin_4q_avg": 0,
            "net_income": null,
            "net_income_4q": null,
            "revenue": null,
            "revenue_4q": null,
            "common_shares": null,
            "book_valuer_per_share": null,
            "book_valuer_per_share_4q_avg": 0,
            "equity": null,
            "current_ratio": null,
            "debt_ratio": null,
            "inventory_turnover_ratio": null,
            "account_receivable_turnover_ratio": null,
            "reinvestment_rate": null,
            "research_to_sale_ratio": null,
            "price_fair": 0,
            "eps_avg_yearly": 0,
            "eps_latest_yearly": 0,
            "eps_growth_yearly": 0
        },
        "20111": {
            "year_quarter": 20111,
            "year": 2011,
            "quarter": 1,
            "eps": null,
            "eps_growth_year": null,
            "eps_4q": null,
            "eps_4q_growth_year": null,
            "roe": null,
            "roe_4q": 0,
            "gross_profit": null,
            "gross_margin": null,
            "gross_margin_4q_avg": 0,
            "net_income": null,
            "net_income_4q": null,
            "revenue": null,
            "revenue_4q": null,
            "common_shares": null,
            "book_valuer_per_share": null,
            "book_valuer_per_share_4q_avg": 0,
            "equity": null,
            "current_ratio": null,
            "debt_ratio": null,
            "inventory_turnover_ratio": null,
            "account_receivable_turnover_ratio": null,
            "reinvestment_rate": null,
            "research_to_sale_ratio": null,
            "price_fair": 0,
            "eps_avg_yearly": 0,
            "eps_latest_yearly": 0,
            "eps_growth_yearly": 0
        },
        "20112": {
            "year_quarter": 20112,
            "year": 2011,
            "quarter": 2,
            "eps": null,
            "eps_growth_year": null,
            "eps_4q": null,
            "eps_4q_growth_year": null,
            "roe": null,
            "roe_4q": 0,
            "gross_profit": null,
            "gross_margin": null,
            "gross_margin_4q_avg": 0,
            "net_income": null,
            "net_income_4q": null,
            "revenue": null,
            "revenue_4q": null,
            "common_shares": null,
            "book_valuer_per_share": null,
            "book_valuer_per_share_4q_avg": 0,
            "equity": null,
            "current_ratio": null,
            "debt_ratio": null,
            "inventory_turnover_ratio": null,
            "account_receivable_turnover_ratio": null,
            "reinvestment_rate": null,
            "research_to_sale_ratio": null,
            "price_fair": 0,
            "eps_avg_yearly": 0,
            "eps_latest_yearly": 0,
            "eps_growth_yearly": 0
        },
        "20113": {
            "year_quarter": 20113,
            "year": 2011,
            "quarter": 3,
            "eps": null,
            "eps_growth_year": null,
            "eps_4q": null,
            "eps_4q_growth_year": null,
            "roe": null,
            "roe_4q": 0,
            "gross_profit": null,
            "gross_margin": null,
            "gross_margin_4q_avg": 0,
            "net_income": null,
            "net_income_4q": null,
            "revenue": null,
            "revenue_4q": null,
            "common_shares": null,
            "book_valuer_per_share": null,
            "book_valuer_per_share_4q_avg": 0,
            "equity": null,
            "current_ratio": null,
            "debt_ratio": null,
            "inventory_turnover_ratio": null,
            "account_receivable_turnover_ratio": null,
            "reinvestment_rate": null,
            "research_to_sale_ratio": null,
            "price_fair": 0,
            "eps_avg_yearly": 0,
            "eps_latest_yearly": 0,
            "eps_growth_yearly": 0
        },
        "20114": {
            "year_quarter": 20114,
            "year": 2011,
            "quarter": 4,
            "eps": null,
            "eps_growth_year": null,
            "eps_4q": null,
            "eps_4q_growth_year": null,
            "roe": null,
            "roe_4q": 0,
            "gross_profit": null,
            "gross_margin": null,
            "gross_margin_4q_avg": 0,
            "net_income": null,
            "net_income_4q": null,
            "revenue": null,
            "revenue_4q": null,
            "common_shares": null,
            "book_valuer_per_share": null,
            "book_valuer_per_share_4q_avg": 0,
            "equity": null,
            "current_ratio": null,
            "debt_ratio": null,
            "inventory_turnover_ratio": null,
            "account_receivable_turnover_ratio": null,
            "reinvestment_rate": null,
            "research_to_sale_ratio": null,
            "price_fair": 0,
            "eps_avg_yearly": 0,
            "eps_latest_yearly": 0,
            "eps_growth_yearly": 0
        },
        "20121": {
            "year_quarter": 20121,
            "year": 2012,
            "quarter": 1,
            "eps": null,
            "eps_growth_year": null,
            "eps_4q": null,
            "eps_4q_growth_year": null,
            "roe": null,
            "roe_4q": 0,
            "gross_profit": null,
            "gross_margin": null,
            "gross_margin_4q_avg": 0,
            "net_income": null,
            "net_income_4q": null,
            "revenue": null,
            "revenue_4q": null,
            "common_shares": null,
            "book_valuer_per_share": null,
            "book_valuer_per_share_4q_avg": 0,
            "equity": null,
            "current_ratio": null,
            "debt_ratio": null,
            "inventory_turnover_ratio": null,
            "account_receivable_turnover_ratio": null,
            "reinvestment_rate": null,
            "research_to_sale_ratio": null,
            "price_fair": 0,
            "eps_avg_yearly": 0,
            "eps_latest_yearly": 0,
            "eps_growth_yearly": 0
        },
        "20122": {
            "year_quarter": 20122,
            "year": 2012,
            "quarter": 2,
            "eps": null,
            "eps_growth_year": null,
            "eps_4q": null,
            "eps_4q_growth_year": null,
            "roe": null,
            "roe_4q": 0,
            "gross_profit": null,
            "gross_margin": null,
            "gross_margin_4q_avg": 0,
            "net_income": null,
            "net_income_4q": null,
            "revenue": null,
            "revenue_4q": null,
            "common_shares": null,
            "book_valuer_per_share": null,
            "book_valuer_per_share_4q_avg": 0,
            "equity": null,
            "current_ratio": null,
            "debt_ratio": null,
            "inventory_turnover_ratio": null,
            "account_receivable_turnover_ratio": null,
            "reinvestment_rate": null,
            "research_to_sale_ratio": null,
            "price_fair": 0,
            "eps_avg_yearly": 0,
            "eps_latest_yearly": 0,
            "eps_growth_yearly": 0
        },
        "20123": {
            "year_quarter": 20123,
            "year": 2012,
            "quarter": 3,
            "eps": null,
            "eps_growth_year": null,
            "eps_4q": null,
            "eps_4q_growth_year": null,
            "roe": null,
            "roe_4q": 0,
            "gross_profit": null,
            "gross_margin": null,
            "gross_margin_4q_avg": 0,
            "net_income": null,
            "net_income_4q": null,
            "revenue": null,
            "revenue_4q": null,
            "common_shares": null,
            "book_valuer_per_share": null,
            "book_valuer_per_share_4q_avg": 0,
            "equity": null,
            "current_ratio": null,
            "debt_ratio": null,
            "inventory_turnover_ratio": null,
            "account_receivable_turnover_ratio": null,
            "reinvestment_rate": null,
            "research_to_sale_ratio": null,
            "price_fair": 0,
            "eps_avg_yearly": 0,
            "eps_latest_yearly": 0,
            "eps_growth_yearly": 0
        },
        "20124": {
            "year_quarter": 20124,
            "year": 2012,
            "quarter": 4,
            "eps": null,
            "eps_growth_year": null,
            "eps_4q": null,
            "eps_4q_growth_year": null,
            "roe": null,
            "roe_4q": 0,
            "gross_profit": null,
            "gross_margin": null,
            "gross_margin_4q_avg": 0,
            "net_income": null,
            "net_income_4q": null,
            "revenue": null,
            "revenue_4q": null,
            "common_shares": null,
            "book_valuer_per_share": null,
            "book_valuer_per_share_4q_avg": 0,
            "equity": null,
            "current_ratio": null,
            "debt_ratio": null,
            "inventory_turnover_ratio": null,
            "account_receivable_turnover_ratio": null,
            "reinvestment_rate": null,
            "research_to_sale_ratio": null,
            "price_fair": 0,
            "eps_avg_yearly": 0,
            "eps_latest_yearly": 0,
            "eps_growth_yearly": 0
        },
        "20131": {
            "year_quarter": 20131,
            "year": 2013,
            "quarter": 1,
            "eps": null,
            "eps_growth_year": null,
            "eps_4q": null,
            "eps_4q_growth_year": null,
            "roe": null,
            "roe_4q": 0,
            "gross_profit": null,
            "gross_margin": null,
            "gross_margin_4q_avg": 0,
            "net_income": null,
            "net_income_4q": null,
            "revenue": null,
            "revenue_4q": null,
            "common_shares": null,
            "book_valuer_per_share": null,
            "book_valuer_per_share_4q_avg": 0,
            "equity": null,
            "current_ratio": null,
            "debt_ratio": null,
            "inventory_turnover_ratio": null,
            "account_receivable_turnover_ratio": null,
            "reinvestment_rate": null,
            "research_to_sale_ratio": null,
            "price_fair": 0,
            "eps_avg_yearly": 0,
            "eps_latest_yearly": 0,
            "eps_growth_yearly": 0
        },
        "20132": {
            "year_quarter": 20132,
            "year": 2013,
            "quarter": 2,
            "eps": null,
            "eps_growth_year": null,
            "eps_4q": null,
            "eps_4q_growth_year": null,
            "roe": null,
            "roe_4q": 0,
            "gross_profit": null,
            "gross_margin": null,
            "gross_margin_4q_avg": 0,
            "net_income": null,
            "net_income_4q": null,
            "revenue": null,
            "revenue_4q": null,
            "common_shares": null,
            "book_valuer_per_share": null,
            "book_valuer_per_share_4q_avg": 0,
            "equity": null,
            "current_ratio": null,
            "debt_ratio": null,
            "inventory_turnover_ratio": null,
            "account_receivable_turnover_ratio": null,
            "reinvestment_rate": null,
            "research_to_sale_ratio": null,
            "price_fair": 0,
            "eps_avg_yearly": 0,
            "eps_latest_yearly": 0,
            "eps_growth_yearly": 0
        },
        "20133": {
            "year_quarter": 20133,
            "year": 2013,
            "quarter": 3,
            "eps": null,
            "eps_growth_year": null,
            "eps_4q": null,
            "eps_4q_growth_year": null,
            "roe": null,
            "roe_4q": 0,
            "gross_profit": null,
            "gross_margin": null,
            "gross_margin_4q_avg": 0,
            "net_income": null,
            "net_income_4q": null,
            "revenue": null,
            "revenue_4q": null,
            "common_shares": null,
            "book_valuer_per_share": null,
            "book_valuer_per_share_4q_avg": 0,
            "equity": null,
            "current_ratio": null,
            "debt_ratio": null,
            "inventory_turnover_ratio": null,
            "account_receivable_turnover_ratio": null,
            "reinvestment_rate": null,
            "research_to_sale_ratio": null,
            "price_fair": 0,
            "eps_avg_yearly": 0,
            "eps_latest_yearly": 0,
            "eps_growth_yearly": 0
        },
        "20134": {
            "year_quarter": 20134,
            "year": 2013,
            "quarter": 4,
            "eps": null,
            "eps_growth_year": null,
            "eps_4q": null,
            "eps_4q_growth_year": null,
            "roe": null,
            "roe_4q": 0,
            "gross_profit": null,
            "gross_margin": null,
            "gross_margin_4q_avg": 0,
            "net_income": null,
            "net_income_4q": null,
            "revenue": null,
            "revenue_4q": null,
            "common_shares": null,
            "book_valuer_per_share": null,
            "book_valuer_per_share_4q_avg": 0,
            "equity": null,
            "current_ratio": null,
            "debt_ratio": null,
            "inventory_turnover_ratio": null,
            "account_receivable_turnover_ratio": null,
            "reinvestment_rate": null,
            "research_to_sale_ratio": null,
            "price_fair": 0,
            "eps_avg_yearly": 0,
            "eps_latest_yearly": 0,
            "eps_growth_yearly": 0
        },
        "20141": {
            "year_quarter": 20141,
            "year": 2014,
            "quarter": 1,
            "eps": null,
            "eps_growth_year": null,
            "eps_4q": null,
            "eps_4q_growth_year": null,
            "roe": null,
            "roe_4q": 0,
            "gross_profit": null,
            "gross_margin": null,
            "gross_margin_4q_avg": 0,
            "net_income": null,
            "net_income_4q": null,
            "revenue": null,
            "revenue_4q": null,
            "common_shares": null,
            "book_valuer_per_share": null,
            "book_valuer_per_share_4q_avg": 0,
            "equity": null,
            "current_ratio": null,
            "debt_ratio": null,
            "inventory_turnover_ratio": null,
            "account_receivable_turnover_ratio": null,
            "reinvestment_rate": null,
            "research_to_sale_ratio": null,
            "price_fair": 0,
            "eps_avg_yearly": 0,
            "eps_latest_yearly": 0,
            "eps_growth_yearly": 0
        },
        "20142": {
            "year_quarter": 20142,
            "year": 2014,
            "quarter": 2,
            "eps": null,
            "eps_growth_year": null,
            "eps_4q": null,
            "eps_4q_growth_year": null,
            "roe": null,
            "roe_4q": 0,
            "gross_profit": null,
            "gross_margin": null,
            "gross_margin_4q_avg": 0,
            "net_income": null,
            "net_income_4q": null,
            "revenue": null,
            "revenue_4q": null,
            "common_shares": 237848,
            "book_valuer_per_share": null,
            "book_valuer_per_share_4q_avg": 0,
            "equity": 131028,
            "current_ratio": null,
            "debt_ratio": null,
            "inventory_turnover_ratio": null,
            "account_receivable_turnover_ratio": null,
            "reinvestment_rate": null,
            "research_to_sale_ratio": null,
            "price_fair": 0,
            "eps_avg_yearly": 0,
            "eps_latest_yearly": 0,
            "eps_growth_yearly": 0
        },
        "20143": {
            "year_quarter": 20143,
            "year": 2014,
            "quarter": 3,
            "eps": null,
            "eps_growth_year": null,
            "eps_4q": null,
            "eps_4q_growth_year": null,
            "roe": null,
            "roe_4q": 0,
            "gross_profit": null,
            "gross_margin": null,
            "gross_margin_4q_avg": 0,
            "net_income": null,
            "net_income_4q": null,
            "revenue": null,
            "revenue_4q": null,
            "common_shares": null,
            "book_valuer_per_share": null,
            "book_valuer_per_share_4q_avg": 0,
            "equity": null,
            "current_ratio": null,
            "debt_ratio": null,
            "inventory_turnover_ratio": null,
            "account_receivable_turnover_ratio": null,
            "reinvestment_rate": null,
            "research_to_sale_ratio": null,
            "price_fair": 0,
            "eps_avg_yearly": 0,
            "eps_latest_yearly": 0,
            "eps_growth_yearly": 0
        },
        "20144": {
            "year_quarter": 20144,
            "year": 2014,
            "quarter": 4,
            "eps": null,
            "eps_growth_year": null,
            "eps_4q": null,
            "eps_4q_growth_year": null,
            "roe": null,
            "roe_4q": 0,
            "gross_profit": null,
            "gross_margin": null,
            "gross_margin_4q_avg": 0,
            "net_income": null,
            "net_income_4q": null,
            "revenue": null,
            "revenue_4q": null,
            "common_shares": 350300,
            "book_valuer_per_share": null,
            "book_valuer_per_share_4q_avg": 0,
            "equity": 811804,
            "current_ratio": null,
            "debt_ratio": null,
            "inventory_turnover_ratio": null,
            "account_receivable_turnover_ratio": null,
            "reinvestment_rate": null,
            "research_to_sale_ratio": null,
            "price_fair": 0,
            "eps_avg_yearly": 0,
            "eps_latest_yearly": 0,
            "eps_growth_yearly": 0
        },
        "20151": {
            "year_quarter": 20151,
            "year": 2015,
            "quarter": 1,
            "eps": null,
            "eps_growth_year": null,
            "eps_4q": null,
            "eps_4q_growth_year": null,
            "roe": null,
            "roe_4q": 0,
            "gross_profit": 59813,
            "gross_margin": null,
            "gross_margin_4q_avg": 0,
            "net_income": 7264,
            "net_income_4q": null,
            "revenue": 59955,
            "revenue_4q": null,
            "common_shares": 356633,
            "book_valuer_per_share": null,
            "book_valuer_per_share_4q_avg": 0,
            "equity": 829698,
            "current_ratio": null,
            "debt_ratio": null,
            "inventory_turnover_ratio": null,
            "account_receivable_turnover_ratio": null,
            "reinvestment_rate": null,
            "research_to_sale_ratio": null,
            "price_fair": 0,
            "eps_avg_yearly": 0,
            "eps_latest_yearly": 0,
            "eps_growth_yearly": 0
        },
        "20152": {
            "year_quarter": 20152,
            "year": 2015,
            "quarter": 2,
            "eps": null,
            "eps_growth_year": null,
            "eps_4q": null,
            "eps_4q_growth_year": null,
            "roe": null,
            "roe_4q": 0,
            "gross_profit": 55502,
            "gross_margin": null,
            "gross_margin_4q_avg": 0,
            "net_income": 1308,
            "net_income_4q": null,
            "revenue": 55497,
            "revenue_4q": null,
            "common_shares": 356633,
            "book_valuer_per_share": 23.29,
            "book_valuer_per_share_4q_avg": 5.82,
            "equity": 830726,
            "current_ratio": 3823.4,
            "debt_ratio": 2.6,
            "inventory_turnover_ratio": null,
            "account_receivable_turnover_ratio": null,
            "reinvestment_rate": null,
            "research_to_sale_ratio": null,
            "price_fair": 0,
            "eps_avg_yearly": 0,
            "eps_latest_yearly": 0,
            "eps_growth_yearly": 0
        },
        "20153": {
            "year_quarter": 20153,
            "year": 2015,
            "quarter": 3,
            "eps": null,
            "eps_growth_year": null,
            "eps_4q": null,
            "eps_4q_growth_year": null,
            "roe": null,
            "roe_4q": 0,
            "gross_profit": 44583,
            "gross_margin": null,
            "gross_margin_4q_avg": 0,
            "net_income": -6224,
            "net_income_4q": null,
            "revenue": 44712,
            "revenue_4q": null,
            "common_shares": 356633,
            "book_valuer_per_share": null,
            "book_valuer_per_share_4q_avg": 5.82,
            "equity": 831597,
            "current_ratio": null,
            "debt_ratio": null,
            "inventory_turnover_ratio": null,
            "account_receivable_turnover_ratio": null,
            "reinvestment_rate": null,
            "research_to_sale_ratio": null,
            "price_fair": 0,
            "eps_avg_yearly": 0,
            "eps_latest_yearly": 0,
            "eps_growth_yearly": 0
        },
        "20154": {
            "year_quarter": 20154,
            "year": 2015,
            "quarter": 4,
            "eps": null,
            "eps_growth_year": null,
            "eps_4q": null,
            "eps_4q_growth_year": null,
            "roe": null,
            "roe_4q": 0,
            "gross_profit": 58346,
            "gross_margin": null,
            "gross_margin_4q_avg": 0,
            "net_income": 1529,
            "net_income_4q": null,
            "revenue": 58759,
            "revenue_4q": null,
            "common_shares": 359619,
            "book_valuer_per_share": 23.16,
            "book_valuer_per_share_4q_avg": 11.61,
            "equity": 832916,
            "current_ratio": 3085.37,
            "debt_ratio": 3.23,
            "inventory_turnover_ratio": null,
            "account_receivable_turnover_ratio": null,
            "reinvestment_rate": null,
            "research_to_sale_ratio": null,
            "price_fair": 0,
            "eps_avg_yearly": 0,
            "eps_latest_yearly": 0,
            "eps_growth_yearly": 0
        },
        "20161": {
            "year_quarter": 20161,
            "year": 2016,
            "quarter": 1,
            "eps": -0.61,
            "eps_growth_year": null,
            "eps_4q": -0.61,
            "eps_4q_growth_year": null,
            "roe": -2.68,
            "roe_4q": -2.68,
            "gross_profit": 33319,
            "gross_margin": 99.2,
            "gross_margin_4q_avg": 24.8,
            "net_income": -22053,
            "net_income_4q": null,
            "revenue": 33589,
            "revenue_4q": null,
            "common_shares": 360305,
            "book_valuer_per_share": 22.54,
            "book_valuer_per_share_4q_avg": 17.25,
            "equity": 812147,
            "current_ratio": 4014.58,
            "debt_ratio": 2.48,
            "inventory_turnover_ratio": 0.26,
            "account_receivable_turnover_ratio": 0.8,
            "reinvestment_rate": null,
            "research_to_sale_ratio": 89.17,
            "price_fair": 0,
            "eps_avg_yearly": 0,
            "eps_latest_yearly": 0,
            "eps_growth_yearly": 0
        },
        "20162": {
            "year_quarter": 20162,
            "year": 2016,
            "quarter": 2,
            "eps": -0.63,
            "eps_growth_year": null,
            "eps_4q": -1.21,
            "eps_4q_growth_year": null,
            "roe": -2.84,
            "roe_4q": -5.52,
            "gross_profit": 32361,
            "gross_margin": 99.25,
            "gross_margin_4q_avg": 49.61,
            "net_income": -22703,
            "net_income_4q": null,
            "revenue": 32604,
            "revenue_4q": null,
            "common_shares": 360305,
            "book_valuer_per_share": 21.91,
            "book_valuer_per_share_4q_avg": 16.9,
            "equity": 789253,
            "current_ratio": 3430.67,
            "debt_ratio": 2.91,
            "inventory_turnover_ratio": 0.21,
            "account_receivable_turnover_ratio": 0.95,
            "reinvestment_rate": null,
            "research_to_sale_ratio": 91.02,
            "price_fair": 0,
            "eps_avg_yearly": 0,
            "eps_latest_yearly": 0,
            "eps_growth_yearly": 0
        },
        "20163": {
            "year_quarter": 20163,
            "year": 2016,
            "quarter": 3,
            "eps": -0.17,
            "eps_growth_year": null,
            "eps_4q": -1.37,
            "eps_4q_growth_year": null,
            "roe": -0.79,
            "roe_4q": -6.3100000000000005,
            "gross_profit": 57257,
            "gross_margin": 99.58,
            "gross_margin_4q_avg": 74.51,
            "net_income": -6199,
            "net_income_4q": null,
            "revenue": 57500,
            "revenue_4q": null,
            "common_shares": 371114,
            "book_valuer_per_share": 21.08,
            "book_valuer_per_share_4q_avg": 22.17,
            "equity": 782374,
            "current_ratio": 3383.63,
            "debt_ratio": 2.95,
            "inventory_turnover_ratio": 0.21,
            "account_receivable_turnover_ratio": 1.39,
            "reinvestment_rate": null,
            "research_to_sale_ratio": 55.07,
            "price_fair": 0,
            "eps_avg_yearly": 0,
            "eps_latest_yearly": 0,
            "eps_growth_yearly": 0
        },
        "20164": {
            "year_quarter": 20164,
            "year": 2016,
            "quarter": 4,
            "eps": 0.51,
            "eps_growth_year": null,
            "eps_4q": -0.86,
            "eps_4q_growth_year": null,
            "roe": 2.41,
            "roe_4q": -3.9,
            "gross_profit": 84662,
            "gross_margin": 99.67,
            "gross_margin_4q_avg": 99.43,
            "net_income": 19094,
            "net_income_4q": null,
            "revenue": 84942,
            "revenue_4q": null,
            "common_shares": 371399,
            "book_valuer_per_share": 21.61,
            "book_valuer_per_share_4q_avg": 21.79,
            "equity": 802448,
            "current_ratio": 2540.69,
            "debt_ratio": 3.92,
            "inventory_turnover_ratio": 0.22,
            "account_receivable_turnover_ratio": 1.47,
            "reinvestment_rate": null,
            "research_to_sale_ratio": 38.67,
            "price_fair": 0,
            "eps_avg_yearly": 0,
            "eps_latest_yearly": 0,
            "eps_growth_yearly": 0
        },
        "20171": {
            "year_quarter": 20171,
            "year": 2017,
            "quarter": 1,
            "eps": 0.01,
            "eps_growth_year": null,
            "eps_4q": -0.23,
            "eps_4q_growth_year": null,
            "roe": 0.03,
            "roe_4q": -1.19,
            "gross_profit": 81386,
            "gross_margin": 99.79,
            "gross_margin_4q_avg": 99.57,
            "net_income": 317,
            "net_income_4q": null,
            "revenue": 81560,
            "revenue_4q": null,
            "common_shares": 406119,
            "book_valuer_per_share": 27.9,
            "book_valuer_per_share_4q_avg": 23.13,
            "equity": 1133066,
            "current_ratio": 3592.74,
            "debt_ratio": 2.78,
            "inventory_turnover_ratio": 0.13,
            "account_receivable_turnover_ratio": 1.09,
            "reinvestment_rate": null,
            "research_to_sale_ratio": 44.97,
            "price_fair": 0.12,
            "eps_avg_yearly": 0.04,
            "eps_latest_yearly": 0.04,
            "eps_growth_yearly": -392.16
        },
        "20172": {
            "year_quarter": 20172,
            "year": 2017,
            "quarter": 2,
            "eps": 0.08,
            "eps_growth_year": null,
            "eps_4q": 0.4,
            "eps_4q_growth_year": null,
            "roe": 0.27,
            "roe_4q": 1.92,
            "gross_profit": 83341,
            "gross_margin": 99.66,
            "gross_margin_4q_avg": 99.68,
            "net_income": 3100,
            "net_income_4q": null,
            "revenue": 83628,
            "revenue_4q": null,
            "common_shares": 406119,
            "book_valuer_per_share": 27.97,
            "book_valuer_per_share_4q_avg": 24.64,
            "equity": 1135849,
            "current_ratio": 2967.51,
            "debt_ratio": 3.36,
            "inventory_turnover_ratio": 0.21,
            "account_receivable_turnover_ratio": 1.13,
            "reinvestment_rate": null,
            "research_to_sale_ratio": 46.27,
            "price_fair": 6.3,
            "eps_avg_yearly": 0.18,
            "eps_latest_yearly": 0.32,
            "eps_growth_yearly": 1203.92
        },
        "20173": {
            "year_quarter": 20173,
            "year": 2017,
            "quarter": 3,
            "eps": 0.44,
            "eps_growth_year": null,
            "eps_4q": 0.99,
            "eps_4q_growth_year": null,
            "roe": 1.55,
            "roe_4q": 4.26,
            "gross_profit": 66912,
            "gross_margin": 99.64,
            "gross_margin_4q_avg": 99.69,
            "net_income": 17729,
            "net_income_4q": null,
            "revenue": 67155,
            "revenue_4q": null,
            "common_shares": 406119,
            "book_valuer_per_share": 28.41,
            "book_valuer_per_share_4q_avg": 26.47,
            "equity": 1153582,
            "current_ratio": 3768.63,
            "debt_ratio": 2.59,
            "inventory_turnover_ratio": 0.19,
            "account_receivable_turnover_ratio": 0.9,
            "reinvestment_rate": null,
            "research_to_sale_ratio": 21.61,
            "price_fair": 24.73,
            "eps_avg_yearly": 0.71,
            "eps_latest_yearly": 1.76,
            "eps_growth_yearly": 1402.61
        },
        "20174": {
            "year_quarter": 20174,
            "year": 2017,
            "quarter": 4,
            "eps": 0.01,
            "eps_growth_year": -98.15,
            "eps_4q": 0.53,
            "eps_4q_growth_year": null,
            "roe": 0.03,
            "roe_4q": 1.8800000000000001,
            "gross_profit": 56798,
            "gross_margin": 99.59,
            "gross_margin_4q_avg": 99.67,
            "net_income": 387,
            "net_income_4q": null,
            "revenue": 57034,
            "revenue_4q": null,
            "common_shares": 406199,
            "book_valuer_per_share": 28.42,
            "book_valuer_per_share_4q_avg": 28.18,
            "equity": 1154334,
            "current_ratio": 3783.42,
            "debt_ratio": 2.54,
            "inventory_turnover_ratio": 0.22,
            "account_receivable_turnover_ratio": 0.88,
            "reinvestment_rate": null,
            "research_to_sale_ratio": 31.88,
            "price_fair": 18.9,
            "eps_avg_yearly": 0.54,
            "eps_latest_yearly": 0.04,
            "eps_growth_yearly": 954.23
        },
        "20181": {
            "year_quarter": 20181,
            "year": 2018,
            "quarter": 1,
            "eps": -0.53,
            "eps_growth_year": -5400,
            "eps_4q": -0,
            "eps_4q_growth_year": null,
            "roe": -1.88,
            "roe_4q": -0.029999999999999805,
            "gross_profit": 34548,
            "gross_margin": 99.62,
            "gross_margin_4q_avg": 99.63,
            "net_income": -21380,
            "net_income_4q": null,
            "revenue": 34681,
            "revenue_4q": null,
            "common_shares": 406199,
            "book_valuer_per_share": 27.7,
            "book_valuer_per_share_4q_avg": 28.13,
            "equity": 1125345,
            "current_ratio": 3953.18,
            "debt_ratio": 2.66,
            "inventory_turnover_ratio": 0.12,
            "account_receivable_turnover_ratio": 1.04,
            "reinvestment_rate": null,
            "research_to_sale_ratio": 69.01,
            "price_fair": 18.9,
            "eps_avg_yearly": 0.54,
            "eps_latest_yearly": 0.04,
            "eps_growth_yearly": 954.23
        },
        "20182": {
            "year_quarter": 20182,
            "year": 2018,
            "quarter": 2,
            "eps": 0.73,
            "eps_growth_year": 812.5,
            "eps_4q": 0.62,
            "eps_4q_growth_year": 53.63,
            "roe": 2.59,
            "roe_4q": 2.29,
            "gross_profit": 88001,
            "gross_margin": 99.9,
            "gross_margin_4q_avg": 99.69,
            "net_income": 29582,
            "net_income_4q": null,
            "revenue": 88087,
            "revenue_4q": null,
            "common_shares": 406199,
            "book_valuer_per_share": 28.45,
            "book_valuer_per_share_4q_avg": 28.25,
            "equity": 1155739,
            "current_ratio": 2675.86,
            "debt_ratio": 3.43,
            "inventory_turnover_ratio": 0.07,
            "account_receivable_turnover_ratio": 2.03,
            "reinvestment_rate": null,
            "research_to_sale_ratio": 28.69,
            "price_fair": 18.9,
            "eps_avg_yearly": 0.54,
            "eps_latest_yearly": 0.04,
            "eps_growth_yearly": 954.23
        },
        "20183": {
            "year_quarter": 20183,
            "year": 2018,
            "quarter": 3,
            "eps": -0.16,
            "eps_growth_year": -136.36,
            "eps_4q": 0.04,
            "eps_4q_growth_year": -95.54,
            "roe": -0.58,
            "roe_4q": 0.1599999999999999,
            "gross_profit": 56217,
            "gross_margin": 99.74,
            "gross_margin_4q_avg": 99.71,
            "net_income": -6705,
            "net_income_4q": null,
            "revenue": 56364,
            "revenue_4q": null,
            "common_shares": 426509,
            "book_valuer_per_share": 26.93,
            "book_valuer_per_share_4q_avg": 27.88,
            "equity": 1148801,
            "current_ratio": 2654.49,
            "debt_ratio": 3.36,
            "inventory_turnover_ratio": 0.1,
            "account_receivable_turnover_ratio": 1.19,
            "reinvestment_rate": null,
            "research_to_sale_ratio": 49.8,
            "price_fair": 18.9,
            "eps_avg_yearly": 0.54,
            "eps_latest_yearly": 0.04,
            "eps_growth_yearly": 954.23
        },
        "20184": {
            "year_quarter": 20184,
            "year": 2018,
            "quarter": 4,
            "eps": 0.94,
            "eps_growth_year": 9761.32,
            "eps_4q": 0.97,
            "eps_4q_growth_year": 83.85,
            "roe": 3.43,
            "roe_4q": 3.5599999999999996,
            "gross_profit": 125574,
            "gross_margin": 99.96,
            "gross_margin_4q_avg": 99.81,
            "net_income": 40070,
            "net_income_4q": null,
            "revenue": 125624,
            "revenue_4q": null,
            "common_shares": 426509,
            "book_valuer_per_share": 27.88,
            "book_valuer_per_share_4q_avg": 27.74,
            "equity": 1189002,
            "current_ratio": 2249.83,
            "debt_ratio": 3.89,
            "inventory_turnover_ratio": 0.04,
            "account_receivable_turnover_ratio": 2.95,
            "reinvestment_rate": 64.64,
            "research_to_sale_ratio": 31.78,
            "price_fair": 18.9,
            "eps_avg_yearly": 0.54,
            "eps_latest_yearly": 0.04,
            "eps_growth_yearly": 954.23
        },
        "20191": {
            "year_quarter": 20191,
            "year": 2019,
            "quarter": 1,
            "eps": -0.55,
            "eps_growth_year": null,
            "eps_4q": 0.92,
            "eps_4q_growth_year": null,
            "roe": -2,
            "roe_4q": 3.44,
            "gross_profit": 78098,
            "gross_margin": 99.63,
            "gross_margin_4q_avg": 99.81,
            "net_income": -23599,
            "net_income_4q": null,
            "revenue": 78386,
            "revenue_4q": null,
            "common_shares": 426509,
            "book_valuer_per_share": 27.33,
            "book_valuer_per_share_4q_avg": 27.65,
            "equity": 1165718,
            "current_ratio": 1642.92,
            "debt_ratio": 12.89,
            "inventory_turnover_ratio": 0.29,
            "account_receivable_turnover_ratio": 1.52,
            "reinvestment_rate": 513.64,
            "research_to_sale_ratio": 69.03,
            "price_fair": 18.9,
            "eps_avg_yearly": 0.54,
            "eps_latest_yearly": 0.04,
            "eps_growth_yearly": 954.23
        },
        "20192": {
            "year_quarter": 20192,
            "year": 2019,
            "quarter": 2,
            "eps": 0.59,
            "eps_growth_year": -19.18,
            "eps_4q": 0.82,
            "eps_4q_growth_year": 32.89,
            "roe": 2.17,
            "roe_4q": 3.02,
            "gross_profit": 155311,
            "gross_margin": 99.94,
            "gross_margin_4q_avg": 99.82,
            "net_income": 25209,
            "net_income_4q": null,
            "revenue": 155410,
            "revenue_4q": null,
            "common_shares": 426509,
            "book_valuer_per_share": 27.22,
            "book_valuer_per_share_4q_avg": 27.34,
            "equity": 1161136,
            "current_ratio": 896,
            "debt_ratio": 16.2,
            "inventory_turnover_ratio": 0.08,
            "account_receivable_turnover_ratio": 2.45,
            "reinvestment_rate": 90.51,
            "research_to_sale_ratio": 39.66,
            "price_fair": 18.9,
            "eps_avg_yearly": 0.54,
            "eps_latest_yearly": 0.04,
            "eps_growth_yearly": 954.23
        },
        "20193": {
            "year_quarter": 20193,
            "year": 2019,
            "quarter": 3,
            "eps": 0.1,
            "eps_growth_year": null,
            "eps_4q": 1.07,
            "eps_4q_growth_year": 2328.69,
            "roe": 0.35,
            "roe_4q": 3.95,
            "gross_profit": 127528,
            "gross_margin": 99.75,
            "gross_margin_4q_avg": 99.82,
            "net_income": 4077,
            "net_income_4q": null,
            "revenue": 127851,
            "revenue_4q": null,
            "common_shares": 426509,
            "book_valuer_per_share": 27.3,
            "book_valuer_per_share_4q_avg": 27.43,
            "equity": 1164503,
            "current_ratio": 1050.03,
            "debt_ratio": 15.42,
            "inventory_turnover_ratio": 0.18,
            "account_receivable_turnover_ratio": 1.63,
            "reinvestment_rate": 67.49,
            "research_to_sale_ratio": 42.4,
            "price_fair": 17.92,
            "eps_avg_yearly": 0.51,
            "eps_latest_yearly": 0.4,
            "eps_growth_yearly": 696.95
        },
        "20194": {
            "year_quarter": 20194,
            "year": 2019,
            "quarter": 4,
            "eps": 0.24,
            "eps_growth_year": -74.21,
            "eps_4q": 0.38,
            "eps_4q_growth_year": -61.45,
            "roe": 0.88,
            "roe_4q": 1.4,
            "gross_profit": 133094,
            "gross_margin": 99.92,
            "gross_margin_4q_avg": 99.81,
            "net_income": 10336,
            "net_income_4q": null,
            "revenue": 133204,
            "revenue_4q": null,
            "common_shares": 426509,
            "book_valuer_per_share": 27.53,
            "book_valuer_per_share_4q_avg": 27.35,
            "equity": 1174275,
            "current_ratio": 970.38,
            "debt_ratio": 15.51,
            "inventory_turnover_ratio": 0.06,
            "account_receivable_turnover_ratio": 1.38,
            "reinvestment_rate": 52.93,
            "research_to_sale_ratio": 43.38,
            "price_fair": 20.53,
            "eps_avg_yearly": 0.59,
            "eps_latest_yearly": 0.96,
            "eps_growth_yearly": 674.12
        },
        "20201": {
            "year_quarter": 20201,
            "year": 2020,
            "quarter": 1,
            "eps": -0.89,
            "eps_growth_year": null,
            "eps_4q": 0.04,
            "eps_4q_growth_year": -95.3,
            "roe": -3.29,
            "roe_4q": 0.10999999999999988,
            "gross_profit": 105737,
            "gross_margin": 99.88,
            "gross_margin_4q_avg": 99.87,
            "net_income": -37773,
            "net_income_4q": null,
            "revenue": 105862,
            "revenue_4q": null,
            "common_shares": 426509,
            "book_valuer_per_share": 26.3,
            "book_valuer_per_share_4q_avg": 27.09,
            "equity": 1121817,
            "current_ratio": 897.53,
            "debt_ratio": 15.8,
            "inventory_turnover_ratio": 0.07,
            "account_receivable_turnover_ratio": 1.32,
            "reinvestment_rate": 74.74,
            "research_to_sale_ratio": 57.43,
            "price_fair": 20.53,
            "eps_avg_yearly": 0.59,
            "eps_latest_yearly": 0.96,
            "eps_growth_yearly": 674.12
        },
        "20202": {
            "year_quarter": 20202,
            "year": 2020,
            "quarter": 2,
            "eps": -0.41,
            "eps_growth_year": -169.49,
            "eps_4q": -0.96,
            "eps_4q_growth_year": -217.39,
            "roe": -1.59,
            "roe_4q": -3.65,
            "gross_profit": 101654,
            "gross_margin": 99.86,
            "gross_margin_4q_avg": 99.85,
            "net_income": -17696,
            "net_income_4q": null,
            "revenue": 101797,
            "revenue_4q": null,
            "common_shares": 426509,
            "book_valuer_per_share": 25.88,
            "book_valuer_per_share_4q_avg": 26.75,
            "equity": 1103827,
            "current_ratio": 928.2,
            "debt_ratio": 15.18,
            "inventory_turnover_ratio": 0.08,
            "account_receivable_turnover_ratio": 1.83,
            "reinvestment_rate": 61.34,
            "research_to_sale_ratio": 57.2,
            "price_fair": 20.53,
            "eps_avg_yearly": 0.59,
            "eps_latest_yearly": 0.96,
            "eps_growth_yearly": 674.12
        },
        "20203": {
            "year_quarter": 20203,
            "year": 2020,
            "quarter": 3,
            "eps": -0.69,
            "eps_growth_year": -790,
            "eps_4q": -1.75,
            "eps_4q_growth_year": -262.9,
            "roe": -2.7,
            "roe_4q": -6.7,
            "gross_profit": 104177,
            "gross_margin": 99.44,
            "gross_margin_4q_avg": 99.78,
            "net_income": -29407,
            "net_income_4q": null,
            "revenue": 104768,
            "revenue_4q": null,
            "common_shares": 426509,
            "book_valuer_per_share": 25.21,
            "book_valuer_per_share_4q_avg": 26.23,
            "equity": 1075132,
            "current_ratio": 944.75,
            "debt_ratio": 14.76,
            "inventory_turnover_ratio": 0.3,
            "account_receivable_turnover_ratio": 1.82,
            "reinvestment_rate": 159.7,
            "research_to_sale_ratio": 58.8,
            "price_fair": 20.53,
            "eps_avg_yearly": 0.59,
            "eps_latest_yearly": 0.96,
            "eps_growth_yearly": 674.12
        },
        "20204": {
            "year_quarter": 20204,
            "year": 2020,
            "quarter": 4,
            "eps": 2.81,
            "eps_growth_year": 1061.16,
            "eps_4q": 0.82,
            "eps_4q_growth_year": 119.32,
            "roe": 10.57,
            "roe_4q": 2.99,
            "gross_profit": 268261,
            "gross_margin": 99.88,
            "gross_margin_4q_avg": 99.77,
            "net_income": 120018,
            "net_income_4q": null,
            "revenue": 268585,
            "revenue_4q": null,
            "common_shares": 426509,
            "book_valuer_per_share": 28.03,
            "book_valuer_per_share_4q_avg": 26.36,
            "equity": 1195389,
            "current_ratio": 848.3,
            "debt_ratio": 14.79,
            "inventory_turnover_ratio": 0.15,
            "account_receivable_turnover_ratio": 3.33,
            "reinvestment_rate": 18.79,
            "research_to_sale_ratio": 21.02,
            "price_fair": 20.53,
            "eps_avg_yearly": 0.59,
            "eps_latest_yearly": 0.96,
            "eps_growth_yearly": 674.12
        },
        "20211": {
            "year_quarter": 20211,
            "year": 2021,
            "quarter": 1,
            "eps": 0.65,
            "eps_growth_year": null,
            "eps_4q": 2.36,
            "eps_4q_growth_year": 5339.69,
            "roe": 2.32,
            "roe_4q": 8.600000000000001,
            "gross_profit": 150700,
            "gross_margin": 99.72,
            "gross_margin_4q_avg": 99.73,
            "net_income": 27665,
            "net_income_4q": null,
            "revenue": 151126,
            "revenue_4q": null,
            "common_shares": 426509,
            "book_valuer_per_share": 27.94,
            "book_valuer_per_share_4q_avg": 26.77,
            "equity": 1191582,
            "current_ratio": 733.82,
            "debt_ratio": 15.56,
            "inventory_turnover_ratio": 0.25,
            "account_receivable_turnover_ratio": 1.56,
            "reinvestment_rate": 14.75,
            "research_to_sale_ratio": 47.33,
            "price_fair": 35.47,
            "eps_avg_yearly": 1.01,
            "eps_latest_yearly": 2.6,
            "eps_growth_yearly": 688.24
        },
        "20212": {
            "year_quarter": 20212,
            "year": 2021,
            "quarter": 2,
            "eps": 1.41,
            "eps_growth_year": null,
            "eps_4q": 4.18,
            "eps_4q_growth_year": null,
            "roe": 4.92,
            "roe_4q": 15.110000000000003,
            "gross_profit": 207160,
            "gross_margin": 99.9,
            "gross_margin_4q_avg": 99.74,
            "net_income": 60111,
            "net_income_4q": null,
            "revenue": 207370,
            "revenue_4q": null,
            "common_shares": 426509,
            "book_valuer_per_share": 29.31,
            "book_valuer_per_share_4q_avg": 27.62,
            "equity": 1250044,
            "current_ratio": 731.84,
            "debt_ratio": 15.18,
            "inventory_turnover_ratio": 0.17,
            "account_receivable_turnover_ratio": 2.17,
            "reinvestment_rate": 9.66,
            "research_to_sale_ratio": 33.32,
            "price_fair": 66.5,
            "eps_avg_yearly": 1.9,
            "eps_latest_yearly": 5.64,
            "eps_growth_yearly": 299.52
        },
        "20213": {
            "year_quarter": 20213,
            "year": 2021,
            "quarter": 3,
            "eps": 0.99,
            "eps_growth_year": null,
            "eps_4q": 4.97,
            "eps_4q_growth_year": null,
            "roe": 1.46,
            "roe_4q": 19.27,
            "gross_profit": 192022,
            "gross_margin": 99.89,
            "gross_margin_4q_avg": 99.85,
            "net_income": 43887,
            "net_income_4q": null,
            "revenue": 192228,
            "revenue_4q": null,
            "common_shares": 506509,
            "book_valuer_per_share": 93.62,
            "book_valuer_per_share_4q_avg": 44.73,
            "equity": 4741744,
            "current_ratio": 3251.24,
            "debt_ratio": 4.47,
            "inventory_turnover_ratio": 0.17,
            "account_receivable_turnover_ratio": 2.19,
            "reinvestment_rate": 9.37,
            "research_to_sale_ratio": 48.27,
            "price_fair": 6.8,
            "eps_avg_yearly": 2.27,
            "eps_latest_yearly": 3.96,
            "eps_growth_yearly": -20.34
        },
        "20214": {
            "year_quarter": 20214,
            "year": 2021,
            "quarter": 4,
            "eps": 0.59,
            "eps_growth_year": -78.95,
            "eps_4q": 3.19,
            "eps_4q_growth_year": 287.37,
            "roe": 0.63,
            "roe_4q": 9.33,
            "gross_profit": 268425,
            "gross_margin": 99.77,
            "gross_margin_4q_avg": 99.82,
            "net_income": 30002,
            "net_income_4q": null,
            "revenue": 269054,
            "revenue_4q": null,
            "common_shares": 506509,
            "book_valuer_per_share": 94.2,
            "book_valuer_per_share_4q_avg": 61.27,
            "equity": 4771309,
            "current_ratio": 2566.59,
            "debt_ratio": 5.13,
            "inventory_turnover_ratio": 0.51,
            "account_receivable_turnover_ratio": 2.45,
            "reinvestment_rate": 8.38,
            "research_to_sale_ratio": 41.04,
            "price_fair": 73.96,
            "eps_avg_yearly": 2.65,
            "eps_latest_yearly": 2.36,
            "eps_growth_yearly": 17.88
        },
        "20221": {
            "year_quarter": 20221,
            "year": 2022,
            "quarter": 1,
            "eps": 2.46,
            "eps_growth_year": 278.46,
            "eps_4q": 5.1,
            "eps_4q_growth_year": 116.35,
            "roe": 2.61,
            "roe_4q": 9.62,
            "gross_profit": 210700,
            "gross_margin": 99.84,
            "gross_margin_4q_avg": 99.85,
            "net_income": 124425,
            "net_income_4q": null,
            "revenue": 211029,
            "revenue_4q": null,
            "common_shares": 506509,
            "book_valuer_per_share": 93.88,
            "book_valuer_per_share_4q_avg": 77.75,
            "equity": 4754862,
            "current_ratio": 1388.67,
            "debt_ratio": 7.98,
            "inventory_turnover_ratio": 0.28,
            "account_receivable_turnover_ratio": 2.09,
            "reinvestment_rate": 6.95,
            "research_to_sale_ratio": 55.5,
            "price_fair": 128.8,
            "eps_avg_yearly": 3.68,
            "eps_latest_yearly": 9.84,
            "eps_growth_yearly": 196.44
        },
        "20222": {
            "year_quarter": 20222,
            "year": 2022,
            "quarter": 2,
            "eps": 1.42,
            "eps_growth_year": 0.71,
            "eps_4q": 5.33,
            "eps_4q_growth_year": 27.55,
            "roe": 1.5,
            "roe_4q": 6.199999999999999,
            "gross_profit": 140042,
            "gross_margin": 99.93,
            "gross_margin_4q_avg": 99.86,
            "net_income": 71892,
            "net_income_4q": null,
            "revenue": 140138,
            "revenue_4q": null,
            "common_shares": 506509,
            "book_valuer_per_share": 95.31,
            "book_valuer_per_share_4q_avg": 94.25,
            "equity": 4827572,
            "current_ratio": 1397.13,
            "debt_ratio": 7.78,
            "inventory_turnover_ratio": 0.07,
            "account_receivable_turnover_ratio": 2.2,
            "reinvestment_rate": 6.91,
            "research_to_sale_ratio": 99.43,
            "price_fair": 137.55,
            "eps_avg_yearly": 3.93,
            "eps_latest_yearly": 5.68,
            "eps_growth_yearly": 150.74
        },
        "20223": {
            "year_quarter": 20223,
            "year": 2022,
            "quarter": 3,
            "eps": 5.77,
            "eps_growth_year": 482.83,
            "eps_4q": 10.24,
            "eps_4q_growth_year": 106.13,
            "roe": 5.88,
            "roe_4q": 10.620000000000001,
            "gross_profit": 270957,
            "gross_margin": 99.93,
            "gross_margin_4q_avg": 99.87,
            "net_income": 292462,
            "net_income_4q": null,
            "revenue": 271137,
            "revenue_4q": null,
            "common_shares": 506509,
            "book_valuer_per_share": 101.17,
            "book_valuer_per_share_4q_avg": 96.14,
            "equity": 5124410,
            "current_ratio": 1968.45,
            "debt_ratio": 6.22,
            "inventory_turnover_ratio": 0.14,
            "account_receivable_turnover_ratio": 2.61,
            "reinvestment_rate": 3.09,
            "research_to_sale_ratio": 44.77,
            "price_fair": 212.02,
            "eps_avg_yearly": 6.06,
            "eps_latest_yearly": 23.08,
            "eps_growth_yearly": 270.14
        },
        "20224": {
            "year_quarter": 20224,
            "year": 2022,
            "quarter": 4,
            "eps": -2.62,
            "eps_growth_year": -542.78,
            "eps_4q": 7.03,
            "eps_4q_growth_year": 120.17,
            "roe": -2.63,
            "roe_4q": 7.359999999999999,
            "gross_profit": 309391,
            "gross_margin": 99.96,
            "gross_margin_4q_avg": 99.92,
            "net_income": -132842,
            "net_income_4q": null,
            "revenue": 309517,
            "revenue_4q": null,
            "common_shares": 506509,
            "book_valuer_per_share": 98.5,
            "book_valuer_per_share_4q_avg": 97.22,
            "equity": 4989172,
            "current_ratio": 1377.56,
            "debt_ratio": 8.02,
            "inventory_turnover_ratio": 0.07,
            "account_receivable_turnover_ratio": 2.59,
            "reinvestment_rate": 9.1,
            "research_to_sale_ratio": 58.74,
            "price_fair": 212.02,
            "eps_avg_yearly": 6.06,
            "eps_latest_yearly": 23.08,
            "eps_growth_yearly": 270.14
        },
        "20231": {
            "year_quarter": 20231,
            "year": 2023,
            "quarter": 1,
            "eps": -1.08,
            "eps_growth_year": -143.9,
            "eps_4q": 3.49,
            "eps_4q_growth_year": -31.51,
            "roe": -1.11,
            "roe_4q": 3.6399999999999997,
            "gross_profit": 224939,
            "gross_margin": 99.93,
            "gross_margin_4q_avg": 99.94,
            "net_income": -54507,
            "net_income_4q": null,
            "revenue": 225096,
            "revenue_4q": null,
            "common_shares": 506509,
            "book_valuer_per_share": 95.93,
            "book_valuer_per_share_4q_avg": 97.73,
            "equity": 4858946,
            "current_ratio": 1265.23,
            "debt_ratio": 8.29,
            "inventory_turnover_ratio": 0.07,
            "account_receivable_turnover_ratio": 2.59,
            "reinvestment_rate": 8.81,
            "research_to_sale_ratio": 74.04,
            "price_fair": 212.02,
            "eps_avg_yearly": 6.06,
            "eps_latest_yearly": 23.08,
            "eps_growth_yearly": 270.14
        },
        "20232": {
            "year_quarter": 20232,
            "year": 2023,
            "quarter": 2,
            "eps": -0.83,
            "eps_growth_year": -158.45,
            "eps_4q": 1.25,
            "eps_4q_growth_year": -76.65,
            "roe": -0.87,
            "roe_4q": 1.2700000000000005,
            "gross_profit": 178118,
            "gross_margin": 99.42,
            "gross_margin_4q_avg": 99.81,
            "net_income": -42010,
            "net_income_4q": null,
            "revenue": 179158,
            "revenue_4q": null,
            "common_shares": 506509,
            "book_valuer_per_share": 95.14,
            "book_valuer_per_share_4q_avg": 97.69,
            "equity": 4818720,
            "current_ratio": 1235.87,
            "debt_ratio": 8.56,
            "inventory_turnover_ratio": 0.46,
            "account_receivable_turnover_ratio": 2.06,
            "reinvestment_rate": 10.68,
            "research_to_sale_ratio": 104.81,
            "price_fair": 212.02,
            "eps_avg_yearly": 6.06,
            "eps_latest_yearly": 23.08,
            "eps_growth_yearly": 270.14
        },
        "20233": {
            "year_quarter": 20233,
            "year": 2023,
            "quarter": 3,
            "eps": 2.05,
            "eps_growth_year": -64.47,
            "eps_4q": -2.47,
            "eps_4q_growth_year": -124.15,
            "roe": 2.14,
            "roe_4q": -2.4699999999999998,
            "gross_profit": 247183,
            "gross_margin": 99.84,
            "gross_margin_4q_avg": 99.79,
            "net_income": 104058,
            "net_income_4q": null,
            "revenue": 247577,
            "revenue_4q": null,
            "common_shares": 506509,
            "book_valuer_per_share": 97.26,
            "book_valuer_per_share_4q_avg": 96.71,
            "equity": 4926456,
            "current_ratio": 1213.68,
            "debt_ratio": 8.51,
            "inventory_turnover_ratio": 0.21,
            "account_receivable_turnover_ratio": 2.27,
            "reinvestment_rate": 12.13,
            "research_to_sale_ratio": 72.57,
            "price_fair": 236.78,
            "eps_avg_yearly": 6.77,
            "eps_latest_yearly": 23.08,
            "eps_growth_yearly": 345.44
        }
    },
    "months": {
        "2015-08": {
            "month": "2015-08",
            "price": "78.63",
            "revenue": 16950
        },
        "2015-09": {
            "month": "2015-09",
            "price": "79.74",
            "revenue": 9500
        },
        "2015-10": {
            "month": "2015-10",
            "price": "71.93",
            "revenue": 14206
        },
        "2015-11": {
            "month": "2015-11",
            "price": "72.53",
            "revenue": 11458
        },
        "2015-12": {
            "month": "2015-12",
            "price": "76.20",
            "revenue": 33095
        },
        "2016-01": {
            "month": "2016-01",
            "price": "67.75",
            "revenue": 13334
        },
        "2016-02": {
            "month": "2016-02",
            "price": "66.96",
            "revenue": 9365
        },
        "2016-03": {
            "month": "2016-03",
            "price": "65.09",
            "revenue": 10890
        },
        "2016-04": {
            "month": "2016-04",
            "price": "59.08",
            "revenue": 8535
        },
        "2016-05": {
            "month": "2016-05",
            "price": "53.36",
            "revenue": 10340
        },
        "2016-06": {
            "month": "2016-06",
            "price": "55.56",
            "revenue": 13729
        },
        "2016-07": {
            "month": "2016-07",
            "price": "58.37",
            "revenue": 15035
        },
        "2016-08": {
            "month": "2016-08",
            "price": "71.12",
            "revenue": 20162
        },
        "2016-09": {
            "month": "2016-09",
            "price": "65.19",
            "revenue": 22303
        },
        "2016-10": {
            "month": "2016-10",
            "price": "68.16",
            "revenue": 22125
        },
        "2016-11": {
            "month": "2016-11",
            "price": "61.27",
            "revenue": 28288
        },
        "2016-12": {
            "month": "2016-12",
            "price": "69.42",
            "revenue": 34529
        },
        "2017-01": {
            "month": "2017-01",
            "price": "77.24",
            "revenue": 27629
        },
        "2017-02": {
            "month": "2017-02",
            "price": "100.62",
            "revenue": 22051
        },
        "2017-03": {
            "month": "2017-03",
            "price": "156.25",
            "revenue": 31880
        },
        "2017-04": {
            "month": "2017-04",
            "price": "149.86",
            "revenue": 30188
        },
        "2017-05": {
            "month": "2017-05",
            "price": "156.22",
            "revenue": 29945
        },
        "2017-06": {
            "month": "2017-06",
            "price": "143.93",
            "revenue": 23495
        },
        "2017-07": {
            "month": "2017-07",
            "price": "136.86",
            "revenue": 25710
        },
        "2017-08": {
            "month": "2017-08",
            "price": "134.63",
            "revenue": 21678
        },
        "2017-09": {
            "month": "2017-09",
            "price": "134.59",
            "revenue": 19767
        },
        "2017-10": {
            "month": "2017-10",
            "price": "125.16",
            "revenue": 14446
        },
        "2017-11": {
            "month": "2017-11",
            "price": "113.25",
            "revenue": 27380
        },
        "2017-12": {
            "month": "2017-12",
            "price": "115.69",
            "revenue": 15208
        },
        "2018-01": {
            "month": "2018-01",
            "price": "123.89",
            "revenue": 10775
        },
        "2018-02": {
            "month": "2018-02",
            "price": "107.52",
            "revenue": 11588
        },
        "2018-03": {
            "month": "2018-03",
            "price": "138.39",
            "revenue": 12318
        },
        "2018-04": {
            "month": "2018-04",
            "price": "164.86",
            "revenue": 21800
        },
        "2018-05": {
            "month": "2018-05",
            "price": "136.00",
            "revenue": 21827
        },
        "2018-06": {
            "month": "2018-06",
            "price": "132.58",
            "revenue": 44459
        },
        "2018-07": {
            "month": "2018-07",
            "price": "127.66",
            "revenue": 20048
        },
        "2018-08": {
            "month": "2018-08",
            "price": "127.41",
            "revenue": 10629
        },
        "2018-09": {
            "month": "2018-09",
            "price": "102.99",
            "revenue": 25688
        },
        "2018-10": {
            "month": "2018-10",
            "price": "81.21",
            "revenue": 40215
        },
        "2018-11": {
            "month": "2018-11",
            "price": "70.18",
            "revenue": 33945
        },
        "2018-12": {
            "month": "2018-12",
            "price": "78.15",
            "revenue": 51463
        },
        "2019-01": {
            "month": "2019-01",
            "price": "92.94",
            "revenue": 26582
        },
        "2019-02": {
            "month": "2019-02",
            "price": "104.19",
            "revenue": 29798
        },
        "2019-03": {
            "month": "2019-03",
            "price": "110.85",
            "revenue": 22006
        },
        "2019-04": {
            "month": "2019-04",
            "price": "117.18",
            "revenue": 35058
        },
        "2019-05": {
            "month": "2019-05",
            "price": "108.41",
            "revenue": 50643
        },
        "2019-06": {
            "month": "2019-06",
            "price": "109.82",
            "revenue": 69710
        },
        "2019-07": {
            "month": "2019-07",
            "price": "129.43",
            "revenue": 40529
        },
        "2019-08": {
            "month": "2019-08",
            "price": "122.93",
            "revenue": 22289
        },
        "2019-09": {
            "month": "2019-09",
            "price": "120.37",
            "revenue": 65033
        },
        "2019-10": {
            "month": "2019-10",
            "price": "123.81",
            "revenue": 51407
        },
        "2019-11": {
            "month": "2019-11",
            "price": "118.36",
            "revenue": 43095
        },
        "2019-12": {
            "month": "2019-12",
            "price": "128.48",
            "revenue": 38702
        },
        "2020-01": {
            "month": "2020-01",
            "price": "128.63",
            "revenue": 26991
        },
        "2020-02": {
            "month": "2020-02",
            "price": "116.82",
            "revenue": 57086
        },
        "2020-03": {
            "month": "2020-03",
            "price": "88.06",
            "revenue": 21785
        },
        "2020-04": {
            "month": "2020-04",
            "price": "92.91",
            "revenue": 43581
        },
        "2020-05": {
            "month": "2020-05",
            "price": "113.00",
            "revenue": 36039
        },
        "2020-06": {
            "month": "2020-06",
            "price": "127.30",
            "revenue": 22177
        },
        "2020-07": {
            "month": "2020-07",
            "price": "150.24",
            "revenue": 30285
        },
        "2020-08": {
            "month": "2020-08",
            "price": "138.55",
            "revenue": 28124
        },
        "2020-09": {
            "month": "2020-09",
            "price": "140.95",
            "revenue": 46359
        },
        "2020-10": {
            "month": "2020-10",
            "price": "161.24",
            "revenue": 66677
        },
        "2020-11": {
            "month": "2020-11",
            "price": "213.29",
            "revenue": 74960
        },
        "2020-12": {
            "month": "2020-12",
            "price": "289.04",
            "revenue": 126948
        },
        "2021-01": {
            "month": "2021-01",
            "price": "368.52",
            "revenue": 43665
        },
        "2021-02": {
            "month": "2021-02",
            "price": "443.46",
            "revenue": 61503
        },
        "2021-03": {
            "month": "2021-03",
            "price": "499.52",
            "revenue": 45958
        },
        "2021-04": {
            "month": "2021-04",
            "price": "536.11",
            "revenue": 53911
        },
        "2021-05": {
            "month": "2021-05",
            "price": "395.48",
            "revenue": 60736
        },
        "2021-06": {
            "month": "2021-06",
            "price": "491.74",
            "revenue": 92723
        },
        "2021-07": {
            "month": "2021-07",
            "price": "537.55",
            "revenue": 56370
        },
        "2021-08": {
            "month": "2021-08",
            "price": "511.32",
            "revenue": 89247
        },
        "2021-09": {
            "month": "2021-09",
            "price": "460.32",
            "revenue": 46610
        },
        "2021-10": {
            "month": "2021-10",
            "price": "446.18",
            "revenue": 76540
        },
        "2021-11": {
            "month": "2021-11",
            "price": "550.09",
            "revenue": 55093
        },
        "2021-12": {
            "month": "2021-12",
            "price": "535.86",
            "revenue": 137422
        },
        "2022-01": {
            "month": "2022-01",
            "price": "452.19",
            "revenue": 56824
        },
        "2022-02": {
            "month": "2022-02",
            "price": "428.90",
            "revenue": 41567
        },
        "2022-03": {
            "month": "2022-03",
            "price": "404.46",
            "revenue": 112637
        },
        "2022-04": {
            "month": "2022-04",
            "price": "360.47",
            "revenue": 45193
        },
        "2022-05": {
            "month": "2022-05",
            "price": "329.79",
            "revenue": 50886
        },
        "2022-06": {
            "month": "2022-06",
            "price": "295.38",
            "revenue": 44060
        },
        "2022-07": {
            "month": "2022-07",
            "price": "249.79",
            "revenue": 68706
        },
        "2022-08": {
            "month": "2022-08",
            "price": "302.35",
            "revenue": 86077
        },
        "2022-09": {
            "month": "2022-09",
            "price": "405.36",
            "revenue": 116354
        },
        "2022-10": {
            "month": "2022-10",
            "price": "362.45",
            "revenue": 119422
        },
        "2022-11": {
            "month": "2022-11",
            "price": "487.50",
            "revenue": 116868
        },
        "2022-12": {
            "month": "2022-12",
            "price": "515.75",
            "revenue": 73227
        },
        "2023-01": {
            "month": "2023-01",
            "price": "523.31",
            "revenue": 62963
        },
        "2023-02": {
            "month": "2023-02",
            "price": "553.33",
            "revenue": 104544
        },
        "2023-03": {
            "month": "2023-03",
            "price": "550.70",
            "revenue": 57589
        },
        "2023-04": {
            "month": "2023-04",
            "price": "485.91",
            "revenue": 70630
        },
        "2023-05": {
            "month": "2023-05",
            "price": "462.91",
            "revenue": 49751
        },
        "2023-06": {
            "month": "2023-06",
            "price": "495.85",
            "revenue": 58777
        },
        "2023-07": {
            "month": "2023-07",
            "price": "466.81",
            "revenue": 96536
        },
        "2023-08": {
            "month": "2023-08",
            "price": "422.57",
            "revenue": 112776
        },
        "2023-09": {
            "month": "2023-09",
            "price": "409.52",
            "revenue": 38265
        },
        "2023-10": {
            "month": "2023-10",
            "price": "400.80",
            "revenue": 87927
        },
        "2023-11": {
            "month": "2023-11",
            "price": "441.95",
            "revenue": 131736
        },
        "2023-12": {
            "month": "2023-12",
            "price": "467.02",
            "revenue": 186324
        }
    }
}
