{
    "summary": {
        "stock_name": "倉和",
        "stock_id": "6538",
        "category": "電子零組件",
        "main_business": "網版製造<br>網印耗材買賣",
        "website_url": "http://www.bch.com.tw",
        "ceo": "林經洲",
        "pe_ratio": 15,
        "report_year_from": 2015,
        "report_year_to": 2023,
        "age": 9,
        "eps_negative_percentage": 13,
        "eps_growth_avg": {
            "last_all": 13.12,
            "last_2y": 13.67,
            "last_4y": 35.74,
            "last_8y": null,
            "last_12y": null,
            "last_16y": null,
            "last_20y": null,
            "at_2006_last_3y": null,
            "at_2007_last_3y": null,
            "at_2008_last_3y": null,
            "at_2009_last_3y": null,
            "at_2010_last_3y": null,
            "at_2011_last_3y": null,
            "at_2012_last_3y": null,
            "at_2013_last_3y": null,
            "at_2014_last_3y": null,
            "at_2015_last_3y": null,
            "at_2016_last_3y": null,
            "at_2017_last_3y": null,
            "at_2018_last_3y": null,
            "at_2019_last_3y": null,
            "at_2020_last_3y": 12.57,
            "at_2021_last_3y": 23.24,
            "at_2022_last_3y": 19.85,
            "at_2023_last_3y": 19.68,
            "at_2024_last_3y": 19.68,
            "at_2006_last_all": null,
            "at_2007_last_all": null,
            "at_2008_last_all": null,
            "at_2009_last_all": null,
            "at_2010_last_all": null,
            "at_2011_last_all": null,
            "at_2012_last_all": null,
            "at_2013_last_all": null,
            "at_2014_last_all": null,
            "at_2015_last_all": null,
            "at_2016_last_all": null,
            "at_2017_last_all": null,
            "at_2018_last_all": -100,
            "at_2019_last_all": 0,
            "at_2020_last_all": 12.57,
            "at_2021_last_all": -7.57,
            "at_2022_last_all": -4.12,
            "at_2023_last_all": 13.12,
            "at_2024_last_all": 13.12
        },
        "latest_eps": 8.9,
        "latest_price": 131,
        "latest_roe": 18.3,
        "latest_gross_margin": 46.12,
        "latest_equity": 1963843,
        "latest_revenue": 629510,
        "latest_gross_profit": 290324,
        "latest_net_income": 104380,
        "latest_debt_ratio": 31.88,
        "latest_current_ratio": 283.52,
        "latest_account_receivable_turnover_ratio": 0.62,
        "latest_inventory_turnover_ratio": 1.8,
        "latest_reinvestment_rate": 44.96,
        "latest_research_to_sale_ratio": 6.4
    },
    "eps_dividends": {
        "2001": {
            "cash": 0,
            "stock": 0,
            "eps": 0
        },
        "2002": {
            "cash": 0,
            "stock": 0,
            "eps": 0
        },
        "2003": {
            "cash": 0,
            "stock": 0,
            "eps": 0
        },
        "2004": {
            "cash": 0,
            "stock": 0,
            "eps": 0
        },
        "2005": {
            "cash": 0,
            "stock": 0,
            "eps": 0
        },
        "2006": {
            "cash": 0,
            "stock": 0,
            "eps": 0
        },
        "2007": {
            "cash": 0,
            "stock": 0,
            "eps": 0
        },
        "2008": {
            "cash": 0,
            "stock": 0,
            "eps": 0
        },
        "2009": {
            "cash": 0,
            "stock": 0,
            "eps": 0
        },
        "2010": {
            "cash": 0,
            "stock": 0,
            "eps": 0
        },
        "2011": {
            "cash": 0,
            "stock": 0,
            "eps": 0
        },
        "2012": {
            "cash": 0,
            "stock": 0,
            "eps": 0
        },
        "2013": {
            "cash": 0,
            "stock": 0,
            "eps": 0
        },
        "2014": {
            "cash": 0,
            "stock": 0,
            "eps": 0
        },
        "2015": {
            "cash": 0,
            "stock": 0,
            "eps": 0
        },
        "2016": {
            "cash": 4.25,
            "stock": 0,
            "eps": 4.58
        },
        "2017": {
            "cash": 4.3,
            "stock": 0,
            "eps": -0.9
        },
        "2018": {
            "cash": 1.3,
            "stock": 0,
            "eps": 0.07
        },
        "2019": {
            "cash": 1,
            "stock": 0,
            "eps": 9.39
        },
        "2020": {
            "cash": 2.5,
            "stock": 2.3,
            "eps": 12.93
        },
        "2021": {
            "cash": 7,
            "stock": 0,
            "eps": 4.14
        },
        "2022": {
            "cash": 2.5,
            "stock": 0,
            "eps": 4.54
        },
        "2023": {
            "cash": 3.3,
            "stock": 0,
            "eps": 9.05
        },
        "2024": {
            "cash": 7,
            "stock": 0,
            "eps": 0
        }
    },
    "dividends": {
        "2016-08-23": {
            "cash": 4.25,
            "stock": 0
        },
        "2017-08-23": {
            "cash": 4.3,
            "stock": 0
        },
        "2018-09-14": {
            "cash": 1.3,
            "stock": 0
        },
        "2019-09-12": {
            "cash": 1,
            "stock": 0
        },
        "2020-09-16": {
            "cash": 2.5,
            "stock": 2.3
        },
        "2021-09-17": {
            "cash": 7,
            "stock": 0
        },
        "2022-08-25": {
            "cash": 2.5,
            "stock": 0
        },
        "2023-08-10": {
            "cash": 3.3,
            "stock": 0
        },
        "2024-03-08": {
            "cash": 7,
            "stock": 0
        }
    },
    "prices": {
        "200101": "無",
        "200102": "無",
        "200103": "無",
        "200104": "無",
        "200105": "無",
        "200106": "無",
        "200107": "無",
        "200108": "無",
        "200109": "無",
        "200110": "無",
        "200111": "無",
        "200112": "無",
        "200201": "無",
        "200202": "無",
        "200203": "無",
        "200204": "無",
        "200205": "無",
        "200206": "無",
        "200207": "無",
        "200208": "無",
        "200209": "無",
        "200210": "無",
        "200211": "無",
        "200212": "無",
        "200301": "無",
        "200302": "無",
        "200303": "無",
        "200304": "無",
        "200305": "無",
        "200306": "無",
        "200307": "無",
        "200308": "無",
        "200309": "無",
        "200310": "無",
        "200311": "無",
        "200312": "無",
        "200401": "無",
        "200402": "無",
        "200403": "無",
        "200404": "無",
        "200405": "無",
        "200406": "無",
        "200407": "無",
        "200408": "無",
        "200409": "無",
        "200410": "無",
        "200411": "無",
        "200412": "無",
        "200501": "無",
        "200502": "無",
        "200503": "無",
        "200504": "無",
        "200505": "無",
        "200506": "無",
        "200507": "無",
        "200508": "無",
        "200509": "無",
        "200510": "無",
        "200511": "無",
        "200512": "無",
        "200601": "無",
        "200602": "無",
        "200603": "無",
        "200604": "無",
        "200605": "無",
        "200606": "無",
        "200607": "無",
        "200608": "無",
        "200609": "無",
        "200610": "無",
        "200611": "無",
        "200612": "無",
        "200701": "無",
        "200702": "無",
        "200703": "無",
        "200704": "無",
        "200705": "無",
        "200706": "無",
        "200707": "無",
        "200708": "無",
        "200709": "無",
        "200710": "無",
        "200711": "無",
        "200712": "無",
        "200801": "無",
        "200802": "無",
        "200803": "無",
        "200804": "無",
        "200805": "無",
        "200806": "無",
        "200807": "無",
        "200808": "無",
        "200809": "無",
        "200810": "無",
        "200811": "無",
        "200812": "無",
        "200901": "無",
        "200902": "無",
        "200903": "無",
        "200904": "無",
        "200905": "無",
        "200906": "無",
        "200907": "無",
        "200908": "無",
        "200909": "無",
        "200910": "無",
        "200911": "無",
        "200912": "無",
        "201001": "無",
        "201002": "無",
        "201003": "無",
        "201004": "無",
        "201005": "無",
        "201006": "無",
        "201007": "無",
        "201008": "無",
        "201009": "無",
        "201010": "無",
        "201011": "無",
        "201012": "無",
        "201101": "無",
        "201102": "無",
        "201103": "無",
        "201104": "無",
        "201105": "無",
        "201106": "無",
        "201107": "無",
        "201108": "無",
        "201109": "無",
        "201110": "無",
        "201111": "無",
        "201112": "無",
        "201201": "無",
        "201202": "無",
        "201203": "無",
        "201204": "無",
        "201205": "無",
        "201206": "無",
        "201207": "無",
        "201208": "無",
        "201209": "無",
        "201210": "無",
        "201211": "無",
        "201212": "無",
        "201301": "無",
        "201302": "無",
        "201303": "無",
        "201304": "無",
        "201305": "無",
        "201306": "無",
        "201307": "無",
        "201308": "無",
        "201309": "無",
        "201310": "無",
        "201311": "無",
        "201312": "無",
        "201401": "無",
        "201402": "無",
        "201403": "無",
        "201404": "無",
        "201405": "無",
        "201406": "無",
        "201407": "無",
        "201408": "無",
        "201409": "無",
        "201410": "無",
        "201411": "無",
        "201412": "無",
        "201501": "無",
        "201502": "無",
        "201503": "無",
        "201504": "無",
        "201505": "無",
        "201506": "無",
        "201507": "無",
        "201508": "111.17",
        "201509": "110.79",
        "201510": "112.46",
        "201511": "115.79",
        "201512": "122.16",
        "201601": "110.94",
        "201602": "115.49",
        "201603": "124.58",
        "201604": "128.67",
        "201605": "131.17",
        "201606": "123.46",
        "201607": "119.31",
        "201608": "111.95",
        "201609": "107.09",
        "201610": "109.56",
        "201611": "68.15",
        "201612": "64.12",
        "201701": "62.46",
        "201702": "67.34",
        "201703": "64.57",
        "201704": "62.17",
        "201705": "57.60",
        "201706": "53.45",
        "201707": "50.26",
        "201708": "41.87",
        "201709": "39.88",
        "201710": "39.46",
        "201711": "37.98",
        "201712": "36.00",
        "201801": "35.36",
        "201802": "32.86",
        "201803": "31.47",
        "201804": "31.29",
        "201805": "30.04",
        "201806": "31.77",
        "201807": "31.89",
        "201808": "31.52",
        "201809": "30.54",
        "201810": "30.02",
        "201811": "30.22",
        "201812": "30.41",
        "201901": "33.17",
        "201902": "46.58",
        "201903": "50.04",
        "201904": "76.23",
        "201905": "68.81",
        "201906": "67.25",
        "201907": "64.23",
        "201908": "71.40",
        "201909": "84.15",
        "201910": "108.48",
        "201911": "161.45",
        "201912": "195.23",
        "202001": "220.10",
        "202002": "234.58",
        "202003": "273.45",
        "202004": "239.52",
        "202005": "260.98",
        "202006": "260.38",
        "202007": "228.09",
        "202008": "229.48",
        "202009": "256.89",
        "202010": "217.95",
        "202011": "197.83",
        "202012": "189.78",
        "202101": "171.70",
        "202102": "162.04",
        "202103": "159.25",
        "202104": "162.13",
        "202105": "119.52",
        "202106": "112.05",
        "202107": "113.27",
        "202108": "99.73",
        "202109": "81.30",
        "202110": "74.88",
        "202111": "74.32",
        "202112": "83.08",
        "202201": "96.77",
        "202202": "93.97",
        "202203": "89.63",
        "202204": "77.27",
        "202205": "84.19",
        "202206": "79.91",
        "202207": "71.66",
        "202208": "76.52",
        "202209": "79.74",
        "202210": "67.04",
        "202211": "70.40",
        "202212": "71.49",
        "202301": "70.52",
        "202302": "80.05",
        "202303": "82.65",
        "202304": "104.82",
        "202305": "108.68",
        "202306": "103.75",
        "202307": "143.95",
        "202308": "163.34",
        "202309": "168.52",
        "202310": "142.15",
        "202311": "150.25",
        "202312": "177.64"
    },
    "quarters": {
        "20011": {
            "year_quarter": 20011,
            "year": 2001,
            "quarter": 1,
            "eps": null,
            "eps_growth_year": null,
            "eps_4q": null,
            "eps_4q_growth_year": null,
            "roe": null,
            "roe_4q": 0,
            "gross_profit": null,
            "gross_margin": null,
            "gross_margin_4q_avg": 0,
            "net_income": null,
            "net_income_4q": null,
            "revenue": null,
            "revenue_4q": null,
            "common_shares": null,
            "book_valuer_per_share": null,
            "book_valuer_per_share_4q_avg": 0,
            "equity": null,
            "current_ratio": null,
            "debt_ratio": null,
            "inventory_turnover_ratio": null,
            "account_receivable_turnover_ratio": null,
            "reinvestment_rate": null,
            "research_to_sale_ratio": null,
            "price_fair": 0,
            "eps_avg_yearly": 0,
            "eps_latest_yearly": 0,
            "eps_growth_yearly": 0
        },
        "20012": {
            "year_quarter": 20012,
            "year": 2001,
            "quarter": 2,
            "eps": null,
            "eps_growth_year": null,
            "eps_4q": null,
            "eps_4q_growth_year": null,
            "roe": null,
            "roe_4q": 0,
            "gross_profit": null,
            "gross_margin": null,
            "gross_margin_4q_avg": 0,
            "net_income": null,
            "net_income_4q": null,
            "revenue": null,
            "revenue_4q": null,
            "common_shares": null,
            "book_valuer_per_share": null,
            "book_valuer_per_share_4q_avg": 0,
            "equity": null,
            "current_ratio": null,
            "debt_ratio": null,
            "inventory_turnover_ratio": null,
            "account_receivable_turnover_ratio": null,
            "reinvestment_rate": null,
            "research_to_sale_ratio": null,
            "price_fair": 0,
            "eps_avg_yearly": 0,
            "eps_latest_yearly": 0,
            "eps_growth_yearly": 0
        },
        "20013": {
            "year_quarter": 20013,
            "year": 2001,
            "quarter": 3,
            "eps": null,
            "eps_growth_year": null,
            "eps_4q": null,
            "eps_4q_growth_year": null,
            "roe": null,
            "roe_4q": 0,
            "gross_profit": null,
            "gross_margin": null,
            "gross_margin_4q_avg": 0,
            "net_income": null,
            "net_income_4q": null,
            "revenue": null,
            "revenue_4q": null,
            "common_shares": null,
            "book_valuer_per_share": null,
            "book_valuer_per_share_4q_avg": 0,
            "equity": null,
            "current_ratio": null,
            "debt_ratio": null,
            "inventory_turnover_ratio": null,
            "account_receivable_turnover_ratio": null,
            "reinvestment_rate": null,
            "research_to_sale_ratio": null,
            "price_fair": 0,
            "eps_avg_yearly": 0,
            "eps_latest_yearly": 0,
            "eps_growth_yearly": 0
        },
        "20014": {
            "year_quarter": 20014,
            "year": 2001,
            "quarter": 4,
            "eps": null,
            "eps_growth_year": null,
            "eps_4q": null,
            "eps_4q_growth_year": null,
            "roe": null,
            "roe_4q": 0,
            "gross_profit": null,
            "gross_margin": null,
            "gross_margin_4q_avg": 0,
            "net_income": null,
            "net_income_4q": null,
            "revenue": null,
            "revenue_4q": null,
            "common_shares": null,
            "book_valuer_per_share": null,
            "book_valuer_per_share_4q_avg": 0,
            "equity": null,
            "current_ratio": null,
            "debt_ratio": null,
            "inventory_turnover_ratio": null,
            "account_receivable_turnover_ratio": null,
            "reinvestment_rate": null,
            "research_to_sale_ratio": null,
            "price_fair": 0,
            "eps_avg_yearly": 0,
            "eps_latest_yearly": 0,
            "eps_growth_yearly": 0
        },
        "20021": {
            "year_quarter": 20021,
            "year": 2002,
            "quarter": 1,
            "eps": null,
            "eps_growth_year": null,
            "eps_4q": null,
            "eps_4q_growth_year": null,
            "roe": null,
            "roe_4q": 0,
            "gross_profit": null,
            "gross_margin": null,
            "gross_margin_4q_avg": 0,
            "net_income": null,
            "net_income_4q": null,
            "revenue": null,
            "revenue_4q": null,
            "common_shares": null,
            "book_valuer_per_share": null,
            "book_valuer_per_share_4q_avg": 0,
            "equity": null,
            "current_ratio": null,
            "debt_ratio": null,
            "inventory_turnover_ratio": null,
            "account_receivable_turnover_ratio": null,
            "reinvestment_rate": null,
            "research_to_sale_ratio": null,
            "price_fair": 0,
            "eps_avg_yearly": 0,
            "eps_latest_yearly": 0,
            "eps_growth_yearly": 0
        },
        "20022": {
            "year_quarter": 20022,
            "year": 2002,
            "quarter": 2,
            "eps": null,
            "eps_growth_year": null,
            "eps_4q": null,
            "eps_4q_growth_year": null,
            "roe": null,
            "roe_4q": 0,
            "gross_profit": null,
            "gross_margin": null,
            "gross_margin_4q_avg": 0,
            "net_income": null,
            "net_income_4q": null,
            "revenue": null,
            "revenue_4q": null,
            "common_shares": null,
            "book_valuer_per_share": null,
            "book_valuer_per_share_4q_avg": 0,
            "equity": null,
            "current_ratio": null,
            "debt_ratio": null,
            "inventory_turnover_ratio": null,
            "account_receivable_turnover_ratio": null,
            "reinvestment_rate": null,
            "research_to_sale_ratio": null,
            "price_fair": 0,
            "eps_avg_yearly": 0,
            "eps_latest_yearly": 0,
            "eps_growth_yearly": 0
        },
        "20023": {
            "year_quarter": 20023,
            "year": 2002,
            "quarter": 3,
            "eps": null,
            "eps_growth_year": null,
            "eps_4q": null,
            "eps_4q_growth_year": null,
            "roe": null,
            "roe_4q": 0,
            "gross_profit": null,
            "gross_margin": null,
            "gross_margin_4q_avg": 0,
            "net_income": null,
            "net_income_4q": null,
            "revenue": null,
            "revenue_4q": null,
            "common_shares": null,
            "book_valuer_per_share": null,
            "book_valuer_per_share_4q_avg": 0,
            "equity": null,
            "current_ratio": null,
            "debt_ratio": null,
            "inventory_turnover_ratio": null,
            "account_receivable_turnover_ratio": null,
            "reinvestment_rate": null,
            "research_to_sale_ratio": null,
            "price_fair": 0,
            "eps_avg_yearly": 0,
            "eps_latest_yearly": 0,
            "eps_growth_yearly": 0
        },
        "20024": {
            "year_quarter": 20024,
            "year": 2002,
            "quarter": 4,
            "eps": null,
            "eps_growth_year": null,
            "eps_4q": null,
            "eps_4q_growth_year": null,
            "roe": null,
            "roe_4q": 0,
            "gross_profit": null,
            "gross_margin": null,
            "gross_margin_4q_avg": 0,
            "net_income": null,
            "net_income_4q": null,
            "revenue": null,
            "revenue_4q": null,
            "common_shares": null,
            "book_valuer_per_share": null,
            "book_valuer_per_share_4q_avg": 0,
            "equity": null,
            "current_ratio": null,
            "debt_ratio": null,
            "inventory_turnover_ratio": null,
            "account_receivable_turnover_ratio": null,
            "reinvestment_rate": null,
            "research_to_sale_ratio": null,
            "price_fair": 0,
            "eps_avg_yearly": 0,
            "eps_latest_yearly": 0,
            "eps_growth_yearly": 0
        },
        "20031": {
            "year_quarter": 20031,
            "year": 2003,
            "quarter": 1,
            "eps": null,
            "eps_growth_year": null,
            "eps_4q": null,
            "eps_4q_growth_year": null,
            "roe": null,
            "roe_4q": 0,
            "gross_profit": null,
            "gross_margin": null,
            "gross_margin_4q_avg": 0,
            "net_income": null,
            "net_income_4q": null,
            "revenue": null,
            "revenue_4q": null,
            "common_shares": null,
            "book_valuer_per_share": null,
            "book_valuer_per_share_4q_avg": 0,
            "equity": null,
            "current_ratio": null,
            "debt_ratio": null,
            "inventory_turnover_ratio": null,
            "account_receivable_turnover_ratio": null,
            "reinvestment_rate": null,
            "research_to_sale_ratio": null,
            "price_fair": 0,
            "eps_avg_yearly": 0,
            "eps_latest_yearly": 0,
            "eps_growth_yearly": 0
        },
        "20032": {
            "year_quarter": 20032,
            "year": 2003,
            "quarter": 2,
            "eps": null,
            "eps_growth_year": null,
            "eps_4q": null,
            "eps_4q_growth_year": null,
            "roe": null,
            "roe_4q": 0,
            "gross_profit": null,
            "gross_margin": null,
            "gross_margin_4q_avg": 0,
            "net_income": null,
            "net_income_4q": null,
            "revenue": null,
            "revenue_4q": null,
            "common_shares": null,
            "book_valuer_per_share": null,
            "book_valuer_per_share_4q_avg": 0,
            "equity": null,
            "current_ratio": null,
            "debt_ratio": null,
            "inventory_turnover_ratio": null,
            "account_receivable_turnover_ratio": null,
            "reinvestment_rate": null,
            "research_to_sale_ratio": null,
            "price_fair": 0,
            "eps_avg_yearly": 0,
            "eps_latest_yearly": 0,
            "eps_growth_yearly": 0
        },
        "20033": {
            "year_quarter": 20033,
            "year": 2003,
            "quarter": 3,
            "eps": null,
            "eps_growth_year": null,
            "eps_4q": null,
            "eps_4q_growth_year": null,
            "roe": null,
            "roe_4q": 0,
            "gross_profit": null,
            "gross_margin": null,
            "gross_margin_4q_avg": 0,
            "net_income": null,
            "net_income_4q": null,
            "revenue": null,
            "revenue_4q": null,
            "common_shares": null,
            "book_valuer_per_share": null,
            "book_valuer_per_share_4q_avg": 0,
            "equity": null,
            "current_ratio": null,
            "debt_ratio": null,
            "inventory_turnover_ratio": null,
            "account_receivable_turnover_ratio": null,
            "reinvestment_rate": null,
            "research_to_sale_ratio": null,
            "price_fair": 0,
            "eps_avg_yearly": 0,
            "eps_latest_yearly": 0,
            "eps_growth_yearly": 0
        },
        "20034": {
            "year_quarter": 20034,
            "year": 2003,
            "quarter": 4,
            "eps": null,
            "eps_growth_year": null,
            "eps_4q": null,
            "eps_4q_growth_year": null,
            "roe": null,
            "roe_4q": 0,
            "gross_profit": null,
            "gross_margin": null,
            "gross_margin_4q_avg": 0,
            "net_income": null,
            "net_income_4q": null,
            "revenue": null,
            "revenue_4q": null,
            "common_shares": null,
            "book_valuer_per_share": null,
            "book_valuer_per_share_4q_avg": 0,
            "equity": null,
            "current_ratio": null,
            "debt_ratio": null,
            "inventory_turnover_ratio": null,
            "account_receivable_turnover_ratio": null,
            "reinvestment_rate": null,
            "research_to_sale_ratio": null,
            "price_fair": 0,
            "eps_avg_yearly": 0,
            "eps_latest_yearly": 0,
            "eps_growth_yearly": 0
        },
        "20041": {
            "year_quarter": 20041,
            "year": 2004,
            "quarter": 1,
            "eps": null,
            "eps_growth_year": null,
            "eps_4q": null,
            "eps_4q_growth_year": null,
            "roe": null,
            "roe_4q": 0,
            "gross_profit": null,
            "gross_margin": null,
            "gross_margin_4q_avg": 0,
            "net_income": null,
            "net_income_4q": null,
            "revenue": null,
            "revenue_4q": null,
            "common_shares": null,
            "book_valuer_per_share": null,
            "book_valuer_per_share_4q_avg": 0,
            "equity": null,
            "current_ratio": null,
            "debt_ratio": null,
            "inventory_turnover_ratio": null,
            "account_receivable_turnover_ratio": null,
            "reinvestment_rate": null,
            "research_to_sale_ratio": null,
            "price_fair": 0,
            "eps_avg_yearly": 0,
            "eps_latest_yearly": 0,
            "eps_growth_yearly": 0
        },
        "20042": {
            "year_quarter": 20042,
            "year": 2004,
            "quarter": 2,
            "eps": null,
            "eps_growth_year": null,
            "eps_4q": null,
            "eps_4q_growth_year": null,
            "roe": null,
            "roe_4q": 0,
            "gross_profit": null,
            "gross_margin": null,
            "gross_margin_4q_avg": 0,
            "net_income": null,
            "net_income_4q": null,
            "revenue": null,
            "revenue_4q": null,
            "common_shares": null,
            "book_valuer_per_share": null,
            "book_valuer_per_share_4q_avg": 0,
            "equity": null,
            "current_ratio": null,
            "debt_ratio": null,
            "inventory_turnover_ratio": null,
            "account_receivable_turnover_ratio": null,
            "reinvestment_rate": null,
            "research_to_sale_ratio": null,
            "price_fair": 0,
            "eps_avg_yearly": 0,
            "eps_latest_yearly": 0,
            "eps_growth_yearly": 0
        },
        "20043": {
            "year_quarter": 20043,
            "year": 2004,
            "quarter": 3,
            "eps": null,
            "eps_growth_year": null,
            "eps_4q": null,
            "eps_4q_growth_year": null,
            "roe": null,
            "roe_4q": 0,
            "gross_profit": null,
            "gross_margin": null,
            "gross_margin_4q_avg": 0,
            "net_income": null,
            "net_income_4q": null,
            "revenue": null,
            "revenue_4q": null,
            "common_shares": null,
            "book_valuer_per_share": null,
            "book_valuer_per_share_4q_avg": 0,
            "equity": null,
            "current_ratio": null,
            "debt_ratio": null,
            "inventory_turnover_ratio": null,
            "account_receivable_turnover_ratio": null,
            "reinvestment_rate": null,
            "research_to_sale_ratio": null,
            "price_fair": 0,
            "eps_avg_yearly": 0,
            "eps_latest_yearly": 0,
            "eps_growth_yearly": 0
        },
        "20044": {
            "year_quarter": 20044,
            "year": 2004,
            "quarter": 4,
            "eps": null,
            "eps_growth_year": null,
            "eps_4q": null,
            "eps_4q_growth_year": null,
            "roe": null,
            "roe_4q": 0,
            "gross_profit": null,
            "gross_margin": null,
            "gross_margin_4q_avg": 0,
            "net_income": null,
            "net_income_4q": null,
            "revenue": null,
            "revenue_4q": null,
            "common_shares": null,
            "book_valuer_per_share": null,
            "book_valuer_per_share_4q_avg": 0,
            "equity": null,
            "current_ratio": null,
            "debt_ratio": null,
            "inventory_turnover_ratio": null,
            "account_receivable_turnover_ratio": null,
            "reinvestment_rate": null,
            "research_to_sale_ratio": null,
            "price_fair": 0,
            "eps_avg_yearly": 0,
            "eps_latest_yearly": 0,
            "eps_growth_yearly": 0
        },
        "20051": {
            "year_quarter": 20051,
            "year": 2005,
            "quarter": 1,
            "eps": null,
            "eps_growth_year": null,
            "eps_4q": null,
            "eps_4q_growth_year": null,
            "roe": null,
            "roe_4q": 0,
            "gross_profit": null,
            "gross_margin": null,
            "gross_margin_4q_avg": 0,
            "net_income": null,
            "net_income_4q": null,
            "revenue": null,
            "revenue_4q": null,
            "common_shares": null,
            "book_valuer_per_share": null,
            "book_valuer_per_share_4q_avg": 0,
            "equity": null,
            "current_ratio": null,
            "debt_ratio": null,
            "inventory_turnover_ratio": null,
            "account_receivable_turnover_ratio": null,
            "reinvestment_rate": null,
            "research_to_sale_ratio": null,
            "price_fair": 0,
            "eps_avg_yearly": 0,
            "eps_latest_yearly": 0,
            "eps_growth_yearly": 0
        },
        "20052": {
            "year_quarter": 20052,
            "year": 2005,
            "quarter": 2,
            "eps": null,
            "eps_growth_year": null,
            "eps_4q": null,
            "eps_4q_growth_year": null,
            "roe": null,
            "roe_4q": 0,
            "gross_profit": null,
            "gross_margin": null,
            "gross_margin_4q_avg": 0,
            "net_income": null,
            "net_income_4q": null,
            "revenue": null,
            "revenue_4q": null,
            "common_shares": null,
            "book_valuer_per_share": null,
            "book_valuer_per_share_4q_avg": 0,
            "equity": null,
            "current_ratio": null,
            "debt_ratio": null,
            "inventory_turnover_ratio": null,
            "account_receivable_turnover_ratio": null,
            "reinvestment_rate": null,
            "research_to_sale_ratio": null,
            "price_fair": 0,
            "eps_avg_yearly": 0,
            "eps_latest_yearly": 0,
            "eps_growth_yearly": 0
        },
        "20053": {
            "year_quarter": 20053,
            "year": 2005,
            "quarter": 3,
            "eps": null,
            "eps_growth_year": null,
            "eps_4q": null,
            "eps_4q_growth_year": null,
            "roe": null,
            "roe_4q": 0,
            "gross_profit": null,
            "gross_margin": null,
            "gross_margin_4q_avg": 0,
            "net_income": null,
            "net_income_4q": null,
            "revenue": null,
            "revenue_4q": null,
            "common_shares": null,
            "book_valuer_per_share": null,
            "book_valuer_per_share_4q_avg": 0,
            "equity": null,
            "current_ratio": null,
            "debt_ratio": null,
            "inventory_turnover_ratio": null,
            "account_receivable_turnover_ratio": null,
            "reinvestment_rate": null,
            "research_to_sale_ratio": null,
            "price_fair": 0,
            "eps_avg_yearly": 0,
            "eps_latest_yearly": 0,
            "eps_growth_yearly": 0
        },
        "20054": {
            "year_quarter": 20054,
            "year": 2005,
            "quarter": 4,
            "eps": null,
            "eps_growth_year": null,
            "eps_4q": null,
            "eps_4q_growth_year": null,
            "roe": null,
            "roe_4q": 0,
            "gross_profit": null,
            "gross_margin": null,
            "gross_margin_4q_avg": 0,
            "net_income": null,
            "net_income_4q": null,
            "revenue": null,
            "revenue_4q": null,
            "common_shares": null,
            "book_valuer_per_share": null,
            "book_valuer_per_share_4q_avg": 0,
            "equity": null,
            "current_ratio": null,
            "debt_ratio": null,
            "inventory_turnover_ratio": null,
            "account_receivable_turnover_ratio": null,
            "reinvestment_rate": null,
            "research_to_sale_ratio": null,
            "price_fair": 0,
            "eps_avg_yearly": 0,
            "eps_latest_yearly": 0,
            "eps_growth_yearly": 0
        },
        "20061": {
            "year_quarter": 20061,
            "year": 2006,
            "quarter": 1,
            "eps": null,
            "eps_growth_year": null,
            "eps_4q": null,
            "eps_4q_growth_year": null,
            "roe": null,
            "roe_4q": 0,
            "gross_profit": null,
            "gross_margin": null,
            "gross_margin_4q_avg": 0,
            "net_income": null,
            "net_income_4q": null,
            "revenue": null,
            "revenue_4q": null,
            "common_shares": null,
            "book_valuer_per_share": null,
            "book_valuer_per_share_4q_avg": 0,
            "equity": null,
            "current_ratio": null,
            "debt_ratio": null,
            "inventory_turnover_ratio": null,
            "account_receivable_turnover_ratio": null,
            "reinvestment_rate": null,
            "research_to_sale_ratio": null,
            "price_fair": 0,
            "eps_avg_yearly": 0,
            "eps_latest_yearly": 0,
            "eps_growth_yearly": 0
        },
        "20062": {
            "year_quarter": 20062,
            "year": 2006,
            "quarter": 2,
            "eps": null,
            "eps_growth_year": null,
            "eps_4q": null,
            "eps_4q_growth_year": null,
            "roe": null,
            "roe_4q": 0,
            "gross_profit": null,
            "gross_margin": null,
            "gross_margin_4q_avg": 0,
            "net_income": null,
            "net_income_4q": null,
            "revenue": null,
            "revenue_4q": null,
            "common_shares": null,
            "book_valuer_per_share": null,
            "book_valuer_per_share_4q_avg": 0,
            "equity": null,
            "current_ratio": null,
            "debt_ratio": null,
            "inventory_turnover_ratio": null,
            "account_receivable_turnover_ratio": null,
            "reinvestment_rate": null,
            "research_to_sale_ratio": null,
            "price_fair": 0,
            "eps_avg_yearly": 0,
            "eps_latest_yearly": 0,
            "eps_growth_yearly": 0
        },
        "20063": {
            "year_quarter": 20063,
            "year": 2006,
            "quarter": 3,
            "eps": null,
            "eps_growth_year": null,
            "eps_4q": null,
            "eps_4q_growth_year": null,
            "roe": null,
            "roe_4q": 0,
            "gross_profit": null,
            "gross_margin": null,
            "gross_margin_4q_avg": 0,
            "net_income": null,
            "net_income_4q": null,
            "revenue": null,
            "revenue_4q": null,
            "common_shares": null,
            "book_valuer_per_share": null,
            "book_valuer_per_share_4q_avg": 0,
            "equity": null,
            "current_ratio": null,
            "debt_ratio": null,
            "inventory_turnover_ratio": null,
            "account_receivable_turnover_ratio": null,
            "reinvestment_rate": null,
            "research_to_sale_ratio": null,
            "price_fair": 0,
            "eps_avg_yearly": 0,
            "eps_latest_yearly": 0,
            "eps_growth_yearly": 0
        },
        "20064": {
            "year_quarter": 20064,
            "year": 2006,
            "quarter": 4,
            "eps": null,
            "eps_growth_year": null,
            "eps_4q": null,
            "eps_4q_growth_year": null,
            "roe": null,
            "roe_4q": 0,
            "gross_profit": null,
            "gross_margin": null,
            "gross_margin_4q_avg": 0,
            "net_income": null,
            "net_income_4q": null,
            "revenue": null,
            "revenue_4q": null,
            "common_shares": null,
            "book_valuer_per_share": null,
            "book_valuer_per_share_4q_avg": 0,
            "equity": null,
            "current_ratio": null,
            "debt_ratio": null,
            "inventory_turnover_ratio": null,
            "account_receivable_turnover_ratio": null,
            "reinvestment_rate": null,
            "research_to_sale_ratio": null,
            "price_fair": 0,
            "eps_avg_yearly": 0,
            "eps_latest_yearly": 0,
            "eps_growth_yearly": 0
        },
        "20071": {
            "year_quarter": 20071,
            "year": 2007,
            "quarter": 1,
            "eps": null,
            "eps_growth_year": null,
            "eps_4q": null,
            "eps_4q_growth_year": null,
            "roe": null,
            "roe_4q": 0,
            "gross_profit": null,
            "gross_margin": null,
            "gross_margin_4q_avg": 0,
            "net_income": null,
            "net_income_4q": null,
            "revenue": null,
            "revenue_4q": null,
            "common_shares": null,
            "book_valuer_per_share": null,
            "book_valuer_per_share_4q_avg": 0,
            "equity": null,
            "current_ratio": null,
            "debt_ratio": null,
            "inventory_turnover_ratio": null,
            "account_receivable_turnover_ratio": null,
            "reinvestment_rate": null,
            "research_to_sale_ratio": null,
            "price_fair": 0,
            "eps_avg_yearly": 0,
            "eps_latest_yearly": 0,
            "eps_growth_yearly": 0
        },
        "20072": {
            "year_quarter": 20072,
            "year": 2007,
            "quarter": 2,
            "eps": null,
            "eps_growth_year": null,
            "eps_4q": null,
            "eps_4q_growth_year": null,
            "roe": null,
            "roe_4q": 0,
            "gross_profit": null,
            "gross_margin": null,
            "gross_margin_4q_avg": 0,
            "net_income": null,
            "net_income_4q": null,
            "revenue": null,
            "revenue_4q": null,
            "common_shares": null,
            "book_valuer_per_share": null,
            "book_valuer_per_share_4q_avg": 0,
            "equity": null,
            "current_ratio": null,
            "debt_ratio": null,
            "inventory_turnover_ratio": null,
            "account_receivable_turnover_ratio": null,
            "reinvestment_rate": null,
            "research_to_sale_ratio": null,
            "price_fair": 0,
            "eps_avg_yearly": 0,
            "eps_latest_yearly": 0,
            "eps_growth_yearly": 0
        },
        "20073": {
            "year_quarter": 20073,
            "year": 2007,
            "quarter": 3,
            "eps": null,
            "eps_growth_year": null,
            "eps_4q": null,
            "eps_4q_growth_year": null,
            "roe": null,
            "roe_4q": 0,
            "gross_profit": null,
            "gross_margin": null,
            "gross_margin_4q_avg": 0,
            "net_income": null,
            "net_income_4q": null,
            "revenue": null,
            "revenue_4q": null,
            "common_shares": null,
            "book_valuer_per_share": null,
            "book_valuer_per_share_4q_avg": 0,
            "equity": null,
            "current_ratio": null,
            "debt_ratio": null,
            "inventory_turnover_ratio": null,
            "account_receivable_turnover_ratio": null,
            "reinvestment_rate": null,
            "research_to_sale_ratio": null,
            "price_fair": 0,
            "eps_avg_yearly": 0,
            "eps_latest_yearly": 0,
            "eps_growth_yearly": 0
        },
        "20074": {
            "year_quarter": 20074,
            "year": 2007,
            "quarter": 4,
            "eps": null,
            "eps_growth_year": null,
            "eps_4q": null,
            "eps_4q_growth_year": null,
            "roe": null,
            "roe_4q": 0,
            "gross_profit": null,
            "gross_margin": null,
            "gross_margin_4q_avg": 0,
            "net_income": null,
            "net_income_4q": null,
            "revenue": null,
            "revenue_4q": null,
            "common_shares": null,
            "book_valuer_per_share": null,
            "book_valuer_per_share_4q_avg": 0,
            "equity": null,
            "current_ratio": null,
            "debt_ratio": null,
            "inventory_turnover_ratio": null,
            "account_receivable_turnover_ratio": null,
            "reinvestment_rate": null,
            "research_to_sale_ratio": null,
            "price_fair": 0,
            "eps_avg_yearly": 0,
            "eps_latest_yearly": 0,
            "eps_growth_yearly": 0
        },
        "20081": {
            "year_quarter": 20081,
            "year": 2008,
            "quarter": 1,
            "eps": null,
            "eps_growth_year": null,
            "eps_4q": null,
            "eps_4q_growth_year": null,
            "roe": null,
            "roe_4q": 0,
            "gross_profit": null,
            "gross_margin": null,
            "gross_margin_4q_avg": 0,
            "net_income": null,
            "net_income_4q": null,
            "revenue": null,
            "revenue_4q": null,
            "common_shares": null,
            "book_valuer_per_share": null,
            "book_valuer_per_share_4q_avg": 0,
            "equity": null,
            "current_ratio": null,
            "debt_ratio": null,
            "inventory_turnover_ratio": null,
            "account_receivable_turnover_ratio": null,
            "reinvestment_rate": null,
            "research_to_sale_ratio": null,
            "price_fair": 0,
            "eps_avg_yearly": 0,
            "eps_latest_yearly": 0,
            "eps_growth_yearly": 0
        },
        "20082": {
            "year_quarter": 20082,
            "year": 2008,
            "quarter": 2,
            "eps": null,
            "eps_growth_year": null,
            "eps_4q": null,
            "eps_4q_growth_year": null,
            "roe": null,
            "roe_4q": 0,
            "gross_profit": null,
            "gross_margin": null,
            "gross_margin_4q_avg": 0,
            "net_income": null,
            "net_income_4q": null,
            "revenue": null,
            "revenue_4q": null,
            "common_shares": null,
            "book_valuer_per_share": null,
            "book_valuer_per_share_4q_avg": 0,
            "equity": null,
            "current_ratio": null,
            "debt_ratio": null,
            "inventory_turnover_ratio": null,
            "account_receivable_turnover_ratio": null,
            "reinvestment_rate": null,
            "research_to_sale_ratio": null,
            "price_fair": 0,
            "eps_avg_yearly": 0,
            "eps_latest_yearly": 0,
            "eps_growth_yearly": 0
        },
        "20083": {
            "year_quarter": 20083,
            "year": 2008,
            "quarter": 3,
            "eps": null,
            "eps_growth_year": null,
            "eps_4q": null,
            "eps_4q_growth_year": null,
            "roe": null,
            "roe_4q": 0,
            "gross_profit": null,
            "gross_margin": null,
            "gross_margin_4q_avg": 0,
            "net_income": null,
            "net_income_4q": null,
            "revenue": null,
            "revenue_4q": null,
            "common_shares": null,
            "book_valuer_per_share": null,
            "book_valuer_per_share_4q_avg": 0,
            "equity": null,
            "current_ratio": null,
            "debt_ratio": null,
            "inventory_turnover_ratio": null,
            "account_receivable_turnover_ratio": null,
            "reinvestment_rate": null,
            "research_to_sale_ratio": null,
            "price_fair": 0,
            "eps_avg_yearly": 0,
            "eps_latest_yearly": 0,
            "eps_growth_yearly": 0
        },
        "20084": {
            "year_quarter": 20084,
            "year": 2008,
            "quarter": 4,
            "eps": null,
            "eps_growth_year": null,
            "eps_4q": null,
            "eps_4q_growth_year": null,
            "roe": null,
            "roe_4q": 0,
            "gross_profit": null,
            "gross_margin": null,
            "gross_margin_4q_avg": 0,
            "net_income": null,
            "net_income_4q": null,
            "revenue": null,
            "revenue_4q": null,
            "common_shares": null,
            "book_valuer_per_share": null,
            "book_valuer_per_share_4q_avg": 0,
            "equity": null,
            "current_ratio": null,
            "debt_ratio": null,
            "inventory_turnover_ratio": null,
            "account_receivable_turnover_ratio": null,
            "reinvestment_rate": null,
            "research_to_sale_ratio": null,
            "price_fair": 0,
            "eps_avg_yearly": 0,
            "eps_latest_yearly": 0,
            "eps_growth_yearly": 0
        },
        "20091": {
            "year_quarter": 20091,
            "year": 2009,
            "quarter": 1,
            "eps": null,
            "eps_growth_year": null,
            "eps_4q": null,
            "eps_4q_growth_year": null,
            "roe": null,
            "roe_4q": 0,
            "gross_profit": null,
            "gross_margin": null,
            "gross_margin_4q_avg": 0,
            "net_income": null,
            "net_income_4q": null,
            "revenue": null,
            "revenue_4q": null,
            "common_shares": null,
            "book_valuer_per_share": null,
            "book_valuer_per_share_4q_avg": 0,
            "equity": null,
            "current_ratio": null,
            "debt_ratio": null,
            "inventory_turnover_ratio": null,
            "account_receivable_turnover_ratio": null,
            "reinvestment_rate": null,
            "research_to_sale_ratio": null,
            "price_fair": 0,
            "eps_avg_yearly": 0,
            "eps_latest_yearly": 0,
            "eps_growth_yearly": 0
        },
        "20092": {
            "year_quarter": 20092,
            "year": 2009,
            "quarter": 2,
            "eps": null,
            "eps_growth_year": null,
            "eps_4q": null,
            "eps_4q_growth_year": null,
            "roe": null,
            "roe_4q": 0,
            "gross_profit": null,
            "gross_margin": null,
            "gross_margin_4q_avg": 0,
            "net_income": null,
            "net_income_4q": null,
            "revenue": null,
            "revenue_4q": null,
            "common_shares": null,
            "book_valuer_per_share": null,
            "book_valuer_per_share_4q_avg": 0,
            "equity": null,
            "current_ratio": null,
            "debt_ratio": null,
            "inventory_turnover_ratio": null,
            "account_receivable_turnover_ratio": null,
            "reinvestment_rate": null,
            "research_to_sale_ratio": null,
            "price_fair": 0,
            "eps_avg_yearly": 0,
            "eps_latest_yearly": 0,
            "eps_growth_yearly": 0
        },
        "20093": {
            "year_quarter": 20093,
            "year": 2009,
            "quarter": 3,
            "eps": null,
            "eps_growth_year": null,
            "eps_4q": null,
            "eps_4q_growth_year": null,
            "roe": null,
            "roe_4q": 0,
            "gross_profit": null,
            "gross_margin": null,
            "gross_margin_4q_avg": 0,
            "net_income": null,
            "net_income_4q": null,
            "revenue": null,
            "revenue_4q": null,
            "common_shares": null,
            "book_valuer_per_share": null,
            "book_valuer_per_share_4q_avg": 0,
            "equity": null,
            "current_ratio": null,
            "debt_ratio": null,
            "inventory_turnover_ratio": null,
            "account_receivable_turnover_ratio": null,
            "reinvestment_rate": null,
            "research_to_sale_ratio": null,
            "price_fair": 0,
            "eps_avg_yearly": 0,
            "eps_latest_yearly": 0,
            "eps_growth_yearly": 0
        },
        "20094": {
            "year_quarter": 20094,
            "year": 2009,
            "quarter": 4,
            "eps": null,
            "eps_growth_year": null,
            "eps_4q": null,
            "eps_4q_growth_year": null,
            "roe": null,
            "roe_4q": 0,
            "gross_profit": null,
            "gross_margin": null,
            "gross_margin_4q_avg": 0,
            "net_income": null,
            "net_income_4q": null,
            "revenue": null,
            "revenue_4q": null,
            "common_shares": null,
            "book_valuer_per_share": null,
            "book_valuer_per_share_4q_avg": 0,
            "equity": null,
            "current_ratio": null,
            "debt_ratio": null,
            "inventory_turnover_ratio": null,
            "account_receivable_turnover_ratio": null,
            "reinvestment_rate": null,
            "research_to_sale_ratio": null,
            "price_fair": 0,
            "eps_avg_yearly": 0,
            "eps_latest_yearly": 0,
            "eps_growth_yearly": 0
        },
        "20101": {
            "year_quarter": 20101,
            "year": 2010,
            "quarter": 1,
            "eps": null,
            "eps_growth_year": null,
            "eps_4q": null,
            "eps_4q_growth_year": null,
            "roe": null,
            "roe_4q": 0,
            "gross_profit": null,
            "gross_margin": null,
            "gross_margin_4q_avg": 0,
            "net_income": null,
            "net_income_4q": null,
            "revenue": null,
            "revenue_4q": null,
            "common_shares": null,
            "book_valuer_per_share": null,
            "book_valuer_per_share_4q_avg": 0,
            "equity": null,
            "current_ratio": null,
            "debt_ratio": null,
            "inventory_turnover_ratio": null,
            "account_receivable_turnover_ratio": null,
            "reinvestment_rate": null,
            "research_to_sale_ratio": null,
            "price_fair": 0,
            "eps_avg_yearly": 0,
            "eps_latest_yearly": 0,
            "eps_growth_yearly": 0
        },
        "20102": {
            "year_quarter": 20102,
            "year": 2010,
            "quarter": 2,
            "eps": null,
            "eps_growth_year": null,
            "eps_4q": null,
            "eps_4q_growth_year": null,
            "roe": null,
            "roe_4q": 0,
            "gross_profit": null,
            "gross_margin": null,
            "gross_margin_4q_avg": 0,
            "net_income": null,
            "net_income_4q": null,
            "revenue": null,
            "revenue_4q": null,
            "common_shares": null,
            "book_valuer_per_share": null,
            "book_valuer_per_share_4q_avg": 0,
            "equity": null,
            "current_ratio": null,
            "debt_ratio": null,
            "inventory_turnover_ratio": null,
            "account_receivable_turnover_ratio": null,
            "reinvestment_rate": null,
            "research_to_sale_ratio": null,
            "price_fair": 0,
            "eps_avg_yearly": 0,
            "eps_latest_yearly": 0,
            "eps_growth_yearly": 0
        },
        "20103": {
            "year_quarter": 20103,
            "year": 2010,
            "quarter": 3,
            "eps": null,
            "eps_growth_year": null,
            "eps_4q": null,
            "eps_4q_growth_year": null,
            "roe": null,
            "roe_4q": 0,
            "gross_profit": null,
            "gross_margin": null,
            "gross_margin_4q_avg": 0,
            "net_income": null,
            "net_income_4q": null,
            "revenue": null,
            "revenue_4q": null,
            "common_shares": null,
            "book_valuer_per_share": null,
            "book_valuer_per_share_4q_avg": 0,
            "equity": null,
            "current_ratio": null,
            "debt_ratio": null,
            "inventory_turnover_ratio": null,
            "account_receivable_turnover_ratio": null,
            "reinvestment_rate": null,
            "research_to_sale_ratio": null,
            "price_fair": 0,
            "eps_avg_yearly": 0,
            "eps_latest_yearly": 0,
            "eps_growth_yearly": 0
        },
        "20104": {
            "year_quarter": 20104,
            "year": 2010,
            "quarter": 4,
            "eps": null,
            "eps_growth_year": null,
            "eps_4q": null,
            "eps_4q_growth_year": null,
            "roe": null,
            "roe_4q": 0,
            "gross_profit": null,
            "gross_margin": null,
            "gross_margin_4q_avg": 0,
            "net_income": null,
            "net_income_4q": null,
            "revenue": null,
            "revenue_4q": null,
            "common_shares": null,
            "book_valuer_per_share": null,
            "book_valuer_per_share_4q_avg": 0,
            "equity": null,
            "current_ratio": null,
            "debt_ratio": null,
            "inventory_turnover_ratio": null,
            "account_receivable_turnover_ratio": null,
            "reinvestment_rate": null,
            "research_to_sale_ratio": null,
            "price_fair": 0,
            "eps_avg_yearly": 0,
            "eps_latest_yearly": 0,
            "eps_growth_yearly": 0
        },
        "20111": {
            "year_quarter": 20111,
            "year": 2011,
            "quarter": 1,
            "eps": null,
            "eps_growth_year": null,
            "eps_4q": null,
            "eps_4q_growth_year": null,
            "roe": null,
            "roe_4q": 0,
            "gross_profit": null,
            "gross_margin": null,
            "gross_margin_4q_avg": 0,
            "net_income": null,
            "net_income_4q": null,
            "revenue": null,
            "revenue_4q": null,
            "common_shares": null,
            "book_valuer_per_share": null,
            "book_valuer_per_share_4q_avg": 0,
            "equity": null,
            "current_ratio": null,
            "debt_ratio": null,
            "inventory_turnover_ratio": null,
            "account_receivable_turnover_ratio": null,
            "reinvestment_rate": null,
            "research_to_sale_ratio": null,
            "price_fair": 0,
            "eps_avg_yearly": 0,
            "eps_latest_yearly": 0,
            "eps_growth_yearly": 0
        },
        "20112": {
            "year_quarter": 20112,
            "year": 2011,
            "quarter": 2,
            "eps": null,
            "eps_growth_year": null,
            "eps_4q": null,
            "eps_4q_growth_year": null,
            "roe": null,
            "roe_4q": 0,
            "gross_profit": null,
            "gross_margin": null,
            "gross_margin_4q_avg": 0,
            "net_income": null,
            "net_income_4q": null,
            "revenue": null,
            "revenue_4q": null,
            "common_shares": null,
            "book_valuer_per_share": null,
            "book_valuer_per_share_4q_avg": 0,
            "equity": null,
            "current_ratio": null,
            "debt_ratio": null,
            "inventory_turnover_ratio": null,
            "account_receivable_turnover_ratio": null,
            "reinvestment_rate": null,
            "research_to_sale_ratio": null,
            "price_fair": 0,
            "eps_avg_yearly": 0,
            "eps_latest_yearly": 0,
            "eps_growth_yearly": 0
        },
        "20113": {
            "year_quarter": 20113,
            "year": 2011,
            "quarter": 3,
            "eps": null,
            "eps_growth_year": null,
            "eps_4q": null,
            "eps_4q_growth_year": null,
            "roe": null,
            "roe_4q": 0,
            "gross_profit": null,
            "gross_margin": null,
            "gross_margin_4q_avg": 0,
            "net_income": null,
            "net_income_4q": null,
            "revenue": null,
            "revenue_4q": null,
            "common_shares": null,
            "book_valuer_per_share": null,
            "book_valuer_per_share_4q_avg": 0,
            "equity": null,
            "current_ratio": null,
            "debt_ratio": null,
            "inventory_turnover_ratio": null,
            "account_receivable_turnover_ratio": null,
            "reinvestment_rate": null,
            "research_to_sale_ratio": null,
            "price_fair": 0,
            "eps_avg_yearly": 0,
            "eps_latest_yearly": 0,
            "eps_growth_yearly": 0
        },
        "20114": {
            "year_quarter": 20114,
            "year": 2011,
            "quarter": 4,
            "eps": null,
            "eps_growth_year": null,
            "eps_4q": null,
            "eps_4q_growth_year": null,
            "roe": null,
            "roe_4q": 0,
            "gross_profit": null,
            "gross_margin": null,
            "gross_margin_4q_avg": 0,
            "net_income": null,
            "net_income_4q": null,
            "revenue": null,
            "revenue_4q": null,
            "common_shares": null,
            "book_valuer_per_share": null,
            "book_valuer_per_share_4q_avg": 0,
            "equity": null,
            "current_ratio": null,
            "debt_ratio": null,
            "inventory_turnover_ratio": null,
            "account_receivable_turnover_ratio": null,
            "reinvestment_rate": null,
            "research_to_sale_ratio": null,
            "price_fair": 0,
            "eps_avg_yearly": 0,
            "eps_latest_yearly": 0,
            "eps_growth_yearly": 0
        },
        "20121": {
            "year_quarter": 20121,
            "year": 2012,
            "quarter": 1,
            "eps": null,
            "eps_growth_year": null,
            "eps_4q": null,
            "eps_4q_growth_year": null,
            "roe": null,
            "roe_4q": 0,
            "gross_profit": null,
            "gross_margin": null,
            "gross_margin_4q_avg": 0,
            "net_income": null,
            "net_income_4q": null,
            "revenue": null,
            "revenue_4q": null,
            "common_shares": null,
            "book_valuer_per_share": null,
            "book_valuer_per_share_4q_avg": 0,
            "equity": null,
            "current_ratio": null,
            "debt_ratio": null,
            "inventory_turnover_ratio": null,
            "account_receivable_turnover_ratio": null,
            "reinvestment_rate": null,
            "research_to_sale_ratio": null,
            "price_fair": 0,
            "eps_avg_yearly": 0,
            "eps_latest_yearly": 0,
            "eps_growth_yearly": 0
        },
        "20122": {
            "year_quarter": 20122,
            "year": 2012,
            "quarter": 2,
            "eps": null,
            "eps_growth_year": null,
            "eps_4q": null,
            "eps_4q_growth_year": null,
            "roe": null,
            "roe_4q": 0,
            "gross_profit": null,
            "gross_margin": null,
            "gross_margin_4q_avg": 0,
            "net_income": null,
            "net_income_4q": null,
            "revenue": null,
            "revenue_4q": null,
            "common_shares": null,
            "book_valuer_per_share": null,
            "book_valuer_per_share_4q_avg": 0,
            "equity": null,
            "current_ratio": null,
            "debt_ratio": null,
            "inventory_turnover_ratio": null,
            "account_receivable_turnover_ratio": null,
            "reinvestment_rate": null,
            "research_to_sale_ratio": null,
            "price_fair": 0,
            "eps_avg_yearly": 0,
            "eps_latest_yearly": 0,
            "eps_growth_yearly": 0
        },
        "20123": {
            "year_quarter": 20123,
            "year": 2012,
            "quarter": 3,
            "eps": null,
            "eps_growth_year": null,
            "eps_4q": null,
            "eps_4q_growth_year": null,
            "roe": null,
            "roe_4q": 0,
            "gross_profit": null,
            "gross_margin": null,
            "gross_margin_4q_avg": 0,
            "net_income": null,
            "net_income_4q": null,
            "revenue": null,
            "revenue_4q": null,
            "common_shares": null,
            "book_valuer_per_share": null,
            "book_valuer_per_share_4q_avg": 0,
            "equity": null,
            "current_ratio": null,
            "debt_ratio": null,
            "inventory_turnover_ratio": null,
            "account_receivable_turnover_ratio": null,
            "reinvestment_rate": null,
            "research_to_sale_ratio": null,
            "price_fair": 0,
            "eps_avg_yearly": 0,
            "eps_latest_yearly": 0,
            "eps_growth_yearly": 0
        },
        "20124": {
            "year_quarter": 20124,
            "year": 2012,
            "quarter": 4,
            "eps": null,
            "eps_growth_year": null,
            "eps_4q": null,
            "eps_4q_growth_year": null,
            "roe": null,
            "roe_4q": 0,
            "gross_profit": null,
            "gross_margin": null,
            "gross_margin_4q_avg": 0,
            "net_income": null,
            "net_income_4q": null,
            "revenue": null,
            "revenue_4q": null,
            "common_shares": 180000,
            "book_valuer_per_share": 30,
            "book_valuer_per_share_4q_avg": 7.5,
            "equity": 539911,
            "current_ratio": 212.24,
            "debt_ratio": 44.21,
            "inventory_turnover_ratio": null,
            "account_receivable_turnover_ratio": null,
            "reinvestment_rate": null,
            "research_to_sale_ratio": null,
            "price_fair": 0,
            "eps_avg_yearly": 0,
            "eps_latest_yearly": 0,
            "eps_growth_yearly": 0
        },
        "20131": {
            "year_quarter": 20131,
            "year": 2013,
            "quarter": 1,
            "eps": null,
            "eps_growth_year": null,
            "eps_4q": null,
            "eps_4q_growth_year": null,
            "roe": null,
            "roe_4q": 0,
            "gross_profit": null,
            "gross_margin": null,
            "gross_margin_4q_avg": 0,
            "net_income": null,
            "net_income_4q": null,
            "revenue": null,
            "revenue_4q": null,
            "common_shares": null,
            "book_valuer_per_share": null,
            "book_valuer_per_share_4q_avg": 7.5,
            "equity": null,
            "current_ratio": null,
            "debt_ratio": null,
            "inventory_turnover_ratio": null,
            "account_receivable_turnover_ratio": null,
            "reinvestment_rate": null,
            "research_to_sale_ratio": null,
            "price_fair": 0,
            "eps_avg_yearly": 0,
            "eps_latest_yearly": 0,
            "eps_growth_yearly": 0
        },
        "20132": {
            "year_quarter": 20132,
            "year": 2013,
            "quarter": 2,
            "eps": null,
            "eps_growth_year": null,
            "eps_4q": null,
            "eps_4q_growth_year": null,
            "roe": null,
            "roe_4q": 0,
            "gross_profit": null,
            "gross_margin": null,
            "gross_margin_4q_avg": 0,
            "net_income": null,
            "net_income_4q": null,
            "revenue": null,
            "revenue_4q": null,
            "common_shares": null,
            "book_valuer_per_share": null,
            "book_valuer_per_share_4q_avg": 7.5,
            "equity": null,
            "current_ratio": null,
            "debt_ratio": null,
            "inventory_turnover_ratio": null,
            "account_receivable_turnover_ratio": null,
            "reinvestment_rate": null,
            "research_to_sale_ratio": null,
            "price_fair": 0,
            "eps_avg_yearly": 0,
            "eps_latest_yearly": 0,
            "eps_growth_yearly": 0
        },
        "20133": {
            "year_quarter": 20133,
            "year": 2013,
            "quarter": 3,
            "eps": null,
            "eps_growth_year": null,
            "eps_4q": null,
            "eps_4q_growth_year": null,
            "roe": null,
            "roe_4q": 0,
            "gross_profit": null,
            "gross_margin": null,
            "gross_margin_4q_avg": 0,
            "net_income": null,
            "net_income_4q": null,
            "revenue": null,
            "revenue_4q": null,
            "common_shares": null,
            "book_valuer_per_share": null,
            "book_valuer_per_share_4q_avg": 7.5,
            "equity": null,
            "current_ratio": null,
            "debt_ratio": null,
            "inventory_turnover_ratio": null,
            "account_receivable_turnover_ratio": null,
            "reinvestment_rate": null,
            "research_to_sale_ratio": null,
            "price_fair": 0,
            "eps_avg_yearly": 0,
            "eps_latest_yearly": 0,
            "eps_growth_yearly": 0
        },
        "20134": {
            "year_quarter": 20134,
            "year": 2013,
            "quarter": 4,
            "eps": null,
            "eps_growth_year": null,
            "eps_4q": null,
            "eps_4q_growth_year": null,
            "roe": null,
            "roe_4q": 0,
            "gross_profit": null,
            "gross_margin": null,
            "gross_margin_4q_avg": 0,
            "net_income": null,
            "net_income_4q": null,
            "revenue": null,
            "revenue_4q": null,
            "common_shares": null,
            "book_valuer_per_share": null,
            "book_valuer_per_share_4q_avg": 0,
            "equity": null,
            "current_ratio": null,
            "debt_ratio": null,
            "inventory_turnover_ratio": null,
            "account_receivable_turnover_ratio": null,
            "reinvestment_rate": null,
            "research_to_sale_ratio": null,
            "price_fair": 0,
            "eps_avg_yearly": 0,
            "eps_latest_yearly": 0,
            "eps_growth_yearly": 0
        },
        "20141": {
            "year_quarter": 20141,
            "year": 2014,
            "quarter": 1,
            "eps": null,
            "eps_growth_year": null,
            "eps_4q": null,
            "eps_4q_growth_year": null,
            "roe": null,
            "roe_4q": 0,
            "gross_profit": null,
            "gross_margin": null,
            "gross_margin_4q_avg": 0,
            "net_income": null,
            "net_income_4q": null,
            "revenue": null,
            "revenue_4q": null,
            "common_shares": null,
            "book_valuer_per_share": null,
            "book_valuer_per_share_4q_avg": 0,
            "equity": null,
            "current_ratio": null,
            "debt_ratio": null,
            "inventory_turnover_ratio": null,
            "account_receivable_turnover_ratio": null,
            "reinvestment_rate": null,
            "research_to_sale_ratio": null,
            "price_fair": 0,
            "eps_avg_yearly": 0,
            "eps_latest_yearly": 0,
            "eps_growth_yearly": 0
        },
        "20142": {
            "year_quarter": 20142,
            "year": 2014,
            "quarter": 2,
            "eps": null,
            "eps_growth_year": null,
            "eps_4q": null,
            "eps_4q_growth_year": null,
            "roe": null,
            "roe_4q": 0,
            "gross_profit": null,
            "gross_margin": null,
            "gross_margin_4q_avg": 0,
            "net_income": null,
            "net_income_4q": null,
            "revenue": null,
            "revenue_4q": null,
            "common_shares": 265000,
            "book_valuer_per_share": null,
            "book_valuer_per_share_4q_avg": 0,
            "equity": 818266,
            "current_ratio": null,
            "debt_ratio": null,
            "inventory_turnover_ratio": null,
            "account_receivable_turnover_ratio": null,
            "reinvestment_rate": null,
            "research_to_sale_ratio": null,
            "price_fair": 0,
            "eps_avg_yearly": 0,
            "eps_latest_yearly": 0,
            "eps_growth_yearly": 0
        },
        "20143": {
            "year_quarter": 20143,
            "year": 2014,
            "quarter": 3,
            "eps": null,
            "eps_growth_year": null,
            "eps_4q": null,
            "eps_4q_growth_year": null,
            "roe": null,
            "roe_4q": 0,
            "gross_profit": null,
            "gross_margin": null,
            "gross_margin_4q_avg": 0,
            "net_income": null,
            "net_income_4q": null,
            "revenue": null,
            "revenue_4q": null,
            "common_shares": null,
            "book_valuer_per_share": null,
            "book_valuer_per_share_4q_avg": 0,
            "equity": null,
            "current_ratio": null,
            "debt_ratio": null,
            "inventory_turnover_ratio": null,
            "account_receivable_turnover_ratio": null,
            "reinvestment_rate": null,
            "research_to_sale_ratio": null,
            "price_fair": 0,
            "eps_avg_yearly": 0,
            "eps_latest_yearly": 0,
            "eps_growth_yearly": 0
        },
        "20144": {
            "year_quarter": 20144,
            "year": 2014,
            "quarter": 4,
            "eps": null,
            "eps_growth_year": null,
            "eps_4q": null,
            "eps_4q_growth_year": null,
            "roe": null,
            "roe_4q": 0,
            "gross_profit": null,
            "gross_margin": null,
            "gross_margin_4q_avg": 0,
            "net_income": null,
            "net_income_4q": null,
            "revenue": null,
            "revenue_4q": null,
            "common_shares": 279000,
            "book_valuer_per_share": null,
            "book_valuer_per_share_4q_avg": 0,
            "equity": 1090889,
            "current_ratio": null,
            "debt_ratio": null,
            "inventory_turnover_ratio": null,
            "account_receivable_turnover_ratio": null,
            "reinvestment_rate": null,
            "research_to_sale_ratio": null,
            "price_fair": 0,
            "eps_avg_yearly": 0,
            "eps_latest_yearly": 0,
            "eps_growth_yearly": 0
        },
        "20151": {
            "year_quarter": 20151,
            "year": 2015,
            "quarter": 1,
            "eps": null,
            "eps_growth_year": null,
            "eps_4q": null,
            "eps_4q_growth_year": null,
            "roe": null,
            "roe_4q": 0,
            "gross_profit": 143020,
            "gross_margin": null,
            "gross_margin_4q_avg": 0,
            "net_income": 50577,
            "net_income_4q": null,
            "revenue": 317866,
            "revenue_4q": null,
            "common_shares": 279000,
            "book_valuer_per_share": null,
            "book_valuer_per_share_4q_avg": 0,
            "equity": 1136275,
            "current_ratio": null,
            "debt_ratio": null,
            "inventory_turnover_ratio": null,
            "account_receivable_turnover_ratio": null,
            "reinvestment_rate": null,
            "research_to_sale_ratio": null,
            "price_fair": 0,
            "eps_avg_yearly": 0,
            "eps_latest_yearly": 0,
            "eps_growth_yearly": 0
        },
        "20152": {
            "year_quarter": 20152,
            "year": 2015,
            "quarter": 2,
            "eps": null,
            "eps_growth_year": null,
            "eps_4q": null,
            "eps_4q_growth_year": null,
            "roe": null,
            "roe_4q": 0,
            "gross_profit": 148224,
            "gross_margin": null,
            "gross_margin_4q_avg": 0,
            "net_income": 38197,
            "net_income_4q": null,
            "revenue": 341907,
            "revenue_4q": null,
            "common_shares": 279000,
            "book_valuer_per_share": 38.54,
            "book_valuer_per_share_4q_avg": 9.64,
            "equity": 1075385,
            "current_ratio": 214.13,
            "debt_ratio": 35.59,
            "inventory_turnover_ratio": null,
            "account_receivable_turnover_ratio": null,
            "reinvestment_rate": null,
            "research_to_sale_ratio": null,
            "price_fair": 0,
            "eps_avg_yearly": 0,
            "eps_latest_yearly": 0,
            "eps_growth_yearly": 0
        },
        "20153": {
            "year_quarter": 20153,
            "year": 2015,
            "quarter": 3,
            "eps": null,
            "eps_growth_year": null,
            "eps_4q": null,
            "eps_4q_growth_year": null,
            "roe": null,
            "roe_4q": 0,
            "gross_profit": 142541,
            "gross_margin": null,
            "gross_margin_4q_avg": 0,
            "net_income": 50292,
            "net_income_4q": null,
            "revenue": 333857,
            "revenue_4q": null,
            "common_shares": 279000,
            "book_valuer_per_share": 40.92,
            "book_valuer_per_share_4q_avg": 19.87,
            "equity": 1141801,
            "current_ratio": 222.06,
            "debt_ratio": 33.68,
            "inventory_turnover_ratio": null,
            "account_receivable_turnover_ratio": null,
            "reinvestment_rate": null,
            "research_to_sale_ratio": null,
            "price_fair": 0,
            "eps_avg_yearly": 0,
            "eps_latest_yearly": 0,
            "eps_growth_yearly": 0
        },
        "20154": {
            "year_quarter": 20154,
            "year": 2015,
            "quarter": 4,
            "eps": null,
            "eps_growth_year": null,
            "eps_4q": null,
            "eps_4q_growth_year": null,
            "roe": null,
            "roe_4q": 0,
            "gross_profit": 207493,
            "gross_margin": null,
            "gross_margin_4q_avg": 0,
            "net_income": 94304,
            "net_income_4q": null,
            "revenue": 410553,
            "revenue_4q": null,
            "common_shares": 279000,
            "book_valuer_per_share": 43.62,
            "book_valuer_per_share_4q_avg": 30.77,
            "equity": 1217066,
            "current_ratio": 248.83,
            "debt_ratio": 33.15,
            "inventory_turnover_ratio": null,
            "account_receivable_turnover_ratio": null,
            "reinvestment_rate": null,
            "research_to_sale_ratio": null,
            "price_fair": 0,
            "eps_avg_yearly": 0,
            "eps_latest_yearly": 0,
            "eps_growth_yearly": 0
        },
        "20161": {
            "year_quarter": 20161,
            "year": 2016,
            "quarter": 1,
            "eps": 1.94,
            "eps_growth_year": null,
            "eps_4q": 1.94,
            "eps_4q_growth_year": null,
            "roe": 4.36,
            "roe_4q": 4.36,
            "gross_profit": 171396,
            "gross_margin": 48.35,
            "gross_margin_4q_avg": 12.09,
            "net_income": 54066,
            "net_income_4q": null,
            "revenue": 354472,
            "revenue_4q": null,
            "common_shares": 279000,
            "book_valuer_per_share": 45.36,
            "book_valuer_per_share_4q_avg": 42.11,
            "equity": 1265505,
            "current_ratio": 284.65,
            "debt_ratio": 29.97,
            "inventory_turnover_ratio": 1.79,
            "account_receivable_turnover_ratio": 0.51,
            "reinvestment_rate": null,
            "research_to_sale_ratio": 7.43,
            "price_fair": 0,
            "eps_avg_yearly": 0,
            "eps_latest_yearly": 0,
            "eps_growth_yearly": 0
        },
        "20162": {
            "year_quarter": 20162,
            "year": 2016,
            "quarter": 2,
            "eps": 1.21,
            "eps_growth_year": null,
            "eps_4q": 3.15,
            "eps_4q_growth_year": null,
            "roe": 2.78,
            "roe_4q": 7.140000000000001,
            "gross_profit": 154547,
            "gross_margin": 43.59,
            "gross_margin_4q_avg": 22.99,
            "net_income": 33824,
            "net_income_4q": null,
            "revenue": 354568,
            "revenue_4q": null,
            "common_shares": 279000,
            "book_valuer_per_share": 41.73,
            "book_valuer_per_share_4q_avg": 42.91,
            "equity": 1164361,
            "current_ratio": 223.19,
            "debt_ratio": 37.06,
            "inventory_turnover_ratio": 2.15,
            "account_receivable_turnover_ratio": 0.53,
            "reinvestment_rate": null,
            "research_to_sale_ratio": 7.15,
            "price_fair": 14.52,
            "eps_avg_yearly": 4.84,
            "eps_latest_yearly": 4.84,
            "eps_growth_yearly": -150.52
        },
        "20163": {
            "year_quarter": 20163,
            "year": 2016,
            "quarter": 3,
            "eps": 0.31,
            "eps_growth_year": null,
            "eps_4q": 3.46,
            "eps_4q_growth_year": null,
            "roe": 0.74,
            "roe_4q": 7.88,
            "gross_profit": 105181,
            "gross_margin": 38.4,
            "gross_margin_4q_avg": 32.59,
            "net_income": 8609,
            "net_income_4q": null,
            "revenue": 273901,
            "revenue_4q": null,
            "common_shares": 279000,
            "book_valuer_per_share": 41.32,
            "book_valuer_per_share_4q_avg": 43.01,
            "equity": 1152716,
            "current_ratio": 279.72,
            "debt_ratio": 29.59,
            "inventory_turnover_ratio": 1.98,
            "account_receivable_turnover_ratio": 0.48,
            "reinvestment_rate": null,
            "research_to_sale_ratio": 9.3,
            "price_fair": 9.12,
            "eps_avg_yearly": 3.04,
            "eps_latest_yearly": 1.24,
            "eps_growth_yearly": -224.02
        },
        "20164": {
            "year_quarter": 20164,
            "year": 2016,
            "quarter": 4,
            "eps": 1.12,
            "eps_growth_year": null,
            "eps_4q": 4.31,
            "eps_4q_growth_year": null,
            "roe": 2.68,
            "roe_4q": 10.559999999999999,
            "gross_profit": 121782,
            "gross_margin": 44.15,
            "gross_margin_4q_avg": 43.62,
            "net_income": 33998,
            "net_income_4q": null,
            "revenue": 275831,
            "revenue_4q": null,
            "common_shares": 303000,
            "book_valuer_per_share": 45.79,
            "book_valuer_per_share_4q_avg": 43.55,
            "equity": 1387407,
            "current_ratio": 437.73,
            "debt_ratio": 19.94,
            "inventory_turnover_ratio": 1.86,
            "account_receivable_turnover_ratio": 0.57,
            "reinvestment_rate": null,
            "research_to_sale_ratio": 8.3,
            "price_fair": 123.2,
            "eps_avg_yearly": 3.52,
            "eps_latest_yearly": 4.48,
            "eps_growth_yearly": 199.04
        },
        "20171": {
            "year_quarter": 20171,
            "year": 2017,
            "quarter": 1,
            "eps": 0.11,
            "eps_growth_year": -94.33,
            "eps_4q": 2.63,
            "eps_4q_growth_year": 35.68,
            "roe": 0.23,
            "roe_4q": 6.43,
            "gross_profit": 96135,
            "gross_margin": 36.61,
            "gross_margin_4q_avg": 40.69,
            "net_income": 3238,
            "net_income_4q": null,
            "revenue": 262623,
            "revenue_4q": null,
            "common_shares": 303000,
            "book_valuer_per_share": 45.26,
            "book_valuer_per_share_4q_avg": 43.53,
            "equity": 1371281,
            "current_ratio": 455.83,
            "debt_ratio": 19.45,
            "inventory_turnover_ratio": 2.13,
            "account_receivable_turnover_ratio": 0.55,
            "reinvestment_rate": null,
            "research_to_sale_ratio": 7.38,
            "price_fair": 96.25,
            "eps_avg_yearly": 2.75,
            "eps_latest_yearly": 0.44,
            "eps_growth_yearly": 59.1
        },
        "20172": {
            "year_quarter": 20172,
            "year": 2017,
            "quarter": 2,
            "eps": -0.07,
            "eps_growth_year": -105.79,
            "eps_4q": 1.44,
            "eps_4q_growth_year": -54.24,
            "roe": -0.17,
            "roe_4q": 3.4800000000000004,
            "gross_profit": 77273,
            "gross_margin": 33.56,
            "gross_margin_4q_avg": 38.18,
            "net_income": -2167,
            "net_income_4q": null,
            "revenue": 230277,
            "revenue_4q": null,
            "common_shares": 303000,
            "book_valuer_per_share": 41.2,
            "book_valuer_per_share_4q_avg": 43.39,
            "equity": 1248413,
            "current_ratio": 304.46,
            "debt_ratio": 26.74,
            "inventory_turnover_ratio": 2.29,
            "account_receivable_turnover_ratio": 0.48,
            "reinvestment_rate": null,
            "research_to_sale_ratio": 9.59,
            "price_fair": 96.25,
            "eps_avg_yearly": 2.75,
            "eps_latest_yearly": 0.44,
            "eps_growth_yearly": 59.1
        },
        "20173": {
            "year_quarter": 20173,
            "year": 2017,
            "quarter": 3,
            "eps": -0.33,
            "eps_growth_year": -206.45,
            "eps_4q": 0.83,
            "eps_4q_growth_year": -76.09,
            "roe": -0.8,
            "roe_4q": 1.94,
            "gross_profit": 64739,
            "gross_margin": 30.44,
            "gross_margin_4q_avg": 36.19,
            "net_income": -10009,
            "net_income_4q": null,
            "revenue": 212700,
            "revenue_4q": null,
            "common_shares": 303000,
            "book_valuer_per_share": 41.21,
            "book_valuer_per_share_4q_avg": 43.37,
            "equity": 1248767,
            "current_ratio": 347.67,
            "debt_ratio": 23.56,
            "inventory_turnover_ratio": 2.41,
            "account_receivable_turnover_ratio": 0.45,
            "reinvestment_rate": null,
            "research_to_sale_ratio": 11.01,
            "price_fair": 96.25,
            "eps_avg_yearly": 2.75,
            "eps_latest_yearly": 0.44,
            "eps_growth_yearly": 59.1
        },
        "20174": {
            "year_quarter": 20174,
            "year": 2017,
            "quarter": 4,
            "eps": -0.61,
            "eps_growth_year": -154.59,
            "eps_4q": -0.91,
            "eps_4q_growth_year": -121.07,
            "roe": -1.5,
            "roe_4q": -2.2399999999999998,
            "gross_profit": 56701,
            "gross_margin": 29.51,
            "gross_margin_4q_avg": 32.53,
            "net_income": -18558,
            "net_income_4q": null,
            "revenue": 192156,
            "revenue_4q": null,
            "common_shares": 303000,
            "book_valuer_per_share": 40.7,
            "book_valuer_per_share_4q_avg": 42.09,
            "equity": 1233102,
            "current_ratio": 301.89,
            "debt_ratio": 27.11,
            "inventory_turnover_ratio": 2.24,
            "account_receivable_turnover_ratio": 0.44,
            "reinvestment_rate": null,
            "research_to_sale_ratio": 12.29,
            "price_fair": 96.25,
            "eps_avg_yearly": 2.75,
            "eps_latest_yearly": 0.44,
            "eps_growth_yearly": 59.1
        },
        "20181": {
            "year_quarter": 20181,
            "year": 2018,
            "quarter": 1,
            "eps": -1.05,
            "eps_growth_year": -1054.55,
            "eps_4q": -2.06,
            "eps_4q_growth_year": -178.44,
            "roe": -2.57,
            "roe_4q": -5.04,
            "gross_profit": 52640,
            "gross_margin": 27.27,
            "gross_margin_4q_avg": 30.2,
            "net_income": -31762,
            "net_income_4q": null,
            "revenue": 193051,
            "revenue_4q": null,
            "common_shares": 303000,
            "book_valuer_per_share": 40.78,
            "book_valuer_per_share_4q_avg": 40.97,
            "equity": 1235699,
            "current_ratio": 349.96,
            "debt_ratio": 23.71,
            "inventory_turnover_ratio": 2.25,
            "account_receivable_turnover_ratio": 0.49,
            "reinvestment_rate": null,
            "research_to_sale_ratio": 11.82,
            "price_fair": 96.25,
            "eps_avg_yearly": 2.75,
            "eps_latest_yearly": 0.44,
            "eps_growth_yearly": 59.1
        },
        "20182": {
            "year_quarter": 20182,
            "year": 2018,
            "quarter": 2,
            "eps": -0.69,
            "eps_growth_year": null,
            "eps_4q": -2.68,
            "eps_4q_growth_year": -286.17,
            "roe": -1.74,
            "roe_4q": -6.609999999999999,
            "gross_profit": 57625,
            "gross_margin": 28.23,
            "gross_margin_4q_avg": 28.86,
            "net_income": -20987,
            "net_income_4q": null,
            "revenue": 204133,
            "revenue_4q": null,
            "common_shares": 303000,
            "book_valuer_per_share": 38.73,
            "book_valuer_per_share_4q_avg": 40.36,
            "equity": 1173573,
            "current_ratio": 286.26,
            "debt_ratio": 27.93,
            "inventory_turnover_ratio": 2.22,
            "account_receivable_turnover_ratio": 0.53,
            "reinvestment_rate": null,
            "research_to_sale_ratio": 10.51,
            "price_fair": 96.25,
            "eps_avg_yearly": 2.75,
            "eps_latest_yearly": 0.44,
            "eps_growth_yearly": 59.1
        },
        "20183": {
            "year_quarter": 20183,
            "year": 2018,
            "quarter": 3,
            "eps": 0.18,
            "eps_growth_year": null,
            "eps_4q": -2.17,
            "eps_4q_growth_year": -362.8,
            "roe": 0.47,
            "roe_4q": -5.34,
            "gross_profit": 61464,
            "gross_margin": 29.33,
            "gross_margin_4q_avg": 28.59,
            "net_income": 5450,
            "net_income_4q": null,
            "revenue": 209579,
            "revenue_4q": null,
            "common_shares": 303000,
            "book_valuer_per_share": 37.82,
            "book_valuer_per_share_4q_avg": 39.51,
            "equity": 1145826,
            "current_ratio": 270.13,
            "debt_ratio": 30.38,
            "inventory_turnover_ratio": 2.15,
            "account_receivable_turnover_ratio": 0.5,
            "reinvestment_rate": null,
            "research_to_sale_ratio": 11.63,
            "price_fair": 96.25,
            "eps_avg_yearly": 2.75,
            "eps_latest_yearly": 0.44,
            "eps_growth_yearly": 59.1
        },
        "20184": {
            "year_quarter": 20184,
            "year": 2018,
            "quarter": 4,
            "eps": 1.63,
            "eps_growth_year": null,
            "eps_4q": 0.07,
            "eps_4q_growth_year": null,
            "roe": 4.22,
            "roe_4q": 0.37999999999999945,
            "gross_profit": 116268,
            "gross_margin": 42.27,
            "gross_margin_4q_avg": 31.78,
            "net_income": 49341,
            "net_income_4q": null,
            "revenue": 275084,
            "revenue_4q": null,
            "common_shares": 303000,
            "book_valuer_per_share": 39.41,
            "book_valuer_per_share_4q_avg": 39.19,
            "equity": 1194124,
            "current_ratio": 321.15,
            "debt_ratio": 26.81,
            "inventory_turnover_ratio": 2.03,
            "account_receivable_turnover_ratio": 0.58,
            "reinvestment_rate": 12.53,
            "research_to_sale_ratio": 5.67,
            "price_fair": 122.64,
            "eps_avg_yearly": 3.5,
            "eps_latest_yearly": 6.52,
            "eps_growth_yearly": 691.73
        },
        "20191": {
            "year_quarter": 20191,
            "year": 2019,
            "quarter": 1,
            "eps": 1.31,
            "eps_growth_year": null,
            "eps_4q": 2.42,
            "eps_4q_growth_year": null,
            "roe": 3.24,
            "roe_4q": 6.1899999999999995,
            "gross_profit": 106801,
            "gross_margin": 39.88,
            "gross_margin_4q_avg": 34.93,
            "net_income": 39542,
            "net_income_4q": null,
            "revenue": 267835,
            "revenue_4q": null,
            "common_shares": 303000,
            "book_valuer_per_share": 41.24,
            "book_valuer_per_share_4q_avg": 39.3,
            "equity": 1249506,
            "current_ratio": 350.38,
            "debt_ratio": 27.1,
            "inventory_turnover_ratio": 1.79,
            "account_receivable_turnover_ratio": 0.49,
            "reinvestment_rate": -5.57,
            "research_to_sale_ratio": 5.5,
            "price_fair": 132.77,
            "eps_avg_yearly": 3.79,
            "eps_latest_yearly": 5.24,
            "eps_growth_yearly": 563.35
        },
        "20192": {
            "year_quarter": 20192,
            "year": 2019,
            "quarter": 2,
            "eps": 1.49,
            "eps_growth_year": null,
            "eps_4q": 4.61,
            "eps_4q_growth_year": null,
            "roe": 3.62,
            "roe_4q": 11.55,
            "gross_profit": 133683,
            "gross_margin": 43.54,
            "gross_margin_4q_avg": 38.76,
            "net_income": 45388,
            "net_income_4q": null,
            "revenue": 307067,
            "revenue_4q": null,
            "common_shares": 303000,
            "book_valuer_per_share": 41.44,
            "book_valuer_per_share_4q_avg": 39.98,
            "equity": 1255687,
            "current_ratio": 301.52,
            "debt_ratio": 30.84,
            "inventory_turnover_ratio": 1.89,
            "account_receivable_turnover_ratio": 0.51,
            "reinvestment_rate": -35.79,
            "research_to_sale_ratio": 5.75,
            "price_fair": 143.6,
            "eps_avg_yearly": 4.1,
            "eps_latest_yearly": 5.96,
            "eps_growth_yearly": 490.72
        },
        "20193": {
            "year_quarter": 20193,
            "year": 2019,
            "quarter": 3,
            "eps": 2.79,
            "eps_growth_year": 1450,
            "eps_4q": 7.21,
            "eps_4q_growth_year": null,
            "roe": 6.56,
            "roe_4q": 17.64,
            "gross_profit": 197138,
            "gross_margin": 48.56,
            "gross_margin_4q_avg": 43.56,
            "net_income": 84310,
            "net_income_4q": null,
            "revenue": 405979,
            "revenue_4q": null,
            "common_shares": 303000,
            "book_valuer_per_share": 43.41,
            "book_valuer_per_share_4q_avg": 41.38,
            "equity": 1315317,
            "current_ratio": 340.61,
            "debt_ratio": 29.38,
            "inventory_turnover_ratio": 2.31,
            "account_receivable_turnover_ratio": 0.6,
            "reinvestment_rate": -43.38,
            "research_to_sale_ratio": 4.94,
            "price_fair": 174.48,
            "eps_avg_yearly": 4.99,
            "eps_latest_yearly": 11.16,
            "eps_growth_yearly": 473.01
        },
        "20194": {
            "year_quarter": 20194,
            "year": 2019,
            "quarter": 4,
            "eps": 3.8,
            "eps_growth_year": 133.42,
            "eps_4q": 9.39,
            "eps_4q_growth_year": 13827.96,
            "roe": 8.43,
            "roe_4q": 21.85,
            "gross_profit": 268130,
            "gross_margin": 51.7,
            "gross_margin_4q_avg": 45.92,
            "net_income": 115170,
            "net_income_4q": null,
            "revenue": 518577,
            "revenue_4q": null,
            "common_shares": 303000,
            "book_valuer_per_share": 46.74,
            "book_valuer_per_share_4q_avg": 43.21,
            "equity": 1416290,
            "current_ratio": 331.64,
            "debt_ratio": 31.2,
            "inventory_turnover_ratio": 2.36,
            "account_receivable_turnover_ratio": 0.68,
            "reinvestment_rate": -43.41,
            "research_to_sale_ratio": 5.18,
            "price_fair": 214.2,
            "eps_avg_yearly": 6.12,
            "eps_latest_yearly": 15.2,
            "eps_growth_yearly": 436.54
        },
        "20201": {
            "year_quarter": 20201,
            "year": 2020,
            "quarter": 1,
            "eps": 4.42,
            "eps_growth_year": 237.4,
            "eps_4q": 12.5,
            "eps_4q_growth_year": 416.55,
            "roe": 9.31,
            "roe_4q": 27.92,
            "gross_profit": 277089,
            "gross_margin": 53.73,
            "gross_margin_4q_avg": 49.38,
            "net_income": 134000,
            "net_income_4q": null,
            "revenue": 515695,
            "revenue_4q": null,
            "common_shares": 303000,
            "book_valuer_per_share": 48.23,
            "book_valuer_per_share_4q_avg": 44.96,
            "equity": 1461461,
            "current_ratio": 317.25,
            "debt_ratio": 34.06,
            "inventory_turnover_ratio": 1.68,
            "account_receivable_turnover_ratio": 0.66,
            "reinvestment_rate": -39.93,
            "research_to_sale_ratio": 4.45,
            "price_fair": 254.66,
            "eps_avg_yearly": 7.28,
            "eps_latest_yearly": 17.68,
            "eps_growth_yearly": 399.41
        },
        "20202": {
            "year_quarter": 20202,
            "year": 2020,
            "quarter": 2,
            "eps": 3.2,
            "eps_growth_year": 114.77,
            "eps_4q": 11.56,
            "eps_4q_growth_year": 150.63,
            "roe": 6.46,
            "roe_4q": 30.759999999999998,
            "gross_profit": 235766,
            "gross_margin": 49.44,
            "gross_margin_4q_avg": 50.86,
            "net_income": 97240,
            "net_income_4q": null,
            "revenue": 476907,
            "revenue_4q": null,
            "common_shares": 303000,
            "book_valuer_per_share": 51.2,
            "book_valuer_per_share_4q_avg": 47.4,
            "equity": 1551312,
            "current_ratio": 357.16,
            "debt_ratio": 32.3,
            "inventory_turnover_ratio": 1.6,
            "account_receivable_turnover_ratio": 0.59,
            "reinvestment_rate": -37.25,
            "research_to_sale_ratio": 5.29,
            "price_fair": 282.52,
            "eps_avg_yearly": 8.07,
            "eps_latest_yearly": 12.8,
            "eps_growth_yearly": 403.42
        },
        "20203": {
            "year_quarter": 20203,
            "year": 2020,
            "quarter": 3,
            "eps": 3.33,
            "eps_growth_year": 19.35,
            "eps_4q": 12.63,
            "eps_4q_growth_year": 75.1,
            "roe": 7.67,
            "roe_4q": 31.869999999999997,
            "gross_profit": 271931,
            "gross_margin": 51.01,
            "gross_margin_4q_avg": 51.47,
            "net_income": 124351,
            "net_income_4q": null,
            "revenue": 533093,
            "revenue_4q": null,
            "common_shares": 372690,
            "book_valuer_per_share": 45.37,
            "book_valuer_per_share_4q_avg": 47.89,
            "equity": 1691076,
            "current_ratio": 390.72,
            "debt_ratio": 30.73,
            "inventory_turnover_ratio": 2.04,
            "account_receivable_turnover_ratio": 0.55,
            "reinvestment_rate": -26.06,
            "research_to_sale_ratio": 4.39,
            "price_fair": 324.8,
            "eps_avg_yearly": 9.28,
            "eps_latest_yearly": 13.32,
            "eps_growth_yearly": 434.8
        },
        "20204": {
            "year_quarter": 20204,
            "year": 2020,
            "quarter": 4,
            "eps": 1.98,
            "eps_growth_year": -48,
            "eps_4q": 11.52,
            "eps_4q_growth_year": 22.71,
            "roe": 4.24,
            "roe_4q": 27.68,
            "gross_profit": 195797,
            "gross_margin": 47.44,
            "gross_margin_4q_avg": 50.41,
            "net_income": 73664,
            "net_income_4q": null,
            "revenue": 412765,
            "revenue_4q": null,
            "common_shares": 372690,
            "book_valuer_per_share": 47.92,
            "book_valuer_per_share_4q_avg": 48.18,
            "equity": 1785845,
            "current_ratio": 468.75,
            "debt_ratio": 27.56,
            "inventory_turnover_ratio": 1.76,
            "account_receivable_turnover_ratio": 0.41,
            "reinvestment_rate": -25.27,
            "research_to_sale_ratio": 8.12,
            "price_fair": 336.84,
            "eps_avg_yearly": 9.62,
            "eps_latest_yearly": 7.92,
            "eps_growth_yearly": 314.07
        },
        "20211": {
            "year_quarter": 20211,
            "year": 2021,
            "quarter": 1,
            "eps": 1.52,
            "eps_growth_year": -65.61,
            "eps_4q": 9.44,
            "eps_4q_growth_year": -24.52,
            "roe": 3.36,
            "roe_4q": 21.73,
            "gross_profit": 159836,
            "gross_margin": 44.32,
            "gross_margin_4q_avg": 48.05,
            "net_income": 56502,
            "net_income_4q": null,
            "revenue": 360646,
            "revenue_4q": null,
            "common_shares": 372690,
            "book_valuer_per_share": 42.29,
            "book_valuer_per_share_4q_avg": 46.7,
            "equity": 1575939,
            "current_ratio": 294.27,
            "debt_ratio": 38.18,
            "inventory_turnover_ratio": 1.55,
            "account_receivable_turnover_ratio": 0.4,
            "reinvestment_rate": -22.9,
            "research_to_sale_ratio": 8.17,
            "price_fair": 356.58,
            "eps_avg_yearly": 10.19,
            "eps_latest_yearly": 6.08,
            "eps_growth_yearly": 340.85
        },
        "20212": {
            "year_quarter": 20212,
            "year": 2021,
            "quarter": 2,
            "eps": 0.77,
            "eps_growth_year": -75.94,
            "eps_4q": 7.6,
            "eps_4q_growth_year": -34.27,
            "roe": 1.8,
            "roe_4q": 17.07,
            "gross_profit": 117000,
            "gross_margin": 38.57,
            "gross_margin_4q_avg": 45.34,
            "net_income": 28582,
            "net_income_4q": null,
            "revenue": 303335,
            "revenue_4q": null,
            "common_shares": 372690,
            "book_valuer_per_share": 42.8,
            "book_valuer_per_share_4q_avg": 44.6,
            "equity": 1594987,
            "current_ratio": 303.83,
            "debt_ratio": 37.57,
            "inventory_turnover_ratio": 1.41,
            "account_receivable_turnover_ratio": 0.38,
            "reinvestment_rate": -22.68,
            "research_to_sale_ratio": 8.6,
            "price_fair": 333.96,
            "eps_avg_yearly": 9.54,
            "eps_latest_yearly": 3.08,
            "eps_growth_yearly": 291.92
        },
        "20213": {
            "year_quarter": 20213,
            "year": 2021,
            "quarter": 3,
            "eps": 0.9,
            "eps_growth_year": -72.97,
            "eps_4q": 5.16,
            "eps_4q_growth_year": -59.14,
            "roe": 2.09,
            "roe_4q": 11.49,
            "gross_profit": 141386,
            "gross_margin": 41.84,
            "gross_margin_4q_avg": 43.04,
            "net_income": 33619,
            "net_income_4q": null,
            "revenue": 337895,
            "revenue_4q": null,
            "common_shares": 372690,
            "book_valuer_per_share": 43.62,
            "book_valuer_per_share_4q_avg": 44.16,
            "equity": 1625489,
            "current_ratio": 423.81,
            "debt_ratio": 30.12,
            "inventory_turnover_ratio": 1.5,
            "account_receivable_turnover_ratio": 0.52,
            "reinvestment_rate": -26.22,
            "research_to_sale_ratio": 9.05,
            "price_fair": 316.63,
            "eps_avg_yearly": 9.05,
            "eps_latest_yearly": 3.6,
            "eps_growth_yearly": 273.22
        },
        "20214": {
            "year_quarter": 20214,
            "year": 2021,
            "quarter": 4,
            "eps": 0.95,
            "eps_growth_year": -52.09,
            "eps_4q": 4.13,
            "eps_4q_growth_year": -64.12,
            "roe": 2.14,
            "roe_4q": 9.39,
            "gross_profit": 121468,
            "gross_margin": 37.97,
            "gross_margin_4q_avg": 40.68,
            "net_income": 35296,
            "net_income_4q": null,
            "revenue": 319881,
            "revenue_4q": null,
            "common_shares": 372690,
            "book_valuer_per_share": 44.8,
            "book_valuer_per_share_4q_avg": 43.38,
            "equity": 1669536,
            "current_ratio": 417.47,
            "debt_ratio": 29.88,
            "inventory_turnover_ratio": 1.5,
            "account_receivable_turnover_ratio": 0.57,
            "reinvestment_rate": -21.87,
            "research_to_sale_ratio": 10.43,
            "price_fair": 302.51,
            "eps_avg_yearly": 8.64,
            "eps_latest_yearly": 3.8,
            "eps_growth_yearly": 253.91
        },
        "20221": {
            "year_quarter": 20221,
            "year": 2022,
            "quarter": 1,
            "eps": 1.29,
            "eps_growth_year": -15.13,
            "eps_4q": 3.91,
            "eps_4q_growth_year": -58.59,
            "roe": 2.9,
            "roe_4q": 8.93,
            "gross_profit": 132838,
            "gross_margin": 38.24,
            "gross_margin_4q_avg": 39.16,
            "net_income": 48173,
            "net_income_4q": null,
            "revenue": 347376,
            "revenue_4q": null,
            "common_shares": 372690,
            "book_valuer_per_share": 44.31,
            "book_valuer_per_share_4q_avg": 43.88,
            "equity": 1651317,
            "current_ratio": 220.81,
            "debt_ratio": 38.31,
            "inventory_turnover_ratio": 1.64,
            "account_receivable_turnover_ratio": 0.58,
            "reinvestment_rate": 33,
            "research_to_sale_ratio": 9.68,
            "price_fair": 293.8,
            "eps_avg_yearly": 8.39,
            "eps_latest_yearly": 5.16,
            "eps_growth_yearly": 246
        },
        "20222": {
            "year_quarter": 20222,
            "year": 2022,
            "quarter": 2,
            "eps": 1.08,
            "eps_growth_year": 40.26,
            "eps_4q": 4.22,
            "eps_4q_growth_year": -44.42,
            "roe": 2.42,
            "roe_4q": 9.55,
            "gross_profit": 143076,
            "gross_margin": 37.72,
            "gross_margin_4q_avg": 38.94,
            "net_income": 40262,
            "net_income_4q": null,
            "revenue": 379263,
            "revenue_4q": null,
            "common_shares": 372690,
            "book_valuer_per_share": 45.09,
            "book_valuer_per_share_4q_avg": 44.46,
            "equity": 1680407,
            "current_ratio": 224.74,
            "debt_ratio": 37.25,
            "inventory_turnover_ratio": 1.75,
            "account_receivable_turnover_ratio": 0.55,
            "reinvestment_rate": 31.24,
            "research_to_sale_ratio": 8.84,
            "price_fair": 284.29,
            "eps_avg_yearly": 8.12,
            "eps_latest_yearly": 4.32,
            "eps_growth_yearly": 225.26
        },
        "20223": {
            "year_quarter": 20223,
            "year": 2022,
            "quarter": 3,
            "eps": 1.32,
            "eps_growth_year": 46.67,
            "eps_4q": 4.64,
            "eps_4q_growth_year": -10.03,
            "roe": 2.89,
            "roe_4q": 10.350000000000001,
            "gross_profit": 151729,
            "gross_margin": 39,
            "gross_margin_4q_avg": 38.23,
            "net_income": 49350,
            "net_income_4q": null,
            "revenue": 389000,
            "revenue_4q": null,
            "common_shares": 372690,
            "book_valuer_per_share": 46.57,
            "book_valuer_per_share_4q_avg": 45.19,
            "equity": 1735435,
            "current_ratio": 258.16,
            "debt_ratio": 33.26,
            "inventory_turnover_ratio": 1.48,
            "account_receivable_turnover_ratio": 0.51,
            "reinvestment_rate": 32.73,
            "research_to_sale_ratio": 9.12,
            "price_fair": 278.08,
            "eps_avg_yearly": 7.95,
            "eps_latest_yearly": 5.28,
            "eps_growth_yearly": 216.74
        },
        "20224": {
            "year_quarter": 20224,
            "year": 2022,
            "quarter": 4,
            "eps": 0.85,
            "eps_growth_year": -9.81,
            "eps_4q": 4.46,
            "eps_4q_growth_year": 7.97,
            "roe": 1.87,
            "roe_4q": 10.08,
            "gross_profit": 136200,
            "gross_margin": 36.6,
            "gross_margin_4q_avg": 37.89,
            "net_income": 32624,
            "net_income_4q": null,
            "revenue": 372118,
            "revenue_4q": null,
            "common_shares": 381960,
            "book_valuer_per_share": 45.74,
            "book_valuer_per_share_4q_avg": 45.43,
            "equity": 1746970,
            "current_ratio": 278.33,
            "debt_ratio": 31.54,
            "inventory_turnover_ratio": 1.31,
            "account_receivable_turnover_ratio": 0.5,
            "reinvestment_rate": 34.69,
            "research_to_sale_ratio": 9.14,
            "price_fair": 127.46,
            "eps_avg_yearly": 7.75,
            "eps_latest_yearly": 3.4,
            "eps_growth_yearly": 6.45
        },
        "20231": {
            "year_quarter": 20231,
            "year": 2023,
            "quarter": 1,
            "eps": 1,
            "eps_growth_year": -22.48,
            "eps_4q": 4.17,
            "eps_4q_growth_year": 6.79,
            "roe": 2.17,
            "roe_4q": 9.35,
            "gross_profit": 152681,
            "gross_margin": 36.77,
            "gross_margin_4q_avg": 37.52,
            "net_income": 37083,
            "net_income_4q": null,
            "revenue": 415201,
            "revenue_4q": null,
            "common_shares": 381690,
            "book_valuer_per_share": 43.69,
            "book_valuer_per_share_4q_avg": 45.27,
            "equity": 1667755,
            "current_ratio": 243.63,
            "debt_ratio": 34.88,
            "inventory_turnover_ratio": 1.35,
            "account_receivable_turnover_ratio": 0.57,
            "reinvestment_rate": 35.44,
            "research_to_sale_ratio": 7.39,
            "price_fair": 197.69,
            "eps_avg_yearly": 7.67,
            "eps_latest_yearly": 4,
            "eps_growth_yearly": 15.77
        },
        "20232": {
            "year_quarter": 20232,
            "year": 2023,
            "quarter": 2,
            "eps": 1.82,
            "eps_growth_year": 68.52,
            "eps_4q": 4.89,
            "eps_4q_growth_year": 15.92,
            "roe": 4.02,
            "roe_4q": 10.95,
            "gross_profit": 196692,
            "gross_margin": 40.43,
            "gross_margin_4q_avg": 38.2,
            "net_income": 67926,
            "net_income_4q": null,
            "revenue": 486525,
            "revenue_4q": null,
            "common_shares": 382050,
            "book_valuer_per_share": 44.81,
            "book_valuer_per_share_4q_avg": 45.2,
            "equity": 1712061,
            "current_ratio": 260.47,
            "debt_ratio": 33.14,
            "inventory_turnover_ratio": 1.48,
            "account_receivable_turnover_ratio": 0.62,
            "reinvestment_rate": 37.5,
            "research_to_sale_ratio": 6.97,
            "price_fair": 271.43,
            "eps_avg_yearly": 7.76,
            "eps_latest_yearly": 7.28,
            "eps_growth_yearly": 32.83
        },
        "20233": {
            "year_quarter": 20233,
            "year": 2023,
            "quarter": 3,
            "eps": 3.49,
            "eps_growth_year": 164.39,
            "eps_4q": 7.01,
            "eps_4q_growth_year": 50.98,
            "roe": 7.27,
            "roe_4q": 15.329999999999998,
            "gross_profit": 286587,
            "gross_margin": 46.07,
            "gross_margin_4q_avg": 39.97,
            "net_income": 130124,
            "net_income_4q": null,
            "revenue": 622118,
            "revenue_4q": null,
            "common_shares": 381870,
            "book_valuer_per_share": 48.91,
            "book_valuer_per_share_4q_avg": 45.79,
            "equity": 1867692,
            "current_ratio": 270.32,
            "debt_ratio": 32.62,
            "inventory_turnover_ratio": 1.81,
            "account_receivable_turnover_ratio": 0.69,
            "reinvestment_rate": 42.07,
            "research_to_sale_ratio": 7.24,
            "price_fair": 277.55,
            "eps_avg_yearly": 7.93,
            "eps_latest_yearly": 13.96,
            "eps_growth_yearly": 33.96
        },
        "20234": {
            "year_quarter": 20234,
            "year": 2023,
            "quarter": 4,
            "eps": 2.74,
            "eps_growth_year": 220.28,
            "eps_4q": 8.9,
            "eps_4q_growth_year": 99.44,
            "roe": 5.45,
            "roe_4q": 18.909999999999997,
            "gross_profit": 290324,
            "gross_margin": 46.12,
            "gross_margin_4q_avg": 42.35,
            "net_income": 104380,
            "net_income_4q": null,
            "revenue": 629510,
            "revenue_4q": null,
            "common_shares": 381570,
            "book_valuer_per_share": 51.47,
            "book_valuer_per_share_4q_avg": 47.22,
            "equity": 1963843,
            "current_ratio": 283.52,
            "debt_ratio": 31.88,
            "inventory_turnover_ratio": 1.8,
            "account_receivable_turnover_ratio": 0.62,
            "reinvestment_rate": 44.96,
            "research_to_sale_ratio": 6.4,
            "price_fair": 226.39,
            "eps_avg_yearly": 7.67,
            "eps_latest_yearly": 10.96,
            "eps_growth_yearly": 19.54
        }
    },
    "months": {
        "2015-08": {
            "month": "2015-08",
            "price": "111.17",
            "revenue": 107360
        },
        "2015-09": {
            "month": "2015-09",
            "price": "110.79",
            "revenue": 111546
        },
        "2015-10": {
            "month": "2015-10",
            "price": "112.46",
            "revenue": 130959
        },
        "2015-11": {
            "month": "2015-11",
            "price": "115.79",
            "revenue": 135018
        },
        "2015-12": {
            "month": "2015-12",
            "price": "122.16",
            "revenue": 139566
        },
        "2016-01": {
            "month": "2016-01",
            "price": "110.94",
            "revenue": 132884
        },
        "2016-02": {
            "month": "2016-02",
            "price": "115.49",
            "revenue": 95908
        },
        "2016-03": {
            "month": "2016-03",
            "price": "124.58",
            "revenue": 125670
        },
        "2016-04": {
            "month": "2016-04",
            "price": "128.67",
            "revenue": 130729
        },
        "2016-05": {
            "month": "2016-05",
            "price": "131.17",
            "revenue": 113281
        },
        "2016-06": {
            "month": "2016-06",
            "price": "123.46",
            "revenue": 110347
        },
        "2016-07": {
            "month": "2016-07",
            "price": "119.31",
            "revenue": 91415
        },
        "2016-08": {
            "month": "2016-08",
            "price": "111.95",
            "revenue": 82597
        },
        "2016-09": {
            "month": "2016-09",
            "price": "107.09",
            "revenue": 86904
        },
        "2016-10": {
            "month": "2016-10",
            "price": "109.56",
            "revenue": 74620
        },
        "2016-11": {
            "month": "2016-11",
            "price": "68.15",
            "revenue": 97562
        },
        "2016-12": {
            "month": "2016-12",
            "price": "64.12",
            "revenue": 101519
        },
        "2017-01": {
            "month": "2017-01",
            "price": "62.46",
            "revenue": 104221
        },
        "2017-02": {
            "month": "2017-02",
            "price": "67.34",
            "revenue": 72598
        },
        "2017-03": {
            "month": "2017-03",
            "price": "64.57",
            "revenue": 83313
        },
        "2017-04": {
            "month": "2017-04",
            "price": "62.17",
            "revenue": 70699
        },
        "2017-05": {
            "month": "2017-05",
            "price": "57.60",
            "revenue": 79590
        },
        "2017-06": {
            "month": "2017-06",
            "price": "53.45",
            "revenue": 78665
        },
        "2017-07": {
            "month": "2017-07",
            "price": "50.26",
            "revenue": 74465
        },
        "2017-08": {
            "month": "2017-08",
            "price": "41.87",
            "revenue": 74406
        },
        "2017-09": {
            "month": "2017-09",
            "price": "39.88",
            "revenue": 65961
        },
        "2017-10": {
            "month": "2017-10",
            "price": "39.46",
            "revenue": 68754
        },
        "2017-11": {
            "month": "2017-11",
            "price": "37.98",
            "revenue": 62807
        },
        "2017-12": {
            "month": "2017-12",
            "price": "36.00",
            "revenue": 60957
        },
        "2018-01": {
            "month": "2018-01",
            "price": "35.36",
            "revenue": 72634
        },
        "2018-02": {
            "month": "2018-02",
            "price": "32.86",
            "revenue": 48934
        },
        "2018-03": {
            "month": "2018-03",
            "price": "31.47",
            "revenue": 71535
        },
        "2018-04": {
            "month": "2018-04",
            "price": "31.29",
            "revenue": 65617
        },
        "2018-05": {
            "month": "2018-05",
            "price": "30.04",
            "revenue": 73515
        },
        "2018-06": {
            "month": "2018-06",
            "price": "31.77",
            "revenue": 66117
        },
        "2018-07": {
            "month": "2018-07",
            "price": "31.89",
            "revenue": 65330
        },
        "2018-08": {
            "month": "2018-08",
            "price": "31.52",
            "revenue": 63991
        },
        "2018-09": {
            "month": "2018-09",
            "price": "30.54",
            "revenue": 82833
        },
        "2018-10": {
            "month": "2018-10",
            "price": "30.02",
            "revenue": 84645
        },
        "2018-11": {
            "month": "2018-11",
            "price": "30.22",
            "revenue": 95241
        },
        "2018-12": {
            "month": "2018-12",
            "price": "30.41",
            "revenue": 96136
        },
        "2019-01": {
            "month": "2019-01",
            "price": "33.17",
            "revenue": 118987
        },
        "2019-02": {
            "month": "2019-02",
            "price": "46.58",
            "revenue": 57953
        },
        "2019-03": {
            "month": "2019-03",
            "price": "50.04",
            "revenue": 91046
        },
        "2019-04": {
            "month": "2019-04",
            "price": "76.23",
            "revenue": 95741
        },
        "2019-05": {
            "month": "2019-05",
            "price": "68.81",
            "revenue": 102078
        },
        "2019-06": {
            "month": "2019-06",
            "price": "67.25",
            "revenue": 109022
        },
        "2019-07": {
            "month": "2019-07",
            "price": "64.23",
            "revenue": 123459
        },
        "2019-08": {
            "month": "2019-08",
            "price": "71.40",
            "revenue": 131722
        },
        "2019-09": {
            "month": "2019-09",
            "price": "84.15",
            "revenue": 153056
        },
        "2019-10": {
            "month": "2019-10",
            "price": "108.48",
            "revenue": 151681
        },
        "2019-11": {
            "month": "2019-11",
            "price": "161.45",
            "revenue": 176883
        },
        "2019-12": {
            "month": "2019-12",
            "price": "195.23",
            "revenue": 194967
        },
        "2020-01": {
            "month": "2020-01",
            "price": "220.10",
            "revenue": 182208
        },
        "2020-02": {
            "month": "2020-02",
            "price": "234.58",
            "revenue": 148424
        },
        "2020-03": {
            "month": "2020-03",
            "price": "273.45",
            "revenue": 184115
        },
        "2020-04": {
            "month": "2020-04",
            "price": "239.52",
            "revenue": 168365
        },
        "2020-05": {
            "month": "2020-05",
            "price": "260.98",
            "revenue": 156063
        },
        "2020-06": {
            "month": "2020-06",
            "price": "260.38",
            "revenue": 151528
        },
        "2020-07": {
            "month": "2020-07",
            "price": "228.09",
            "revenue": 169738
        },
        "2020-08": {
            "month": "2020-08",
            "price": "229.48",
            "revenue": 185235
        },
        "2020-09": {
            "month": "2020-09",
            "price": "256.89",
            "revenue": 179055
        },
        "2020-10": {
            "month": "2020-10",
            "price": "217.95",
            "revenue": 137323
        },
        "2020-11": {
            "month": "2020-11",
            "price": "197.83",
            "revenue": 144783
        },
        "2020-12": {
            "month": "2020-12",
            "price": "189.78",
            "revenue": 131536
        },
        "2021-01": {
            "month": "2021-01",
            "price": "171.70",
            "revenue": 141331
        },
        "2021-02": {
            "month": "2021-02",
            "price": "162.04",
            "revenue": 105949
        },
        "2021-03": {
            "month": "2021-03",
            "price": "159.25",
            "revenue": 113759
        },
        "2021-04": {
            "month": "2021-04",
            "price": "162.13",
            "revenue": 105104
        },
        "2021-05": {
            "month": "2021-05",
            "price": "119.52",
            "revenue": 95632
        },
        "2021-06": {
            "month": "2021-06",
            "price": "112.05",
            "revenue": 102236
        },
        "2021-07": {
            "month": "2021-07",
            "price": "113.27",
            "revenue": 88285
        },
        "2021-08": {
            "month": "2021-08",
            "price": "99.73",
            "revenue": 117135
        },
        "2021-09": {
            "month": "2021-09",
            "price": "81.30",
            "revenue": 133427
        },
        "2021-10": {
            "month": "2021-10",
            "price": "74.88",
            "revenue": 89734
        },
        "2021-11": {
            "month": "2021-11",
            "price": "74.32",
            "revenue": 119755
        },
        "2021-12": {
            "month": "2021-12",
            "price": "83.08",
            "revenue": 110479
        },
        "2022-01": {
            "month": "2022-01",
            "price": "96.77",
            "revenue": 134455
        },
        "2022-02": {
            "month": "2022-02",
            "price": "93.97",
            "revenue": 89572
        },
        "2022-03": {
            "month": "2022-03",
            "price": "89.63",
            "revenue": 128161
        },
        "2022-04": {
            "month": "2022-04",
            "price": "77.27",
            "revenue": 138915
        },
        "2022-05": {
            "month": "2022-05",
            "price": "84.19",
            "revenue": 119906
        },
        "2022-06": {
            "month": "2022-06",
            "price": "79.91",
            "revenue": 115574
        },
        "2022-07": {
            "month": "2022-07",
            "price": "71.66",
            "revenue": 129683
        },
        "2022-08": {
            "month": "2022-08",
            "price": "76.52",
            "revenue": 119165
        },
        "2022-09": {
            "month": "2022-09",
            "price": "79.74",
            "revenue": 141353
        },
        "2022-10": {
            "month": "2022-10",
            "price": "67.04",
            "revenue": 125246
        },
        "2022-11": {
            "month": "2022-11",
            "price": "70.40",
            "revenue": 121311
        },
        "2022-12": {
            "month": "2022-12",
            "price": "71.49",
            "revenue": 126203
        },
        "2023-01": {
            "month": "2023-01",
            "price": "70.52",
            "revenue": 139542
        },
        "2023-02": {
            "month": "2023-02",
            "price": "80.05",
            "revenue": 111635
        },
        "2023-03": {
            "month": "2023-03",
            "price": "82.65",
            "revenue": 163135
        },
        "2023-04": {
            "month": "2023-04",
            "price": "104.82",
            "revenue": 164267
        },
        "2023-05": {
            "month": "2023-05",
            "price": "108.68",
            "revenue": 156185
        },
        "2023-06": {
            "month": "2023-06",
            "price": "103.75",
            "revenue": 163888
        },
        "2023-07": {
            "month": "2023-07",
            "price": "143.95",
            "revenue": 198191
        },
        "2023-08": {
            "month": "2023-08",
            "price": "163.34",
            "revenue": 206610
        },
        "2023-09": {
            "month": "2023-09",
            "price": "168.52",
            "revenue": 220622
        },
        "2023-10": {
            "month": "2023-10",
            "price": "142.15",
            "revenue": 219203
        },
        "2023-11": {
            "month": "2023-11",
            "price": "150.25",
            "revenue": 211786
        },
        "2023-12": {
            "month": "2023-12",
            "price": "177.64",
            "revenue": 198290
        }
    }
}
