{
    "summary": {
        "stock_name": "隆中",
        "stock_id": "6542",
        "category": "文化創意",
        "main_business": "遊戲設計、研發及營運<br>遊戲授權",
        "website_url": "https://www.gamesparcs.com/",
        "ceo": "顧剛維",
        "pe_ratio": 23,
        "report_year_from": 2015,
        "report_year_to": 2023,
        "age": 8,
        "eps_negative_percentage": 31,
        "eps_growth_avg": {
            "last_all": -100,
            "last_2y": -100,
            "last_4y": -100,
            "last_8y": null,
            "last_12y": null,
            "last_16y": null,
            "last_20y": null,
            "at_2006_last_3y": null,
            "at_2007_last_3y": null,
            "at_2008_last_3y": null,
            "at_2009_last_3y": null,
            "at_2010_last_3y": null,
            "at_2011_last_3y": null,
            "at_2012_last_3y": null,
            "at_2013_last_3y": null,
            "at_2014_last_3y": null,
            "at_2015_last_3y": null,
            "at_2016_last_3y": null,
            "at_2017_last_3y": null,
            "at_2018_last_3y": null,
            "at_2019_last_3y": null,
            "at_2020_last_3y": -100,
            "at_2021_last_3y": -100,
            "at_2022_last_3y": -100,
            "at_2023_last_3y": -100,
            "at_2006_last_all": null,
            "at_2007_last_all": null,
            "at_2008_last_all": null,
            "at_2009_last_all": null,
            "at_2010_last_all": null,
            "at_2011_last_all": null,
            "at_2012_last_all": null,
            "at_2013_last_all": null,
            "at_2014_last_all": null,
            "at_2015_last_all": null,
            "at_2016_last_all": null,
            "at_2017_last_all": null,
            "at_2018_last_all": -100,
            "at_2019_last_all": -100,
            "at_2020_last_all": -100,
            "at_2021_last_all": -100,
            "at_2022_last_all": -100,
            "at_2023_last_all": -100
        },
        "latest_eps": 2.17,
        "latest_price": 50,
        "latest_roe": 13.83,
        "latest_gross_margin": 77.06,
        "latest_equity": 775275,
        "latest_revenue": 193531,
        "latest_gross_profit": 149138,
        "latest_net_income": 26254,
        "latest_debt_ratio": 15.01,
        "latest_current_ratio": 609.4,
        "latest_account_receivable_turnover_ratio": 2.23,
        "latest_inventory_turnover_ratio": 18.13,
        "latest_reinvestment_rate": null,
        "latest_research_to_sale_ratio": 19.94
    },
    "eps_dividends": {
        "2001": {
            "cash": 0,
            "stock": 0,
            "eps": 0
        },
        "2002": {
            "cash": 0,
            "stock": 0,
            "eps": 0
        },
        "2003": {
            "cash": 0,
            "stock": 0,
            "eps": 0
        },
        "2004": {
            "cash": 0,
            "stock": 0,
            "eps": 0
        },
        "2005": {
            "cash": 0,
            "stock": 0,
            "eps": 0
        },
        "2006": {
            "cash": 0,
            "stock": 0,
            "eps": 0
        },
        "2007": {
            "cash": 0,
            "stock": 0,
            "eps": 0
        },
        "2008": {
            "cash": 0,
            "stock": 0,
            "eps": 0
        },
        "2009": {
            "cash": 0,
            "stock": 0,
            "eps": 0
        },
        "2010": {
            "cash": 0,
            "stock": 0,
            "eps": 0
        },
        "2011": {
            "cash": 0,
            "stock": 0,
            "eps": 0
        },
        "2012": {
            "cash": 0,
            "stock": 0,
            "eps": 0
        },
        "2013": {
            "cash": 0,
            "stock": 0,
            "eps": 0
        },
        "2014": {
            "cash": 0,
            "stock": 0,
            "eps": 0
        },
        "2015": {
            "cash": 0,
            "stock": 0,
            "eps": 0
        },
        "2016": {
            "cash": 0,
            "stock": 1,
            "eps": 3.93
        },
        "2017": {
            "cash": 2,
            "stock": 1,
            "eps": -2.78
        },
        "2018": {
            "cash": 0,
            "stock": 0,
            "eps": 3.67
        },
        "2019": {
            "cash": 3,
            "stock": 0,
            "eps": -2.55
        },
        "2020": {
            "cash": 0,
            "stock": 0,
            "eps": 1.21
        },
        "2021": {
            "cash": 0,
            "stock": 0,
            "eps": -3.9
        },
        "2022": {
            "cash": 0,
            "stock": 0,
            "eps": 2.36
        },
        "2023": {
            "cash": 0,
            "stock": 0,
            "eps": 0.57
        }
    },
    "dividends": {
        "2015-12-01": {
            "cash": 0.03,
            "stock": 0.25
        },
        "2016-08-24": {
            "cash": 0.4,
            "stock": 1.47
        },
        "2017-08-11": {
            "cash": 2.37,
            "stock": 0.5
        },
        "2019-08-09": {
            "cash": 3,
            "stock": 0
        }
    },
    "prices": {
        "200101": "無",
        "200102": "無",
        "200103": "無",
        "200104": "無",
        "200105": "無",
        "200106": "無",
        "200107": "無",
        "200108": "無",
        "200109": "無",
        "200110": "無",
        "200111": "無",
        "200112": "無",
        "200201": "無",
        "200202": "無",
        "200203": "無",
        "200204": "無",
        "200205": "無",
        "200206": "無",
        "200207": "無",
        "200208": "無",
        "200209": "無",
        "200210": "無",
        "200211": "無",
        "200212": "無",
        "200301": "無",
        "200302": "無",
        "200303": "無",
        "200304": "無",
        "200305": "無",
        "200306": "無",
        "200307": "無",
        "200308": "無",
        "200309": "無",
        "200310": "無",
        "200311": "無",
        "200312": "無",
        "200401": "無",
        "200402": "無",
        "200403": "無",
        "200404": "無",
        "200405": "無",
        "200406": "無",
        "200407": "無",
        "200408": "無",
        "200409": "無",
        "200410": "無",
        "200411": "無",
        "200412": "無",
        "200501": "無",
        "200502": "無",
        "200503": "無",
        "200504": "無",
        "200505": "無",
        "200506": "無",
        "200507": "無",
        "200508": "無",
        "200509": "無",
        "200510": "無",
        "200511": "無",
        "200512": "無",
        "200601": "無",
        "200602": "無",
        "200603": "無",
        "200604": "無",
        "200605": "無",
        "200606": "無",
        "200607": "無",
        "200608": "無",
        "200609": "無",
        "200610": "無",
        "200611": "無",
        "200612": "無",
        "200701": "無",
        "200702": "無",
        "200703": "無",
        "200704": "無",
        "200705": "無",
        "200706": "無",
        "200707": "無",
        "200708": "無",
        "200709": "無",
        "200710": "無",
        "200711": "無",
        "200712": "無",
        "200801": "無",
        "200802": "無",
        "200803": "無",
        "200804": "無",
        "200805": "無",
        "200806": "無",
        "200807": "無",
        "200808": "無",
        "200809": "無",
        "200810": "無",
        "200811": "無",
        "200812": "無",
        "200901": "無",
        "200902": "無",
        "200903": "無",
        "200904": "無",
        "200905": "無",
        "200906": "無",
        "200907": "無",
        "200908": "無",
        "200909": "無",
        "200910": "無",
        "200911": "無",
        "200912": "無",
        "201001": "無",
        "201002": "無",
        "201003": "無",
        "201004": "無",
        "201005": "無",
        "201006": "無",
        "201007": "無",
        "201008": "無",
        "201009": "無",
        "201010": "無",
        "201011": "無",
        "201012": "無",
        "201101": "無",
        "201102": "無",
        "201103": "無",
        "201104": "無",
        "201105": "無",
        "201106": "無",
        "201107": "無",
        "201108": "無",
        "201109": "無",
        "201110": "無",
        "201111": "無",
        "201112": "無",
        "201201": "無",
        "201202": "無",
        "201203": "無",
        "201204": "無",
        "201205": "無",
        "201206": "無",
        "201207": "無",
        "201208": "無",
        "201209": "無",
        "201210": "無",
        "201211": "無",
        "201212": "無",
        "201301": "無",
        "201302": "無",
        "201303": "無",
        "201304": "無",
        "201305": "無",
        "201306": "無",
        "201307": "無",
        "201308": "無",
        "201309": "無",
        "201310": "無",
        "201311": "無",
        "201312": "無",
        "201401": "無",
        "201402": "無",
        "201403": "無",
        "201404": "無",
        "201405": "無",
        "201406": "無",
        "201407": "無",
        "201408": "無",
        "201409": "無",
        "201410": "無",
        "201411": "無",
        "201412": "無",
        "201501": "無",
        "201502": "無",
        "201503": "無",
        "201504": "無",
        "201505": "無",
        "201506": "121.98",
        "201507": "114.01",
        "201508": "105.69",
        "201509": "96.16",
        "201510": "95.13",
        "201511": "92.60",
        "201512": "89.23",
        "201601": "91.17",
        "201602": "90.18",
        "201603": "105.95",
        "201604": "119.93",
        "201605": "134.02",
        "201606": "169.64",
        "201607": "164.32",
        "201608": "137.96",
        "201609": "93.69",
        "201610": "85.26",
        "201611": "83.86",
        "201612": "94.26",
        "201701": "90.75",
        "201702": "90.56",
        "201703": "88.66",
        "201704": "83.74",
        "201705": "88.73",
        "201706": "89.56",
        "201707": "72.33",
        "201708": "58.16",
        "201709": "61.32",
        "201710": "58.01",
        "201711": "51.92",
        "201712": "44.80",
        "201801": "49.21",
        "201802": "41.00",
        "201803": "42.88",
        "201804": "46.54",
        "201805": "49.70",
        "201806": "49.32",
        "201807": "78.98",
        "201808": "79.64",
        "201809": "74.83",
        "201810": "72.23",
        "201811": "70.64",
        "201812": "67.08",
        "201901": "66.30",
        "201902": "69.17",
        "201903": "78.18",
        "201904": "84.69",
        "201905": "78.15",
        "201906": "76.02",
        "201907": "75.97",
        "201908": "75.99",
        "201909": "74.97",
        "201910": "74.82",
        "201911": "69.21",
        "201912": "65.07",
        "202001": "62.11",
        "202002": "54.75",
        "202003": "44.65",
        "202004": "48.73",
        "202005": "57.98",
        "202006": "56.94",
        "202007": "53.46",
        "202008": "53.30",
        "202009": "51.95",
        "202010": "51.61",
        "202011": "49.50",
        "202012": "50.50",
        "202101": "61.58",
        "202102": "71.68",
        "202103": "66.51",
        "202104": "63.08",
        "202105": "64.05",
        "202106": "75.19",
        "202107": "73.53",
        "202108": "69.96",
        "202109": "60.61",
        "202110": "60.22",
        "202111": "58.51",
        "202112": "55.73",
        "202201": "52.43",
        "202202": "49.04",
        "202203": "48.02",
        "202204": "47.29",
        "202205": "49.62",
        "202206": "58.88",
        "202207": "51.81",
        "202208": "50.24",
        "202209": "48.34",
        "202210": "44.42",
        "202211": "43.00",
        "202212": "47.25",
        "202301": "45.10",
        "202302": "43.91",
        "202303": "45.38",
        "202304": "45.12",
        "202305": "47.60"
    },
    "quarters": {
        "20011": {
            "year_quarter": 20011,
            "year": 2001,
            "quarter": 1,
            "eps": null,
            "eps_growth_year": null,
            "eps_4q": null,
            "eps_4q_growth_year": null,
            "roe": null,
            "gross_profit": null,
            "gross_margin": null,
            "net_income": null,
            "revenue": null,
            "common_shares": null,
            "equity": null,
            "current_ratio": null,
            "debt_ratio": null,
            "inventory_turnover_ratio": null,
            "account_receivable_turnover_ratio": null,
            "reinvestment_rate": null,
            "research_to_sale_ratio": null,
            "price_fair": 0,
            "eps_avg_yearly": 0,
            "eps_latest_yearly": 0,
            "eps_growth_yearly": 0
        },
        "20012": {
            "year_quarter": 20012,
            "year": 2001,
            "quarter": 2,
            "eps": null,
            "eps_growth_year": null,
            "eps_4q": null,
            "eps_4q_growth_year": null,
            "roe": null,
            "gross_profit": null,
            "gross_margin": null,
            "net_income": null,
            "revenue": null,
            "common_shares": null,
            "equity": null,
            "current_ratio": null,
            "debt_ratio": null,
            "inventory_turnover_ratio": null,
            "account_receivable_turnover_ratio": null,
            "reinvestment_rate": null,
            "research_to_sale_ratio": null,
            "price_fair": 0,
            "eps_avg_yearly": 0,
            "eps_latest_yearly": 0,
            "eps_growth_yearly": 0
        },
        "20013": {
            "year_quarter": 20013,
            "year": 2001,
            "quarter": 3,
            "eps": null,
            "eps_growth_year": null,
            "eps_4q": null,
            "eps_4q_growth_year": null,
            "roe": null,
            "gross_profit": null,
            "gross_margin": null,
            "net_income": null,
            "revenue": null,
            "common_shares": null,
            "equity": null,
            "current_ratio": null,
            "debt_ratio": null,
            "inventory_turnover_ratio": null,
            "account_receivable_turnover_ratio": null,
            "reinvestment_rate": null,
            "research_to_sale_ratio": null,
            "price_fair": 0,
            "eps_avg_yearly": 0,
            "eps_latest_yearly": 0,
            "eps_growth_yearly": 0
        },
        "20014": {
            "year_quarter": 20014,
            "year": 2001,
            "quarter": 4,
            "eps": null,
            "eps_growth_year": null,
            "eps_4q": null,
            "eps_4q_growth_year": null,
            "roe": null,
            "gross_profit": null,
            "gross_margin": null,
            "net_income": null,
            "revenue": null,
            "common_shares": null,
            "equity": null,
            "current_ratio": null,
            "debt_ratio": null,
            "inventory_turnover_ratio": null,
            "account_receivable_turnover_ratio": null,
            "reinvestment_rate": null,
            "research_to_sale_ratio": null,
            "price_fair": 0,
            "eps_avg_yearly": 0,
            "eps_latest_yearly": 0,
            "eps_growth_yearly": 0
        },
        "20021": {
            "year_quarter": 20021,
            "year": 2002,
            "quarter": 1,
            "eps": null,
            "eps_growth_year": null,
            "eps_4q": null,
            "eps_4q_growth_year": null,
            "roe": null,
            "gross_profit": null,
            "gross_margin": null,
            "net_income": null,
            "revenue": null,
            "common_shares": null,
            "equity": null,
            "current_ratio": null,
            "debt_ratio": null,
            "inventory_turnover_ratio": null,
            "account_receivable_turnover_ratio": null,
            "reinvestment_rate": null,
            "research_to_sale_ratio": null,
            "price_fair": 0,
            "eps_avg_yearly": 0,
            "eps_latest_yearly": 0,
            "eps_growth_yearly": 0
        },
        "20022": {
            "year_quarter": 20022,
            "year": 2002,
            "quarter": 2,
            "eps": null,
            "eps_growth_year": null,
            "eps_4q": null,
            "eps_4q_growth_year": null,
            "roe": null,
            "gross_profit": null,
            "gross_margin": null,
            "net_income": null,
            "revenue": null,
            "common_shares": null,
            "equity": null,
            "current_ratio": null,
            "debt_ratio": null,
            "inventory_turnover_ratio": null,
            "account_receivable_turnover_ratio": null,
            "reinvestment_rate": null,
            "research_to_sale_ratio": null,
            "price_fair": 0,
            "eps_avg_yearly": 0,
            "eps_latest_yearly": 0,
            "eps_growth_yearly": 0
        },
        "20023": {
            "year_quarter": 20023,
            "year": 2002,
            "quarter": 3,
            "eps": null,
            "eps_growth_year": null,
            "eps_4q": null,
            "eps_4q_growth_year": null,
            "roe": null,
            "gross_profit": null,
            "gross_margin": null,
            "net_income": null,
            "revenue": null,
            "common_shares": null,
            "equity": null,
            "current_ratio": null,
            "debt_ratio": null,
            "inventory_turnover_ratio": null,
            "account_receivable_turnover_ratio": null,
            "reinvestment_rate": null,
            "research_to_sale_ratio": null,
            "price_fair": 0,
            "eps_avg_yearly": 0,
            "eps_latest_yearly": 0,
            "eps_growth_yearly": 0
        },
        "20024": {
            "year_quarter": 20024,
            "year": 2002,
            "quarter": 4,
            "eps": null,
            "eps_growth_year": null,
            "eps_4q": null,
            "eps_4q_growth_year": null,
            "roe": null,
            "gross_profit": null,
            "gross_margin": null,
            "net_income": null,
            "revenue": null,
            "common_shares": null,
            "equity": null,
            "current_ratio": null,
            "debt_ratio": null,
            "inventory_turnover_ratio": null,
            "account_receivable_turnover_ratio": null,
            "reinvestment_rate": null,
            "research_to_sale_ratio": null,
            "price_fair": 0,
            "eps_avg_yearly": 0,
            "eps_latest_yearly": 0,
            "eps_growth_yearly": 0
        },
        "20031": {
            "year_quarter": 20031,
            "year": 2003,
            "quarter": 1,
            "eps": null,
            "eps_growth_year": null,
            "eps_4q": null,
            "eps_4q_growth_year": null,
            "roe": null,
            "gross_profit": null,
            "gross_margin": null,
            "net_income": null,
            "revenue": null,
            "common_shares": null,
            "equity": null,
            "current_ratio": null,
            "debt_ratio": null,
            "inventory_turnover_ratio": null,
            "account_receivable_turnover_ratio": null,
            "reinvestment_rate": null,
            "research_to_sale_ratio": null,
            "price_fair": 0,
            "eps_avg_yearly": 0,
            "eps_latest_yearly": 0,
            "eps_growth_yearly": 0
        },
        "20032": {
            "year_quarter": 20032,
            "year": 2003,
            "quarter": 2,
            "eps": null,
            "eps_growth_year": null,
            "eps_4q": null,
            "eps_4q_growth_year": null,
            "roe": null,
            "gross_profit": null,
            "gross_margin": null,
            "net_income": null,
            "revenue": null,
            "common_shares": null,
            "equity": null,
            "current_ratio": null,
            "debt_ratio": null,
            "inventory_turnover_ratio": null,
            "account_receivable_turnover_ratio": null,
            "reinvestment_rate": null,
            "research_to_sale_ratio": null,
            "price_fair": 0,
            "eps_avg_yearly": 0,
            "eps_latest_yearly": 0,
            "eps_growth_yearly": 0
        },
        "20033": {
            "year_quarter": 20033,
            "year": 2003,
            "quarter": 3,
            "eps": null,
            "eps_growth_year": null,
            "eps_4q": null,
            "eps_4q_growth_year": null,
            "roe": null,
            "gross_profit": null,
            "gross_margin": null,
            "net_income": null,
            "revenue": null,
            "common_shares": null,
            "equity": null,
            "current_ratio": null,
            "debt_ratio": null,
            "inventory_turnover_ratio": null,
            "account_receivable_turnover_ratio": null,
            "reinvestment_rate": null,
            "research_to_sale_ratio": null,
            "price_fair": 0,
            "eps_avg_yearly": 0,
            "eps_latest_yearly": 0,
            "eps_growth_yearly": 0
        },
        "20034": {
            "year_quarter": 20034,
            "year": 2003,
            "quarter": 4,
            "eps": null,
            "eps_growth_year": null,
            "eps_4q": null,
            "eps_4q_growth_year": null,
            "roe": null,
            "gross_profit": null,
            "gross_margin": null,
            "net_income": null,
            "revenue": null,
            "common_shares": null,
            "equity": null,
            "current_ratio": null,
            "debt_ratio": null,
            "inventory_turnover_ratio": null,
            "account_receivable_turnover_ratio": null,
            "reinvestment_rate": null,
            "research_to_sale_ratio": null,
            "price_fair": 0,
            "eps_avg_yearly": 0,
            "eps_latest_yearly": 0,
            "eps_growth_yearly": 0
        },
        "20041": {
            "year_quarter": 20041,
            "year": 2004,
            "quarter": 1,
            "eps": null,
            "eps_growth_year": null,
            "eps_4q": null,
            "eps_4q_growth_year": null,
            "roe": null,
            "gross_profit": null,
            "gross_margin": null,
            "net_income": null,
            "revenue": null,
            "common_shares": null,
            "equity": null,
            "current_ratio": null,
            "debt_ratio": null,
            "inventory_turnover_ratio": null,
            "account_receivable_turnover_ratio": null,
            "reinvestment_rate": null,
            "research_to_sale_ratio": null,
            "price_fair": 0,
            "eps_avg_yearly": 0,
            "eps_latest_yearly": 0,
            "eps_growth_yearly": 0
        },
        "20042": {
            "year_quarter": 20042,
            "year": 2004,
            "quarter": 2,
            "eps": null,
            "eps_growth_year": null,
            "eps_4q": null,
            "eps_4q_growth_year": null,
            "roe": null,
            "gross_profit": null,
            "gross_margin": null,
            "net_income": null,
            "revenue": null,
            "common_shares": null,
            "equity": null,
            "current_ratio": null,
            "debt_ratio": null,
            "inventory_turnover_ratio": null,
            "account_receivable_turnover_ratio": null,
            "reinvestment_rate": null,
            "research_to_sale_ratio": null,
            "price_fair": 0,
            "eps_avg_yearly": 0,
            "eps_latest_yearly": 0,
            "eps_growth_yearly": 0
        },
        "20043": {
            "year_quarter": 20043,
            "year": 2004,
            "quarter": 3,
            "eps": null,
            "eps_growth_year": null,
            "eps_4q": null,
            "eps_4q_growth_year": null,
            "roe": null,
            "gross_profit": null,
            "gross_margin": null,
            "net_income": null,
            "revenue": null,
            "common_shares": null,
            "equity": null,
            "current_ratio": null,
            "debt_ratio": null,
            "inventory_turnover_ratio": null,
            "account_receivable_turnover_ratio": null,
            "reinvestment_rate": null,
            "research_to_sale_ratio": null,
            "price_fair": 0,
            "eps_avg_yearly": 0,
            "eps_latest_yearly": 0,
            "eps_growth_yearly": 0
        },
        "20044": {
            "year_quarter": 20044,
            "year": 2004,
            "quarter": 4,
            "eps": null,
            "eps_growth_year": null,
            "eps_4q": null,
            "eps_4q_growth_year": null,
            "roe": null,
            "gross_profit": null,
            "gross_margin": null,
            "net_income": null,
            "revenue": null,
            "common_shares": null,
            "equity": null,
            "current_ratio": null,
            "debt_ratio": null,
            "inventory_turnover_ratio": null,
            "account_receivable_turnover_ratio": null,
            "reinvestment_rate": null,
            "research_to_sale_ratio": null,
            "price_fair": 0,
            "eps_avg_yearly": 0,
            "eps_latest_yearly": 0,
            "eps_growth_yearly": 0
        },
        "20051": {
            "year_quarter": 20051,
            "year": 2005,
            "quarter": 1,
            "eps": null,
            "eps_growth_year": null,
            "eps_4q": null,
            "eps_4q_growth_year": null,
            "roe": null,
            "gross_profit": null,
            "gross_margin": null,
            "net_income": null,
            "revenue": null,
            "common_shares": null,
            "equity": null,
            "current_ratio": null,
            "debt_ratio": null,
            "inventory_turnover_ratio": null,
            "account_receivable_turnover_ratio": null,
            "reinvestment_rate": null,
            "research_to_sale_ratio": null,
            "price_fair": 0,
            "eps_avg_yearly": 0,
            "eps_latest_yearly": 0,
            "eps_growth_yearly": 0
        },
        "20052": {
            "year_quarter": 20052,
            "year": 2005,
            "quarter": 2,
            "eps": null,
            "eps_growth_year": null,
            "eps_4q": null,
            "eps_4q_growth_year": null,
            "roe": null,
            "gross_profit": null,
            "gross_margin": null,
            "net_income": null,
            "revenue": null,
            "common_shares": null,
            "equity": null,
            "current_ratio": null,
            "debt_ratio": null,
            "inventory_turnover_ratio": null,
            "account_receivable_turnover_ratio": null,
            "reinvestment_rate": null,
            "research_to_sale_ratio": null,
            "price_fair": 0,
            "eps_avg_yearly": 0,
            "eps_latest_yearly": 0,
            "eps_growth_yearly": 0
        },
        "20053": {
            "year_quarter": 20053,
            "year": 2005,
            "quarter": 3,
            "eps": null,
            "eps_growth_year": null,
            "eps_4q": null,
            "eps_4q_growth_year": null,
            "roe": null,
            "gross_profit": null,
            "gross_margin": null,
            "net_income": null,
            "revenue": null,
            "common_shares": null,
            "equity": null,
            "current_ratio": null,
            "debt_ratio": null,
            "inventory_turnover_ratio": null,
            "account_receivable_turnover_ratio": null,
            "reinvestment_rate": null,
            "research_to_sale_ratio": null,
            "price_fair": 0,
            "eps_avg_yearly": 0,
            "eps_latest_yearly": 0,
            "eps_growth_yearly": 0
        },
        "20054": {
            "year_quarter": 20054,
            "year": 2005,
            "quarter": 4,
            "eps": null,
            "eps_growth_year": null,
            "eps_4q": null,
            "eps_4q_growth_year": null,
            "roe": null,
            "gross_profit": null,
            "gross_margin": null,
            "net_income": null,
            "revenue": null,
            "common_shares": null,
            "equity": null,
            "current_ratio": null,
            "debt_ratio": null,
            "inventory_turnover_ratio": null,
            "account_receivable_turnover_ratio": null,
            "reinvestment_rate": null,
            "research_to_sale_ratio": null,
            "price_fair": 0,
            "eps_avg_yearly": 0,
            "eps_latest_yearly": 0,
            "eps_growth_yearly": 0
        },
        "20061": {
            "year_quarter": 20061,
            "year": 2006,
            "quarter": 1,
            "eps": null,
            "eps_growth_year": null,
            "eps_4q": null,
            "eps_4q_growth_year": null,
            "roe": null,
            "gross_profit": null,
            "gross_margin": null,
            "net_income": null,
            "revenue": null,
            "common_shares": null,
            "equity": null,
            "current_ratio": null,
            "debt_ratio": null,
            "inventory_turnover_ratio": null,
            "account_receivable_turnover_ratio": null,
            "reinvestment_rate": null,
            "research_to_sale_ratio": null,
            "price_fair": 0,
            "eps_avg_yearly": 0,
            "eps_latest_yearly": 0,
            "eps_growth_yearly": 0
        },
        "20062": {
            "year_quarter": 20062,
            "year": 2006,
            "quarter": 2,
            "eps": null,
            "eps_growth_year": null,
            "eps_4q": null,
            "eps_4q_growth_year": null,
            "roe": null,
            "gross_profit": null,
            "gross_margin": null,
            "net_income": null,
            "revenue": null,
            "common_shares": null,
            "equity": null,
            "current_ratio": null,
            "debt_ratio": null,
            "inventory_turnover_ratio": null,
            "account_receivable_turnover_ratio": null,
            "reinvestment_rate": null,
            "research_to_sale_ratio": null,
            "price_fair": 0,
            "eps_avg_yearly": 0,
            "eps_latest_yearly": 0,
            "eps_growth_yearly": 0
        },
        "20063": {
            "year_quarter": 20063,
            "year": 2006,
            "quarter": 3,
            "eps": null,
            "eps_growth_year": null,
            "eps_4q": null,
            "eps_4q_growth_year": null,
            "roe": null,
            "gross_profit": null,
            "gross_margin": null,
            "net_income": null,
            "revenue": null,
            "common_shares": null,
            "equity": null,
            "current_ratio": null,
            "debt_ratio": null,
            "inventory_turnover_ratio": null,
            "account_receivable_turnover_ratio": null,
            "reinvestment_rate": null,
            "research_to_sale_ratio": null,
            "price_fair": 0,
            "eps_avg_yearly": 0,
            "eps_latest_yearly": 0,
            "eps_growth_yearly": 0
        },
        "20064": {
            "year_quarter": 20064,
            "year": 2006,
            "quarter": 4,
            "eps": null,
            "eps_growth_year": null,
            "eps_4q": null,
            "eps_4q_growth_year": null,
            "roe": null,
            "gross_profit": null,
            "gross_margin": null,
            "net_income": null,
            "revenue": null,
            "common_shares": null,
            "equity": null,
            "current_ratio": null,
            "debt_ratio": null,
            "inventory_turnover_ratio": null,
            "account_receivable_turnover_ratio": null,
            "reinvestment_rate": null,
            "research_to_sale_ratio": null,
            "price_fair": 0,
            "eps_avg_yearly": 0,
            "eps_latest_yearly": 0,
            "eps_growth_yearly": 0
        },
        "20071": {
            "year_quarter": 20071,
            "year": 2007,
            "quarter": 1,
            "eps": null,
            "eps_growth_year": null,
            "eps_4q": null,
            "eps_4q_growth_year": null,
            "roe": null,
            "gross_profit": null,
            "gross_margin": null,
            "net_income": null,
            "revenue": null,
            "common_shares": null,
            "equity": null,
            "current_ratio": null,
            "debt_ratio": null,
            "inventory_turnover_ratio": null,
            "account_receivable_turnover_ratio": null,
            "reinvestment_rate": null,
            "research_to_sale_ratio": null,
            "price_fair": 0,
            "eps_avg_yearly": 0,
            "eps_latest_yearly": 0,
            "eps_growth_yearly": 0
        },
        "20072": {
            "year_quarter": 20072,
            "year": 2007,
            "quarter": 2,
            "eps": null,
            "eps_growth_year": null,
            "eps_4q": null,
            "eps_4q_growth_year": null,
            "roe": null,
            "gross_profit": null,
            "gross_margin": null,
            "net_income": null,
            "revenue": null,
            "common_shares": null,
            "equity": null,
            "current_ratio": null,
            "debt_ratio": null,
            "inventory_turnover_ratio": null,
            "account_receivable_turnover_ratio": null,
            "reinvestment_rate": null,
            "research_to_sale_ratio": null,
            "price_fair": 0,
            "eps_avg_yearly": 0,
            "eps_latest_yearly": 0,
            "eps_growth_yearly": 0
        },
        "20073": {
            "year_quarter": 20073,
            "year": 2007,
            "quarter": 3,
            "eps": null,
            "eps_growth_year": null,
            "eps_4q": null,
            "eps_4q_growth_year": null,
            "roe": null,
            "gross_profit": null,
            "gross_margin": null,
            "net_income": null,
            "revenue": null,
            "common_shares": null,
            "equity": null,
            "current_ratio": null,
            "debt_ratio": null,
            "inventory_turnover_ratio": null,
            "account_receivable_turnover_ratio": null,
            "reinvestment_rate": null,
            "research_to_sale_ratio": null,
            "price_fair": 0,
            "eps_avg_yearly": 0,
            "eps_latest_yearly": 0,
            "eps_growth_yearly": 0
        },
        "20074": {
            "year_quarter": 20074,
            "year": 2007,
            "quarter": 4,
            "eps": null,
            "eps_growth_year": null,
            "eps_4q": null,
            "eps_4q_growth_year": null,
            "roe": null,
            "gross_profit": null,
            "gross_margin": null,
            "net_income": null,
            "revenue": null,
            "common_shares": null,
            "equity": null,
            "current_ratio": null,
            "debt_ratio": null,
            "inventory_turnover_ratio": null,
            "account_receivable_turnover_ratio": null,
            "reinvestment_rate": null,
            "research_to_sale_ratio": null,
            "price_fair": 0,
            "eps_avg_yearly": 0,
            "eps_latest_yearly": 0,
            "eps_growth_yearly": 0
        },
        "20081": {
            "year_quarter": 20081,
            "year": 2008,
            "quarter": 1,
            "eps": null,
            "eps_growth_year": null,
            "eps_4q": null,
            "eps_4q_growth_year": null,
            "roe": null,
            "gross_profit": null,
            "gross_margin": null,
            "net_income": null,
            "revenue": null,
            "common_shares": null,
            "equity": null,
            "current_ratio": null,
            "debt_ratio": null,
            "inventory_turnover_ratio": null,
            "account_receivable_turnover_ratio": null,
            "reinvestment_rate": null,
            "research_to_sale_ratio": null,
            "price_fair": 0,
            "eps_avg_yearly": 0,
            "eps_latest_yearly": 0,
            "eps_growth_yearly": 0
        },
        "20082": {
            "year_quarter": 20082,
            "year": 2008,
            "quarter": 2,
            "eps": null,
            "eps_growth_year": null,
            "eps_4q": null,
            "eps_4q_growth_year": null,
            "roe": null,
            "gross_profit": null,
            "gross_margin": null,
            "net_income": null,
            "revenue": null,
            "common_shares": null,
            "equity": null,
            "current_ratio": null,
            "debt_ratio": null,
            "inventory_turnover_ratio": null,
            "account_receivable_turnover_ratio": null,
            "reinvestment_rate": null,
            "research_to_sale_ratio": null,
            "price_fair": 0,
            "eps_avg_yearly": 0,
            "eps_latest_yearly": 0,
            "eps_growth_yearly": 0
        },
        "20083": {
            "year_quarter": 20083,
            "year": 2008,
            "quarter": 3,
            "eps": null,
            "eps_growth_year": null,
            "eps_4q": null,
            "eps_4q_growth_year": null,
            "roe": null,
            "gross_profit": null,
            "gross_margin": null,
            "net_income": null,
            "revenue": null,
            "common_shares": null,
            "equity": null,
            "current_ratio": null,
            "debt_ratio": null,
            "inventory_turnover_ratio": null,
            "account_receivable_turnover_ratio": null,
            "reinvestment_rate": null,
            "research_to_sale_ratio": null,
            "price_fair": 0,
            "eps_avg_yearly": 0,
            "eps_latest_yearly": 0,
            "eps_growth_yearly": 0
        },
        "20084": {
            "year_quarter": 20084,
            "year": 2008,
            "quarter": 4,
            "eps": null,
            "eps_growth_year": null,
            "eps_4q": null,
            "eps_4q_growth_year": null,
            "roe": null,
            "gross_profit": null,
            "gross_margin": null,
            "net_income": null,
            "revenue": null,
            "common_shares": null,
            "equity": null,
            "current_ratio": null,
            "debt_ratio": null,
            "inventory_turnover_ratio": null,
            "account_receivable_turnover_ratio": null,
            "reinvestment_rate": null,
            "research_to_sale_ratio": null,
            "price_fair": 0,
            "eps_avg_yearly": 0,
            "eps_latest_yearly": 0,
            "eps_growth_yearly": 0
        },
        "20091": {
            "year_quarter": 20091,
            "year": 2009,
            "quarter": 1,
            "eps": null,
            "eps_growth_year": null,
            "eps_4q": null,
            "eps_4q_growth_year": null,
            "roe": null,
            "gross_profit": null,
            "gross_margin": null,
            "net_income": null,
            "revenue": null,
            "common_shares": null,
            "equity": null,
            "current_ratio": null,
            "debt_ratio": null,
            "inventory_turnover_ratio": null,
            "account_receivable_turnover_ratio": null,
            "reinvestment_rate": null,
            "research_to_sale_ratio": null,
            "price_fair": 0,
            "eps_avg_yearly": 0,
            "eps_latest_yearly": 0,
            "eps_growth_yearly": 0
        },
        "20092": {
            "year_quarter": 20092,
            "year": 2009,
            "quarter": 2,
            "eps": null,
            "eps_growth_year": null,
            "eps_4q": null,
            "eps_4q_growth_year": null,
            "roe": null,
            "gross_profit": null,
            "gross_margin": null,
            "net_income": null,
            "revenue": null,
            "common_shares": null,
            "equity": null,
            "current_ratio": null,
            "debt_ratio": null,
            "inventory_turnover_ratio": null,
            "account_receivable_turnover_ratio": null,
            "reinvestment_rate": null,
            "research_to_sale_ratio": null,
            "price_fair": 0,
            "eps_avg_yearly": 0,
            "eps_latest_yearly": 0,
            "eps_growth_yearly": 0
        },
        "20093": {
            "year_quarter": 20093,
            "year": 2009,
            "quarter": 3,
            "eps": null,
            "eps_growth_year": null,
            "eps_4q": null,
            "eps_4q_growth_year": null,
            "roe": null,
            "gross_profit": null,
            "gross_margin": null,
            "net_income": null,
            "revenue": null,
            "common_shares": null,
            "equity": null,
            "current_ratio": null,
            "debt_ratio": null,
            "inventory_turnover_ratio": null,
            "account_receivable_turnover_ratio": null,
            "reinvestment_rate": null,
            "research_to_sale_ratio": null,
            "price_fair": 0,
            "eps_avg_yearly": 0,
            "eps_latest_yearly": 0,
            "eps_growth_yearly": 0
        },
        "20094": {
            "year_quarter": 20094,
            "year": 2009,
            "quarter": 4,
            "eps": null,
            "eps_growth_year": null,
            "eps_4q": null,
            "eps_4q_growth_year": null,
            "roe": null,
            "gross_profit": null,
            "gross_margin": null,
            "net_income": null,
            "revenue": null,
            "common_shares": null,
            "equity": null,
            "current_ratio": null,
            "debt_ratio": null,
            "inventory_turnover_ratio": null,
            "account_receivable_turnover_ratio": null,
            "reinvestment_rate": null,
            "research_to_sale_ratio": null,
            "price_fair": 0,
            "eps_avg_yearly": 0,
            "eps_latest_yearly": 0,
            "eps_growth_yearly": 0
        },
        "20101": {
            "year_quarter": 20101,
            "year": 2010,
            "quarter": 1,
            "eps": null,
            "eps_growth_year": null,
            "eps_4q": null,
            "eps_4q_growth_year": null,
            "roe": null,
            "gross_profit": null,
            "gross_margin": null,
            "net_income": null,
            "revenue": null,
            "common_shares": null,
            "equity": null,
            "current_ratio": null,
            "debt_ratio": null,
            "inventory_turnover_ratio": null,
            "account_receivable_turnover_ratio": null,
            "reinvestment_rate": null,
            "research_to_sale_ratio": null,
            "price_fair": 0,
            "eps_avg_yearly": 0,
            "eps_latest_yearly": 0,
            "eps_growth_yearly": 0
        },
        "20102": {
            "year_quarter": 20102,
            "year": 2010,
            "quarter": 2,
            "eps": null,
            "eps_growth_year": null,
            "eps_4q": null,
            "eps_4q_growth_year": null,
            "roe": null,
            "gross_profit": null,
            "gross_margin": null,
            "net_income": null,
            "revenue": null,
            "common_shares": null,
            "equity": null,
            "current_ratio": null,
            "debt_ratio": null,
            "inventory_turnover_ratio": null,
            "account_receivable_turnover_ratio": null,
            "reinvestment_rate": null,
            "research_to_sale_ratio": null,
            "price_fair": 0,
            "eps_avg_yearly": 0,
            "eps_latest_yearly": 0,
            "eps_growth_yearly": 0
        },
        "20103": {
            "year_quarter": 20103,
            "year": 2010,
            "quarter": 3,
            "eps": null,
            "eps_growth_year": null,
            "eps_4q": null,
            "eps_4q_growth_year": null,
            "roe": null,
            "gross_profit": null,
            "gross_margin": null,
            "net_income": null,
            "revenue": null,
            "common_shares": null,
            "equity": null,
            "current_ratio": null,
            "debt_ratio": null,
            "inventory_turnover_ratio": null,
            "account_receivable_turnover_ratio": null,
            "reinvestment_rate": null,
            "research_to_sale_ratio": null,
            "price_fair": 0,
            "eps_avg_yearly": 0,
            "eps_latest_yearly": 0,
            "eps_growth_yearly": 0
        },
        "20104": {
            "year_quarter": 20104,
            "year": 2010,
            "quarter": 4,
            "eps": null,
            "eps_growth_year": null,
            "eps_4q": null,
            "eps_4q_growth_year": null,
            "roe": null,
            "gross_profit": null,
            "gross_margin": null,
            "net_income": null,
            "revenue": null,
            "common_shares": null,
            "equity": null,
            "current_ratio": null,
            "debt_ratio": null,
            "inventory_turnover_ratio": null,
            "account_receivable_turnover_ratio": null,
            "reinvestment_rate": null,
            "research_to_sale_ratio": null,
            "price_fair": 0,
            "eps_avg_yearly": 0,
            "eps_latest_yearly": 0,
            "eps_growth_yearly": 0
        },
        "20111": {
            "year_quarter": 20111,
            "year": 2011,
            "quarter": 1,
            "eps": null,
            "eps_growth_year": null,
            "eps_4q": null,
            "eps_4q_growth_year": null,
            "roe": null,
            "gross_profit": null,
            "gross_margin": null,
            "net_income": null,
            "revenue": null,
            "common_shares": null,
            "equity": null,
            "current_ratio": null,
            "debt_ratio": null,
            "inventory_turnover_ratio": null,
            "account_receivable_turnover_ratio": null,
            "reinvestment_rate": null,
            "research_to_sale_ratio": null,
            "price_fair": 0,
            "eps_avg_yearly": 0,
            "eps_latest_yearly": 0,
            "eps_growth_yearly": 0
        },
        "20112": {
            "year_quarter": 20112,
            "year": 2011,
            "quarter": 2,
            "eps": null,
            "eps_growth_year": null,
            "eps_4q": null,
            "eps_4q_growth_year": null,
            "roe": null,
            "gross_profit": null,
            "gross_margin": null,
            "net_income": null,
            "revenue": null,
            "common_shares": null,
            "equity": null,
            "current_ratio": null,
            "debt_ratio": null,
            "inventory_turnover_ratio": null,
            "account_receivable_turnover_ratio": null,
            "reinvestment_rate": null,
            "research_to_sale_ratio": null,
            "price_fair": 0,
            "eps_avg_yearly": 0,
            "eps_latest_yearly": 0,
            "eps_growth_yearly": 0
        },
        "20113": {
            "year_quarter": 20113,
            "year": 2011,
            "quarter": 3,
            "eps": null,
            "eps_growth_year": null,
            "eps_4q": null,
            "eps_4q_growth_year": null,
            "roe": null,
            "gross_profit": null,
            "gross_margin": null,
            "net_income": null,
            "revenue": null,
            "common_shares": null,
            "equity": null,
            "current_ratio": null,
            "debt_ratio": null,
            "inventory_turnover_ratio": null,
            "account_receivable_turnover_ratio": null,
            "reinvestment_rate": null,
            "research_to_sale_ratio": null,
            "price_fair": 0,
            "eps_avg_yearly": 0,
            "eps_latest_yearly": 0,
            "eps_growth_yearly": 0
        },
        "20114": {
            "year_quarter": 20114,
            "year": 2011,
            "quarter": 4,
            "eps": null,
            "eps_growth_year": null,
            "eps_4q": null,
            "eps_4q_growth_year": null,
            "roe": null,
            "gross_profit": null,
            "gross_margin": null,
            "net_income": null,
            "revenue": null,
            "common_shares": null,
            "equity": null,
            "current_ratio": null,
            "debt_ratio": null,
            "inventory_turnover_ratio": null,
            "account_receivable_turnover_ratio": null,
            "reinvestment_rate": null,
            "research_to_sale_ratio": null,
            "price_fair": 0,
            "eps_avg_yearly": 0,
            "eps_latest_yearly": 0,
            "eps_growth_yearly": 0
        },
        "20121": {
            "year_quarter": 20121,
            "year": 2012,
            "quarter": 1,
            "eps": null,
            "eps_growth_year": null,
            "eps_4q": null,
            "eps_4q_growth_year": null,
            "roe": null,
            "gross_profit": null,
            "gross_margin": null,
            "net_income": null,
            "revenue": null,
            "common_shares": null,
            "equity": null,
            "current_ratio": null,
            "debt_ratio": null,
            "inventory_turnover_ratio": null,
            "account_receivable_turnover_ratio": null,
            "reinvestment_rate": null,
            "research_to_sale_ratio": null,
            "price_fair": 0,
            "eps_avg_yearly": 0,
            "eps_latest_yearly": 0,
            "eps_growth_yearly": 0
        },
        "20122": {
            "year_quarter": 20122,
            "year": 2012,
            "quarter": 2,
            "eps": null,
            "eps_growth_year": null,
            "eps_4q": null,
            "eps_4q_growth_year": null,
            "roe": null,
            "gross_profit": null,
            "gross_margin": null,
            "net_income": null,
            "revenue": null,
            "common_shares": null,
            "equity": null,
            "current_ratio": null,
            "debt_ratio": null,
            "inventory_turnover_ratio": null,
            "account_receivable_turnover_ratio": null,
            "reinvestment_rate": null,
            "research_to_sale_ratio": null,
            "price_fair": 0,
            "eps_avg_yearly": 0,
            "eps_latest_yearly": 0,
            "eps_growth_yearly": 0
        },
        "20123": {
            "year_quarter": 20123,
            "year": 2012,
            "quarter": 3,
            "eps": null,
            "eps_growth_year": null,
            "eps_4q": null,
            "eps_4q_growth_year": null,
            "roe": null,
            "gross_profit": null,
            "gross_margin": null,
            "net_income": null,
            "revenue": null,
            "common_shares": null,
            "equity": null,
            "current_ratio": null,
            "debt_ratio": null,
            "inventory_turnover_ratio": null,
            "account_receivable_turnover_ratio": null,
            "reinvestment_rate": null,
            "research_to_sale_ratio": null,
            "price_fair": 0,
            "eps_avg_yearly": 0,
            "eps_latest_yearly": 0,
            "eps_growth_yearly": 0
        },
        "20124": {
            "year_quarter": 20124,
            "year": 2012,
            "quarter": 4,
            "eps": null,
            "eps_growth_year": null,
            "eps_4q": null,
            "eps_4q_growth_year": null,
            "roe": null,
            "gross_profit": null,
            "gross_margin": null,
            "net_income": null,
            "revenue": null,
            "common_shares": 17500,
            "equity": 10209,
            "current_ratio": 129.93,
            "debt_ratio": 73.46,
            "inventory_turnover_ratio": null,
            "account_receivable_turnover_ratio": null,
            "reinvestment_rate": null,
            "research_to_sale_ratio": null,
            "price_fair": 0,
            "eps_avg_yearly": 0,
            "eps_latest_yearly": 0,
            "eps_growth_yearly": 0
        },
        "20131": {
            "year_quarter": 20131,
            "year": 2013,
            "quarter": 1,
            "eps": null,
            "eps_growth_year": null,
            "eps_4q": null,
            "eps_4q_growth_year": null,
            "roe": null,
            "gross_profit": null,
            "gross_margin": null,
            "net_income": null,
            "revenue": null,
            "common_shares": null,
            "equity": null,
            "current_ratio": null,
            "debt_ratio": null,
            "inventory_turnover_ratio": null,
            "account_receivable_turnover_ratio": null,
            "reinvestment_rate": null,
            "research_to_sale_ratio": null,
            "price_fair": 0,
            "eps_avg_yearly": 0,
            "eps_latest_yearly": 0,
            "eps_growth_yearly": 0
        },
        "20132": {
            "year_quarter": 20132,
            "year": 2013,
            "quarter": 2,
            "eps": null,
            "eps_growth_year": null,
            "eps_4q": null,
            "eps_4q_growth_year": null,
            "roe": null,
            "gross_profit": null,
            "gross_margin": null,
            "net_income": null,
            "revenue": null,
            "common_shares": null,
            "equity": null,
            "current_ratio": null,
            "debt_ratio": null,
            "inventory_turnover_ratio": null,
            "account_receivable_turnover_ratio": null,
            "reinvestment_rate": null,
            "research_to_sale_ratio": null,
            "price_fair": 0,
            "eps_avg_yearly": 0,
            "eps_latest_yearly": 0,
            "eps_growth_yearly": 0
        },
        "20133": {
            "year_quarter": 20133,
            "year": 2013,
            "quarter": 3,
            "eps": null,
            "eps_growth_year": null,
            "eps_4q": null,
            "eps_4q_growth_year": null,
            "roe": null,
            "gross_profit": null,
            "gross_margin": null,
            "net_income": null,
            "revenue": null,
            "common_shares": null,
            "equity": null,
            "current_ratio": null,
            "debt_ratio": null,
            "inventory_turnover_ratio": null,
            "account_receivable_turnover_ratio": null,
            "reinvestment_rate": null,
            "research_to_sale_ratio": null,
            "price_fair": 0,
            "eps_avg_yearly": 0,
            "eps_latest_yearly": 0,
            "eps_growth_yearly": 0
        },
        "20134": {
            "year_quarter": 20134,
            "year": 2013,
            "quarter": 4,
            "eps": null,
            "eps_growth_year": null,
            "eps_4q": null,
            "eps_4q_growth_year": null,
            "roe": null,
            "gross_profit": null,
            "gross_margin": null,
            "net_income": null,
            "revenue": null,
            "common_shares": null,
            "equity": null,
            "current_ratio": null,
            "debt_ratio": null,
            "inventory_turnover_ratio": null,
            "account_receivable_turnover_ratio": null,
            "reinvestment_rate": null,
            "research_to_sale_ratio": null,
            "price_fair": 0,
            "eps_avg_yearly": 0,
            "eps_latest_yearly": 0,
            "eps_growth_yearly": 0
        },
        "20141": {
            "year_quarter": 20141,
            "year": 2014,
            "quarter": 1,
            "eps": null,
            "eps_growth_year": null,
            "eps_4q": null,
            "eps_4q_growth_year": null,
            "roe": null,
            "gross_profit": null,
            "gross_margin": null,
            "net_income": null,
            "revenue": null,
            "common_shares": null,
            "equity": null,
            "current_ratio": null,
            "debt_ratio": null,
            "inventory_turnover_ratio": null,
            "account_receivable_turnover_ratio": null,
            "reinvestment_rate": null,
            "research_to_sale_ratio": null,
            "price_fair": 0,
            "eps_avg_yearly": 0,
            "eps_latest_yearly": 0,
            "eps_growth_yearly": 0
        },
        "20142": {
            "year_quarter": 20142,
            "year": 2014,
            "quarter": 2,
            "eps": null,
            "eps_growth_year": null,
            "eps_4q": null,
            "eps_4q_growth_year": null,
            "roe": null,
            "gross_profit": null,
            "gross_margin": null,
            "net_income": null,
            "revenue": null,
            "common_shares": 32500,
            "equity": 21672,
            "current_ratio": null,
            "debt_ratio": null,
            "inventory_turnover_ratio": null,
            "account_receivable_turnover_ratio": null,
            "reinvestment_rate": null,
            "research_to_sale_ratio": null,
            "price_fair": 0,
            "eps_avg_yearly": 0,
            "eps_latest_yearly": 0,
            "eps_growth_yearly": 0
        },
        "20143": {
            "year_quarter": 20143,
            "year": 2014,
            "quarter": 3,
            "eps": null,
            "eps_growth_year": null,
            "eps_4q": null,
            "eps_4q_growth_year": null,
            "roe": null,
            "gross_profit": null,
            "gross_margin": null,
            "net_income": null,
            "revenue": null,
            "common_shares": null,
            "equity": null,
            "current_ratio": null,
            "debt_ratio": null,
            "inventory_turnover_ratio": null,
            "account_receivable_turnover_ratio": null,
            "reinvestment_rate": null,
            "research_to_sale_ratio": null,
            "price_fair": 0,
            "eps_avg_yearly": 0,
            "eps_latest_yearly": 0,
            "eps_growth_yearly": 0
        },
        "20144": {
            "year_quarter": 20144,
            "year": 2014,
            "quarter": 4,
            "eps": null,
            "eps_growth_year": null,
            "eps_4q": null,
            "eps_4q_growth_year": null,
            "roe": null,
            "gross_profit": null,
            "gross_margin": null,
            "net_income": null,
            "revenue": null,
            "common_shares": 77500,
            "equity": 229044,
            "current_ratio": null,
            "debt_ratio": null,
            "inventory_turnover_ratio": null,
            "account_receivable_turnover_ratio": null,
            "reinvestment_rate": null,
            "research_to_sale_ratio": null,
            "price_fair": 0,
            "eps_avg_yearly": 0,
            "eps_latest_yearly": 0,
            "eps_growth_yearly": 0
        },
        "20151": {
            "year_quarter": 20151,
            "year": 2015,
            "quarter": 1,
            "eps": null,
            "eps_growth_year": null,
            "eps_4q": null,
            "eps_4q_growth_year": null,
            "roe": null,
            "gross_profit": 185786,
            "gross_margin": null,
            "net_income": 26312,
            "revenue": 461237,
            "common_shares": 104870,
            "equity": 368950,
            "current_ratio": null,
            "debt_ratio": null,
            "inventory_turnover_ratio": null,
            "account_receivable_turnover_ratio": null,
            "reinvestment_rate": null,
            "research_to_sale_ratio": null,
            "price_fair": 0,
            "eps_avg_yearly": 0,
            "eps_latest_yearly": 0,
            "eps_growth_yearly": 0
        },
        "20152": {
            "year_quarter": 20152,
            "year": 2015,
            "quarter": 2,
            "eps": null,
            "eps_growth_year": null,
            "eps_4q": null,
            "eps_4q_growth_year": null,
            "roe": null,
            "gross_profit": 158562,
            "gross_margin": null,
            "net_income": -78171,
            "revenue": 391213,
            "common_shares": 220000,
            "equity": 299225,
            "current_ratio": 126.11,
            "debt_ratio": 56.53,
            "inventory_turnover_ratio": null,
            "account_receivable_turnover_ratio": null,
            "reinvestment_rate": null,
            "research_to_sale_ratio": null,
            "price_fair": 0,
            "eps_avg_yearly": 0,
            "eps_latest_yearly": 0,
            "eps_growth_yearly": 0
        },
        "20153": {
            "year_quarter": 20153,
            "year": 2015,
            "quarter": 3,
            "eps": null,
            "eps_growth_year": null,
            "eps_4q": null,
            "eps_4q_growth_year": null,
            "roe": null,
            "gross_profit": 202604,
            "gross_margin": null,
            "net_income": 54648,
            "revenue": 473418,
            "common_shares": 220000,
            "equity": 350201,
            "current_ratio": 138.82,
            "debt_ratio": 54.96,
            "inventory_turnover_ratio": null,
            "account_receivable_turnover_ratio": null,
            "reinvestment_rate": null,
            "research_to_sale_ratio": null,
            "price_fair": 0,
            "eps_avg_yearly": 0,
            "eps_latest_yearly": 0,
            "eps_growth_yearly": 0
        },
        "20154": {
            "year_quarter": 20154,
            "year": 2015,
            "quarter": 4,
            "eps": null,
            "eps_growth_year": null,
            "eps_4q": null,
            "eps_4q_growth_year": null,
            "roe": null,
            "gross_profit": 204525,
            "gross_margin": null,
            "net_income": 55447,
            "revenue": 514972,
            "common_shares": 225400,
            "equity": 405033,
            "current_ratio": 150.41,
            "debt_ratio": 53.23,
            "inventory_turnover_ratio": null,
            "account_receivable_turnover_ratio": null,
            "reinvestment_rate": null,
            "research_to_sale_ratio": null,
            "price_fair": 0,
            "eps_avg_yearly": 0,
            "eps_latest_yearly": 0,
            "eps_growth_yearly": 0
        },
        "20161": {
            "year_quarter": 20161,
            "year": 2016,
            "quarter": 1,
            "eps": 2.05,
            "eps_growth_year": null,
            "eps_4q": 2.05,
            "eps_4q_growth_year": null,
            "roe": 10.81,
            "gross_profit": 358770,
            "gross_margin": 46,
            "net_income": 46266,
            "revenue": 779914,
            "common_shares": 225400,
            "equity": 451212,
            "current_ratio": 153.36,
            "debt_ratio": 51.28,
            "inventory_turnover_ratio": null,
            "account_receivable_turnover_ratio": 3.17,
            "reinvestment_rate": null,
            "research_to_sale_ratio": 2.15,
            "price_fair": 0,
            "eps_avg_yearly": 0,
            "eps_latest_yearly": 0,
            "eps_growth_yearly": 0
        },
        "20162": {
            "year_quarter": 20162,
            "year": 2016,
            "quarter": 2,
            "eps": 1.12,
            "eps_growth_year": null,
            "eps_4q": 2.91,
            "eps_4q_growth_year": null,
            "roe": 6.29,
            "gross_profit": 346774,
            "gross_margin": 45.97,
            "net_income": 28994,
            "revenue": 754399,
            "common_shares": 225400,
            "equity": 471352,
            "current_ratio": 157.71,
            "debt_ratio": 50.69,
            "inventory_turnover_ratio": null,
            "account_receivable_turnover_ratio": 2.86,
            "reinvestment_rate": null,
            "research_to_sale_ratio": 1.97,
            "price_fair": 13.44,
            "eps_avg_yearly": 4.48,
            "eps_latest_yearly": 4.48,
            "eps_growth_yearly": -181.46
        },
        "20163": {
            "year_quarter": 20163,
            "year": 2016,
            "quarter": 3,
            "eps": 0.59,
            "eps_growth_year": null,
            "eps_4q": 3.02,
            "eps_4q_growth_year": null,
            "roe": 2.18,
            "gross_profit": 270310,
            "gross_margin": 41.88,
            "net_income": 15450,
            "revenue": 645487,
            "common_shares": 300006,
            "equity": 947323,
            "current_ratio": 223.91,
            "debt_ratio": 38.59,
            "inventory_turnover_ratio": null,
            "account_receivable_turnover_ratio": 3.1,
            "reinvestment_rate": null,
            "research_to_sale_ratio": 1.97,
            "price_fair": 10.26,
            "eps_avg_yearly": 3.42,
            "eps_latest_yearly": 2.36,
            "eps_growth_yearly": -185.37
        },
        "20164": {
            "year_quarter": 20164,
            "year": 2016,
            "quarter": 4,
            "eps": 0.17,
            "eps_growth_year": null,
            "eps_4q": 3.19,
            "eps_4q_growth_year": null,
            "roe": 0.53,
            "gross_profit": 225207,
            "gross_margin": 39.56,
            "net_income": 5006,
            "revenue": 569283,
            "common_shares": 300006,
            "equity": 952715,
            "current_ratio": 222.42,
            "debt_ratio": 39.31,
            "inventory_turnover_ratio": null,
            "account_receivable_turnover_ratio": 2.52,
            "reinvestment_rate": null,
            "research_to_sale_ratio": 1.65,
            "price_fair": 7.52,
            "eps_avg_yearly": 2.51,
            "eps_latest_yearly": 0.68,
            "eps_growth_yearly": -218.5
        },
        "20171": {
            "year_quarter": 20171,
            "year": 2017,
            "quarter": 1,
            "eps": 1.85,
            "eps_growth_year": -9.76,
            "eps_4q": 3.5,
            "eps_4q_growth_year": 70.56,
            "roe": 5.67,
            "gross_profit": 342787,
            "gross_margin": 41.4,
            "net_income": 55578,
            "revenue": 827905,
            "common_shares": 300006,
            "equity": 1006533,
            "current_ratio": 228.88,
            "debt_ratio": 35.39,
            "inventory_turnover_ratio": null,
            "account_receivable_turnover_ratio": 2.96,
            "reinvestment_rate": null,
            "research_to_sale_ratio": 1.21,
            "price_fair": 130.55,
            "eps_avg_yearly": 3.73,
            "eps_latest_yearly": 7.4,
            "eps_growth_yearly": 824.36
        },
        "20172": {
            "year_quarter": 20172,
            "year": 2017,
            "quarter": 2,
            "eps": 0.64,
            "eps_growth_year": -42.86,
            "eps_4q": 3.06,
            "eps_4q_growth_year": 5.07,
            "roe": 2.07,
            "gross_profit": 208257,
            "gross_margin": 34.03,
            "net_income": 20291,
            "revenue": 611965,
            "common_shares": 300006,
            "equity": 955860,
            "current_ratio": 249.53,
            "debt_ratio": 30.4,
            "inventory_turnover_ratio": null,
            "account_receivable_turnover_ratio": 2.46,
            "reinvestment_rate": null,
            "research_to_sale_ratio": 1.48,
            "price_fair": 122.36,
            "eps_avg_yearly": 3.5,
            "eps_latest_yearly": 2.56,
            "eps_growth_yearly": 607.16
        },
        "20173": {
            "year_quarter": 20173,
            "year": 2017,
            "quarter": 3,
            "eps": -0.86,
            "eps_growth_year": -245.76,
            "eps_4q": 1.7,
            "eps_4q_growth_year": -43.64,
            "roe": -3.26,
            "gross_profit": 105118,
            "gross_margin": 25.46,
            "net_income": -31380,
            "revenue": 412931,
            "common_shares": 315006,
            "equity": 967806,
            "current_ratio": 250.96,
            "debt_ratio": 30.98,
            "inventory_turnover_ratio": null,
            "account_receivable_turnover_ratio": 2.25,
            "reinvestment_rate": null,
            "research_to_sale_ratio": 1.74,
            "price_fair": 122.36,
            "eps_avg_yearly": 3.5,
            "eps_latest_yearly": 2.56,
            "eps_growth_yearly": 607.16
        },
        "20174": {
            "year_quarter": 20174,
            "year": 2017,
            "quarter": 4,
            "eps": -4.41,
            "eps_growth_year": -2743.96,
            "eps_4q": -2.87,
            "eps_4q_growth_year": -189.85,
            "roe": -15.78,
            "gross_profit": 91241,
            "gross_margin": 28.25,
            "net_income": -141969,
            "revenue": 323012,
            "common_shares": 315006,
            "equity": 831700,
            "current_ratio": 234.73,
            "debt_ratio": 34.21,
            "inventory_turnover_ratio": null,
            "account_receivable_turnover_ratio": 1.82,
            "reinvestment_rate": null,
            "research_to_sale_ratio": 1.03,
            "price_fair": 122.36,
            "eps_avg_yearly": 3.5,
            "eps_latest_yearly": 2.56,
            "eps_growth_yearly": 607.16
        },
        "20181": {
            "year_quarter": 20181,
            "year": 2018,
            "quarter": 1,
            "eps": 0.68,
            "eps_growth_year": -63.24,
            "eps_4q": -3.95,
            "eps_4q_growth_year": -212.83,
            "roe": 2.65,
            "gross_profit": 180243,
            "gross_margin": 38.97,
            "net_income": 22222,
            "revenue": 462532,
            "common_shares": 315006,
            "equity": 848002,
            "current_ratio": 242.47,
            "debt_ratio": 30.31,
            "inventory_turnover_ratio": null,
            "account_receivable_turnover_ratio": 2.42,
            "reinvestment_rate": null,
            "research_to_sale_ratio": 1.54,
            "price_fair": 122.36,
            "eps_avg_yearly": 3.5,
            "eps_latest_yearly": 2.56,
            "eps_growth_yearly": 607.16
        },
        "20182": {
            "year_quarter": 20182,
            "year": 2018,
            "quarter": 2,
            "eps": 1.78,
            "eps_growth_year": 178.12,
            "eps_4q": -2.81,
            "eps_4q_growth_year": -191.94,
            "roe": 7.93,
            "gross_profit": 243434,
            "gross_margin": 42.74,
            "net_income": 71108,
            "revenue": 569612,
            "common_shares": 315006,
            "equity": 944684,
            "current_ratio": 246.02,
            "debt_ratio": 31.47,
            "inventory_turnover_ratio": null,
            "account_receivable_turnover_ratio": 2.73,
            "reinvestment_rate": null,
            "research_to_sale_ratio": 1.19,
            "price_fair": 143.5,
            "eps_avg_yearly": 4.1,
            "eps_latest_yearly": 7.12,
            "eps_growth_yearly": 613.81
        },
        "20183": {
            "year_quarter": 20183,
            "year": 2018,
            "quarter": 3,
            "eps": 0.86,
            "eps_growth_year": null,
            "eps_4q": -0.63,
            "eps_4q_growth_year": -137.11,
            "roe": 4.06,
            "gross_profit": 235285,
            "gross_margin": 40.33,
            "net_income": 46530,
            "revenue": 583408,
            "common_shares": 420006,
            "equity": 1347794,
            "current_ratio": 412.28,
            "debt_ratio": 19.17,
            "inventory_turnover_ratio": null,
            "account_receivable_turnover_ratio": 3.23,
            "reinvestment_rate": null,
            "research_to_sale_ratio": 1.22,
            "price_fair": 140.2,
            "eps_avg_yearly": 4.01,
            "eps_latest_yearly": 3.44,
            "eps_growth_yearly": 496.59
        },
        "20184": {
            "year_quarter": 20184,
            "year": 2018,
            "quarter": 4,
            "eps": 0.35,
            "eps_growth_year": null,
            "eps_4q": 3.02,
            "eps_4q_growth_year": null,
            "roe": 1.19,
            "gross_profit": 107357,
            "gross_margin": 32.42,
            "net_income": 16201,
            "revenue": 331113,
            "common_shares": 420006,
            "equity": 1364249,
            "current_ratio": 390.93,
            "debt_ratio": 19.9,
            "inventory_turnover_ratio": null,
            "account_receivable_turnover_ratio": 2.68,
            "reinvestment_rate": 46.96,
            "research_to_sale_ratio": 2.13,
            "price_fair": 128.8,
            "eps_avg_yearly": 3.68,
            "eps_latest_yearly": 1.4,
            "eps_growth_yearly": 404.87
        },
        "20191": {
            "year_quarter": 20191,
            "year": 2019,
            "quarter": 1,
            "eps": 0.2,
            "eps_growth_year": -70.59,
            "eps_4q": 2.71,
            "eps_4q_growth_year": null,
            "roe": 0.04,
            "gross_profit": 69693,
            "gross_margin": 27.19,
            "net_income": 604,
            "revenue": 256324,
            "common_shares": 420006,
            "equity": 1366369,
            "current_ratio": 499.17,
            "debt_ratio": 15.8,
            "inventory_turnover_ratio": null,
            "account_receivable_turnover_ratio": 2.4,
            "reinvestment_rate": 46.57,
            "research_to_sale_ratio": 2.47,
            "price_fair": 117.6,
            "eps_avg_yearly": 3.36,
            "eps_latest_yearly": 0.8,
            "eps_growth_yearly": 340.83
        },
        "20192": {
            "year_quarter": 20192,
            "year": 2019,
            "quarter": 2,
            "eps": -0.65,
            "eps_growth_year": -136.52,
            "eps_4q": 0.73,
            "eps_4q_growth_year": null,
            "roe": -1.76,
            "gross_profit": 144399,
            "gross_margin": 36.94,
            "net_income": -22796,
            "revenue": 390886,
            "common_shares": 420006,
            "equity": 1219184,
            "current_ratio": 287.47,
            "debt_ratio": 28.18,
            "inventory_turnover_ratio": null,
            "account_receivable_turnover_ratio": 2.81,
            "reinvestment_rate": -4.09,
            "research_to_sale_ratio": 2.85,
            "price_fair": 117.6,
            "eps_avg_yearly": 3.36,
            "eps_latest_yearly": 0.8,
            "eps_growth_yearly": 340.83
        },
        "20193": {
            "year_quarter": 20193,
            "year": 2019,
            "quarter": 3,
            "eps": -2.11,
            "eps_growth_year": -345.35,
            "eps_4q": -2.21,
            "eps_4q_growth_year": null,
            "roe": -6.66,
            "gross_profit": 69653,
            "gross_margin": 27.94,
            "net_income": -81690,
            "revenue": 249285,
            "common_shares": 420006,
            "equity": 1234999,
            "current_ratio": 654.69,
            "debt_ratio": 13.68,
            "inventory_turnover_ratio": null,
            "account_receivable_turnover_ratio": 1.8,
            "reinvestment_rate": -5.46,
            "research_to_sale_ratio": 2.52,
            "price_fair": 117.6,
            "eps_avg_yearly": 3.36,
            "eps_latest_yearly": 0.8,
            "eps_growth_yearly": 340.83
        },
        "20194": {
            "year_quarter": 20194,
            "year": 2019,
            "quarter": 4,
            "eps": 0.01,
            "eps_growth_year": -97.31,
            "eps_4q": -2.55,
            "eps_4q_growth_year": -184.25,
            "roe": 8.45,
            "gross_profit": 393680,
            "gross_margin": 66.96,
            "net_income": 82039,
            "revenue": 587939,
            "common_shares": 420006,
            "equity": 705807,
            "current_ratio": 227.19,
            "debt_ratio": 33.4,
            "inventory_turnover_ratio": 75.7,
            "account_receivable_turnover_ratio": 5.38,
            "reinvestment_rate": -3.97,
            "research_to_sale_ratio": 15.5,
            "price_fair": 117.6,
            "eps_avg_yearly": 3.36,
            "eps_latest_yearly": 0.8,
            "eps_growth_yearly": 340.83
        },
        "20201": {
            "year_quarter": 20201,
            "year": 2020,
            "quarter": 1,
            "eps": 1.03,
            "eps_growth_year": 415,
            "eps_4q": -1.71,
            "eps_4q_growth_year": -163.28,
            "roe": 6.23,
            "gross_profit": 149940,
            "gross_margin": 64.23,
            "net_income": 45396,
            "revenue": 233456,
            "common_shares": 420006,
            "equity": 751786,
            "current_ratio": 342.34,
            "debt_ratio": 23.78,
            "inventory_turnover_ratio": 34.05,
            "account_receivable_turnover_ratio": 2.06,
            "reinvestment_rate": -7.51,
            "research_to_sale_ratio": 17.54,
            "price_fair": 120.26,
            "eps_avg_yearly": 3.44,
            "eps_latest_yearly": 4.12,
            "eps_growth_yearly": 4386.75
        },
        "20202": {
            "year_quarter": 20202,
            "year": 2020,
            "quarter": 2,
            "eps": 0.14,
            "eps_growth_year": null,
            "eps_4q": -0.93,
            "eps_4q_growth_year": -228.38,
            "roe": 1.73,
            "gross_profit": 103551,
            "gross_margin": 62.56,
            "net_income": 13122,
            "revenue": 165518,
            "common_shares": 420006,
            "equity": 762465,
            "current_ratio": 350.75,
            "debt_ratio": 23.05,
            "inventory_turnover_ratio": 28.05,
            "account_receivable_turnover_ratio": 1.65,
            "reinvestment_rate": -9.1,
            "research_to_sale_ratio": 23.87,
            "price_fair": 106.54,
            "eps_avg_yearly": 3.04,
            "eps_latest_yearly": 0.56,
            "eps_growth_yearly": 4370.33
        },
        "20203": {
            "year_quarter": 20203,
            "year": 2020,
            "quarter": 3,
            "eps": -0.22,
            "eps_growth_year": null,
            "eps_4q": 0.96,
            "eps_4q_growth_year": null,
            "roe": -1.29,
            "gross_profit": 141142,
            "gross_margin": 57.43,
            "net_income": -9785,
            "revenue": 245760,
            "common_shares": 420006,
            "equity": 750681,
            "current_ratio": 319.82,
            "debt_ratio": 24.53,
            "inventory_turnover_ratio": 55.96,
            "account_receivable_turnover_ratio": 2.34,
            "reinvestment_rate": -10.62,
            "research_to_sale_ratio": 18.93,
            "price_fair": 109.2,
            "eps_avg_yearly": 3.12,
            "eps_latest_yearly": 0.56,
            "eps_growth_yearly": 4876.96
        },
        "20204": {
            "year_quarter": 20204,
            "year": 2020,
            "quarter": 4,
            "eps": 0.26,
            "eps_growth_year": 2619.24,
            "eps_4q": 1.2,
            "eps_4q_growth_year": null,
            "roe": 2.42,
            "gross_profit": 119926,
            "gross_margin": 62.39,
            "net_income": 18353,
            "revenue": 192230,
            "common_shares": 420006,
            "equity": 766244,
            "current_ratio": 318.94,
            "debt_ratio": 24.65,
            "inventory_turnover_ratio": 41.16,
            "account_receivable_turnover_ratio": 1.76,
            "reinvestment_rate": -8.32,
            "research_to_sale_ratio": 24.47,
            "price_fair": 119.88,
            "eps_avg_yearly": 3.43,
            "eps_latest_yearly": 0.56,
            "eps_growth_yearly": 5522.17
        },
        "20211": {
            "year_quarter": 20211,
            "year": 2021,
            "quarter": 1,
            "eps": 0.42,
            "eps_growth_year": -59.22,
            "eps_4q": 0.6,
            "eps_4q_growth_year": null,
            "roe": 2.45,
            "gross_profit": 123532,
            "gross_margin": 67.45,
            "net_income": 19030,
            "revenue": 183154,
            "common_shares": 420006,
            "equity": 784936,
            "current_ratio": 323.86,
            "debt_ratio": 24.62,
            "inventory_turnover_ratio": 35.88,
            "account_receivable_turnover_ratio": 1.84,
            "reinvestment_rate": null,
            "research_to_sale_ratio": 27.04,
            "price_fair": 94.85,
            "eps_avg_yearly": 2.71,
            "eps_latest_yearly": 1.68,
            "eps_growth_yearly": 5058.82
        },
        "20212": {
            "year_quarter": 20212,
            "year": 2021,
            "quarter": 2,
            "eps": -0.97,
            "eps_growth_year": -792.86,
            "eps_4q": -0.51,
            "eps_4q_growth_year": null,
            "roe": -5.79,
            "gross_profit": 131627,
            "gross_margin": 68.95,
            "net_income": -44600,
            "revenue": 190909,
            "common_shares": 420006,
            "equity": 754637,
            "current_ratio": 266.04,
            "debt_ratio": 29.33,
            "inventory_turnover_ratio": 63.37,
            "account_receivable_turnover_ratio": 1.96,
            "reinvestment_rate": null,
            "research_to_sale_ratio": 26.26,
            "price_fair": 95.6,
            "eps_avg_yearly": 2.73,
            "eps_latest_yearly": 1.68,
            "eps_growth_yearly": 5818.89
        },
        "20213": {
            "year_quarter": 20213,
            "year": 2021,
            "quarter": 3,
            "eps": -3.22,
            "eps_growth_year": null,
            "eps_4q": -3.51,
            "eps_4q_growth_year": -466.73,
            "roe": -19.96,
            "gross_profit": 139247,
            "gross_margin": 73.56,
            "net_income": -136870,
            "revenue": 189306,
            "common_shares": 420006,
            "equity": 616805,
            "current_ratio": 285.11,
            "debt_ratio": 30,
            "inventory_turnover_ratio": 31.03,
            "account_receivable_turnover_ratio": 2.22,
            "reinvestment_rate": null,
            "research_to_sale_ratio": 25.96,
            "price_fair": 95.6,
            "eps_avg_yearly": 2.73,
            "eps_latest_yearly": 1.68,
            "eps_growth_yearly": 5818.89
        },
        "20214": {
            "year_quarter": 20214,
            "year": 2021,
            "quarter": 4,
            "eps": -0.13,
            "eps_growth_year": -151.89,
            "eps_4q": -3.89,
            "eps_4q_growth_year": -424,
            "roe": -1.48,
            "gross_profit": 129365,
            "gross_margin": 74.96,
            "net_income": -9253,
            "revenue": 172584,
            "common_shares": 420006,
            "equity": 632080,
            "current_ratio": 324.69,
            "debt_ratio": 28.4,
            "inventory_turnover_ratio": 23.04,
            "account_receivable_turnover_ratio": 2.19,
            "reinvestment_rate": null,
            "research_to_sale_ratio": 29.08,
            "price_fair": 95.6,
            "eps_avg_yearly": 2.73,
            "eps_latest_yearly": 1.68,
            "eps_growth_yearly": 5818.89
        },
        "20221": {
            "year_quarter": 20221,
            "year": 2022,
            "quarter": 1,
            "eps": 0.76,
            "eps_growth_year": 80.95,
            "eps_4q": -3.56,
            "eps_4q_growth_year": -696.69,
            "roe": 5.16,
            "gross_profit": 156466,
            "gross_margin": 78.11,
            "net_income": 33560,
            "revenue": 200325,
            "common_shares": 420006,
            "equity": 669489,
            "current_ratio": 412.78,
            "debt_ratio": 21.72,
            "inventory_turnover_ratio": 35.66,
            "account_receivable_turnover_ratio": 2.28,
            "reinvestment_rate": null,
            "research_to_sale_ratio": 22.22,
            "price_fair": 95.6,
            "eps_avg_yearly": 2.73,
            "eps_latest_yearly": 1.68,
            "eps_growth_yearly": 5818.89
        },
        "20222": {
            "year_quarter": 20222,
            "year": 2022,
            "quarter": 2,
            "eps": 0.79,
            "eps_growth_year": null,
            "eps_4q": -1.8,
            "eps_4q_growth_year": null,
            "roe": 5.28,
            "gross_profit": 146947,
            "gross_margin": 76.69,
            "net_income": 36393,
            "revenue": 191604,
            "common_shares": 420006,
            "equity": 709208,
            "current_ratio": 478.09,
            "debt_ratio": 19.15,
            "inventory_turnover_ratio": 25.28,
            "account_receivable_turnover_ratio": 2.24,
            "reinvestment_rate": null,
            "research_to_sale_ratio": 24.65,
            "price_fair": 75.8,
            "eps_avg_yearly": 2.17,
            "eps_latest_yearly": 3.16,
            "eps_growth_yearly": 5728.7
        },
        "20223": {
            "year_quarter": 20223,
            "year": 2022,
            "quarter": 3,
            "eps": 0.56,
            "eps_growth_year": null,
            "eps_4q": 1.97,
            "eps_4q_growth_year": null,
            "roe": 3.65,
            "gross_profit": 150638,
            "gross_margin": 77.91,
            "net_income": 26534,
            "revenue": 193348,
            "common_shares": 420006,
            "equity": 743625,
            "current_ratio": 493.06,
            "debt_ratio": 18.9,
            "inventory_turnover_ratio": 19.81,
            "account_receivable_turnover_ratio": 2.41,
            "reinvestment_rate": null,
            "research_to_sale_ratio": 25.15,
            "price_fair": 69.8,
            "eps_avg_yearly": 1.99,
            "eps_latest_yearly": 2.24,
            "eps_growth_yearly": 5741.6
        },
        "20224": {
            "year_quarter": 20224,
            "year": 2022,
            "quarter": 4,
            "eps": 0.25,
            "eps_growth_year": null,
            "eps_4q": 2.35,
            "eps_4q_growth_year": null,
            "roe": 1.43,
            "gross_profit": 152213,
            "gross_margin": 77.91,
            "net_income": 10719,
            "revenue": 195371,
            "common_shares": 420006,
            "equity": 750524,
            "current_ratio": 475.27,
            "debt_ratio": 19.26,
            "inventory_turnover_ratio": 18.27,
            "account_receivable_turnover_ratio": 2.42,
            "reinvestment_rate": null,
            "research_to_sale_ratio": 24.24,
            "price_fair": 67.8,
            "eps_avg_yearly": 1.94,
            "eps_latest_yearly": 1,
            "eps_growth_yearly": 5743.86
        },
        "20231": {
            "year_quarter": 20231,
            "year": 2023,
            "quarter": 1,
            "eps": 0.57,
            "eps_growth_year": -25,
            "eps_4q": 2.17,
            "eps_4q_growth_year": null,
            "roe": 3.44,
            "gross_profit": 149138,
            "gross_margin": 77.06,
            "net_income": 26254,
            "revenue": 193531,
            "common_shares": 420006,
            "equity": 775275,
            "current_ratio": 609.4,
            "debt_ratio": 15.01,
            "inventory_turnover_ratio": 18.13,
            "account_receivable_turnover_ratio": 2.23,
            "reinvestment_rate": null,
            "research_to_sale_ratio": 19.94,
            "price_fair": 75.2,
            "eps_avg_yearly": 2.15,
            "eps_latest_yearly": 2.28,
            "eps_growth_yearly": 5841.49
        }
    },
    "months": {
        "2015-06": {
            "month": "2015-06",
            "price": "121.98",
            "revenue": 142545
        },
        "2015-07": {
            "month": "2015-07",
            "price": "114.01",
            "revenue": 157109
        },
        "2015-08": {
            "month": "2015-08",
            "price": "105.69",
            "revenue": 159600
        },
        "2015-09": {
            "month": "2015-09",
            "price": "96.16",
            "revenue": 160954
        },
        "2015-10": {
            "month": "2015-10",
            "price": "95.13",
            "revenue": 140806
        },
        "2015-11": {
            "month": "2015-11",
            "price": "92.60",
            "revenue": 150986
        },
        "2015-12": {
            "month": "2015-12",
            "price": "89.23",
            "revenue": 215873
        },
        "2016-01": {
            "month": "2016-01",
            "price": "91.17",
            "revenue": 232386
        },
        "2016-02": {
            "month": "2016-02",
            "price": "90.18",
            "revenue": 277642
        },
        "2016-03": {
            "month": "2016-03",
            "price": "105.95",
            "revenue": 271776
        },
        "2016-04": {
            "month": "2016-04",
            "price": "119.93",
            "revenue": 260384
        },
        "2016-05": {
            "month": "2016-05",
            "price": "134.02",
            "revenue": 255892
        },
        "2016-06": {
            "month": "2016-06",
            "price": "169.64",
            "revenue": 234612
        },
        "2016-07": {
            "month": "2016-07",
            "price": "164.32",
            "revenue": 236166
        },
        "2016-08": {
            "month": "2016-08",
            "price": "137.96",
            "revenue": 219516
        },
        "2016-09": {
            "month": "2016-09",
            "price": "93.69",
            "revenue": 193780
        },
        "2016-10": {
            "month": "2016-10",
            "price": "85.26",
            "revenue": 174816
        },
        "2016-11": {
            "month": "2016-11",
            "price": "83.86",
            "revenue": 163231
        },
        "2016-12": {
            "month": "2016-12",
            "price": "94.26",
            "revenue": 232153
        },
        "2017-01": {
            "month": "2017-01",
            "price": "90.75",
            "revenue": 323134
        },
        "2017-02": {
            "month": "2017-02",
            "price": "90.56",
            "revenue": 274176
        },
        "2017-03": {
            "month": "2017-03",
            "price": "88.66",
            "revenue": 234304
        },
        "2017-04": {
            "month": "2017-04",
            "price": "83.74",
            "revenue": 221268
        },
        "2017-05": {
            "month": "2017-05",
            "price": "88.73",
            "revenue": 207924
        },
        "2017-06": {
            "month": "2017-06",
            "price": "89.56",
            "revenue": 164854
        },
        "2017-07": {
            "month": "2017-07",
            "price": "72.33",
            "revenue": 126927
        },
        "2017-08": {
            "month": "2017-08",
            "price": "58.16",
            "revenue": 107331
        },
        "2017-09": {
            "month": "2017-09",
            "price": "61.32",
            "revenue": 126276
        },
        "2017-10": {
            "month": "2017-10",
            "price": "58.01",
            "revenue": 161387
        },
        "2017-11": {
            "month": "2017-11",
            "price": "51.92",
            "revenue": 159345
        },
        "2017-12": {
            "month": "2017-12",
            "price": "44.80",
            "revenue": 157191
        },
        "2018-01": {
            "month": "2018-01",
            "price": "49.21",
            "revenue": 155942
        },
        "2018-02": {
            "month": "2018-02",
            "price": "41.00",
            "revenue": 148861
        },
        "2018-03": {
            "month": "2018-03",
            "price": "42.88",
            "revenue": 158237
        },
        "2018-04": {
            "month": "2018-04",
            "price": "46.54",
            "revenue": 199739
        },
        "2018-05": {
            "month": "2018-05",
            "price": "49.70",
            "revenue": 183974
        },
        "2018-06": {
            "month": "2018-06",
            "price": "49.32",
            "revenue": 184569
        },
        "2018-07": {
            "month": "2018-07",
            "price": "78.98",
            "revenue": 219887
        },
        "2018-08": {
            "month": "2018-08",
            "price": "79.64",
            "revenue": 193066
        },
        "2018-09": {
            "month": "2018-09",
            "price": "74.83",
            "revenue": 169811
        },
        "2018-10": {
            "month": "2018-10",
            "price": "72.23",
            "revenue": 109890
        },
        "2018-11": {
            "month": "2018-11",
            "price": "70.64",
            "revenue": 114518
        },
        "2018-12": {
            "month": "2018-12",
            "price": "67.08",
            "revenue": 106858
        },
        "2019-01": {
            "month": "2019-01",
            "price": "66.30",
            "revenue": 102887
        },
        "2019-02": {
            "month": "2019-02",
            "price": "69.17",
            "revenue": 84268
        },
        "2019-03": {
            "month": "2019-03",
            "price": "78.18",
            "revenue": 68824
        },
        "2019-04": {
            "month": "2019-04",
            "price": "84.69",
            "revenue": 104024
        },
        "2019-05": {
            "month": "2019-05",
            "price": "78.15",
            "revenue": 154469
        },
        "2019-06": {
            "month": "2019-06",
            "price": "76.02",
            "revenue": 132247
        },
        "2019-07": {
            "month": "2019-07",
            "price": "75.97",
            "revenue": 97366
        },
        "2019-08": {
            "month": "2019-08",
            "price": "75.99",
            "revenue": 86185
        },
        "2019-09": {
            "month": "2019-09",
            "price": "74.97",
            "revenue": 64937
        },
        "2019-10": {
            "month": "2019-10",
            "price": "74.82",
            "revenue": 77054
        },
        "2019-11": {
            "month": "2019-11",
            "price": "69.21",
            "revenue": 74833
        },
        "2019-12": {
            "month": "2019-12",
            "price": "65.07",
            "revenue": 87502
        },
        "2020-01": {
            "month": "2020-01",
            "price": "62.11",
            "revenue": 86866
        },
        "2020-02": {
            "month": "2020-02",
            "price": "54.75",
            "revenue": 79120
        },
        "2020-03": {
            "month": "2020-03",
            "price": "44.65",
            "revenue": 67469
        },
        "2020-04": {
            "month": "2020-04",
            "price": "48.73",
            "revenue": 57494
        },
        "2020-05": {
            "month": "2020-05",
            "price": "57.98",
            "revenue": 55196
        },
        "2020-06": {
            "month": "2020-06",
            "price": "56.94",
            "revenue": 52828
        },
        "2020-07": {
            "month": "2020-07",
            "price": "53.46",
            "revenue": 79412
        },
        "2020-08": {
            "month": "2020-08",
            "price": "53.30",
            "revenue": 93228
        },
        "2020-09": {
            "month": "2020-09",
            "price": "51.95",
            "revenue": 73120
        },
        "2020-10": {
            "month": "2020-10",
            "price": "51.61",
            "revenue": 65696
        },
        "2020-11": {
            "month": "2020-11",
            "price": "49.50",
            "revenue": 64540
        },
        "2020-12": {
            "month": "2020-12",
            "price": "50.50",
            "revenue": 61994
        },
        "2021-01": {
            "month": "2021-01",
            "price": "61.58",
            "revenue": 61065
        },
        "2021-02": {
            "month": "2021-02",
            "price": "71.68",
            "revenue": 61892
        },
        "2021-03": {
            "month": "2021-03",
            "price": "66.51",
            "revenue": 60197
        },
        "2021-04": {
            "month": "2021-04",
            "price": "63.08",
            "revenue": 52581
        },
        "2021-05": {
            "month": "2021-05",
            "price": "64.05",
            "revenue": 67975
        },
        "2021-06": {
            "month": "2021-06",
            "price": "75.19",
            "revenue": 70353
        },
        "2021-07": {
            "month": "2021-07",
            "price": "73.53",
            "revenue": 66796
        },
        "2021-08": {
            "month": "2021-08",
            "price": "69.96",
            "revenue": 62569
        },
        "2021-09": {
            "month": "2021-09",
            "price": "60.61",
            "revenue": 59941
        },
        "2021-10": {
            "month": "2021-10",
            "price": "60.22",
            "revenue": 56354
        },
        "2021-11": {
            "month": "2021-11",
            "price": "58.51",
            "revenue": 53134
        },
        "2021-12": {
            "month": "2021-12",
            "price": "55.73",
            "revenue": 63096
        },
        "2022-01": {
            "month": "2022-01",
            "price": "52.43",
            "revenue": 65102
        },
        "2022-02": {
            "month": "2022-02",
            "price": "49.04",
            "revenue": 67189
        },
        "2022-03": {
            "month": "2022-03",
            "price": "48.02",
            "revenue": 68034
        },
        "2022-04": {
            "month": "2022-04",
            "price": "47.29",
            "revenue": 64222
        },
        "2022-05": {
            "month": "2022-05",
            "price": "49.62",
            "revenue": 64122
        },
        "2022-06": {
            "month": "2022-06",
            "price": "58.88",
            "revenue": 63259
        },
        "2022-07": {
            "month": "2022-07",
            "price": "51.81",
            "revenue": 65112
        },
        "2022-08": {
            "month": "2022-08",
            "price": "50.24",
            "revenue": 65589
        },
        "2022-09": {
            "month": "2022-09",
            "price": "48.34",
            "revenue": 62646
        },
        "2022-10": {
            "month": "2022-10",
            "price": "44.42",
            "revenue": 65933
        },
        "2022-11": {
            "month": "2022-11",
            "price": "43.00",
            "revenue": 63016
        },
        "2022-12": {
            "month": "2022-12",
            "price": "47.25",
            "revenue": 66422
        },
        "2023-01": {
            "month": "2023-01",
            "price": "45.10",
            "revenue": 66060
        },
        "2023-02": {
            "month": "2023-02",
            "price": "43.91",
            "revenue": 63115
        },
        "2023-03": {
            "month": "2023-03",
            "price": "45.38",
            "revenue": 64356
        },
        "2023-04": {
            "month": "2023-04",
            "price": "45.12",
            "revenue": 65983
        }
    }
}
