{
    "summary": {
        "stock_name": "長科*",
        "stock_id": "6548",
        "category": "半導體",
        "main_business": "導線架製造",
        "website_url": "http://www.cwtcglobal.com",
        "ceo": "洪全成",
        "pe_ratio": 15,
        "report_year_from": 2015,
        "report_year_to": 2023,
        "age": 8,
        "eps_negative_percentage": 7,
        "eps_growth_avg": {
            "last_all": 34.73,
            "last_2y": 21.55,
            "last_4y": 21.68,
            "last_8y": null,
            "last_12y": null,
            "last_16y": null,
            "last_20y": null,
            "at_2006_last_3y": null,
            "at_2007_last_3y": null,
            "at_2008_last_3y": null,
            "at_2009_last_3y": null,
            "at_2010_last_3y": null,
            "at_2011_last_3y": null,
            "at_2012_last_3y": null,
            "at_2013_last_3y": null,
            "at_2014_last_3y": null,
            "at_2015_last_3y": null,
            "at_2016_last_3y": null,
            "at_2017_last_3y": null,
            "at_2018_last_3y": null,
            "at_2019_last_3y": null,
            "at_2020_last_3y": 16.67,
            "at_2021_last_3y": 16.54,
            "at_2022_last_3y": 2.09,
            "at_2023_last_3y": 2.09,
            "at_2006_last_all": null,
            "at_2007_last_all": null,
            "at_2008_last_all": null,
            "at_2009_last_all": null,
            "at_2010_last_all": null,
            "at_2011_last_all": null,
            "at_2012_last_all": null,
            "at_2013_last_all": null,
            "at_2014_last_all": null,
            "at_2015_last_all": null,
            "at_2016_last_all": null,
            "at_2017_last_all": null,
            "at_2018_last_all": 100,
            "at_2019_last_all": 47.9,
            "at_2020_last_all": 16.67,
            "at_2021_last_all": 33.23,
            "at_2022_last_all": 34.73,
            "at_2023_last_all": 34.73
        },
        "latest_eps": 2.66,
        "latest_price": 40.95,
        "latest_roe": 26.13,
        "latest_gross_margin": 23.92,
        "latest_equity": 10120546,
        "latest_revenue": 2830374,
        "latest_gross_profit": 677144,
        "latest_net_income": 390184,
        "latest_debt_ratio": 47.97,
        "latest_current_ratio": 200.42,
        "latest_account_receivable_turnover_ratio": 1.17,
        "latest_inventory_turnover_ratio": 0.9,
        "latest_reinvestment_rate": 15.54,
        "latest_research_to_sale_ratio": 3.54
    },
    "eps_dividends": {
        "2001": {
            "cash": 0,
            "stock": 0,
            "eps": 0
        },
        "2002": {
            "cash": 0,
            "stock": 0,
            "eps": 0
        },
        "2003": {
            "cash": 0,
            "stock": 0,
            "eps": 0
        },
        "2004": {
            "cash": 0,
            "stock": 0,
            "eps": 0
        },
        "2005": {
            "cash": 0,
            "stock": 0,
            "eps": 0
        },
        "2006": {
            "cash": 0,
            "stock": 0,
            "eps": 0
        },
        "2007": {
            "cash": 0,
            "stock": 0,
            "eps": 0
        },
        "2008": {
            "cash": 0,
            "stock": 0,
            "eps": 0
        },
        "2009": {
            "cash": 0,
            "stock": 0,
            "eps": 0
        },
        "2010": {
            "cash": 0,
            "stock": 0,
            "eps": 0
        },
        "2011": {
            "cash": 0,
            "stock": 0,
            "eps": 0
        },
        "2012": {
            "cash": 0,
            "stock": 0,
            "eps": 0
        },
        "2013": {
            "cash": 0,
            "stock": 0,
            "eps": 0
        },
        "2014": {
            "cash": 0,
            "stock": 0,
            "eps": 0
        },
        "2015": {
            "cash": 0,
            "stock": 0,
            "eps": 0
        },
        "2016": {
            "cash": 3,
            "stock": 0,
            "eps": 1.58
        },
        "2017": {
            "cash": 1,
            "stock": 0,
            "eps": 8.7
        },
        "2018": {
            "cash": 12,
            "stock": 0,
            "eps": 18.92
        },
        "2019": {
            "cash": 17,
            "stock": 0,
            "eps": 8.27
        },
        "2020": {
            "cash": 1,
            "stock": 0,
            "eps": 1.9
        },
        "2021": {
            "cash": 1,
            "stock": 0,
            "eps": 3.79
        },
        "2022": {
            "cash": 3,
            "stock": 0,
            "eps": 5.39
        },
        "2023": {
            "cash": 2,
            "stock": 0,
            "eps": 0.41
        }
    },
    "dividends": {
        "2016-09-23": {
            "cash": 3,
            "stock": 0
        },
        "2017-08-25": {
            "cash": 1.2,
            "stock": 0
        },
        "2018-07-18": {
            "cash": 11.5,
            "stock": 0
        },
        "2019-08-14": {
            "cash": 17,
            "stock": 0
        },
        "2020-01-15": {
            "cash": 0.34,
            "stock": 0
        },
        "2020-08-12": {
            "cash": 0.9,
            "stock": 0
        },
        "2021-01-13": {
            "cash": 0.4,
            "stock": 0
        },
        "2021-07-14": {
            "cash": 0.92,
            "stock": 0
        },
        "2022-01-12": {
            "cash": 0.68,
            "stock": 0
        },
        "2022-07-13": {
            "cash": 1.72,
            "stock": 0
        },
        "2023-01-11": {
            "cash": 0.7,
            "stock": 0
        },
        "2023-05-05": {
            "cash": 0.4,
            "stock": 0
        },
        "2023-07-12": {
            "cash": 0.81,
            "stock": 0
        }
    },
    "prices": {
        "200101": "無",
        "200102": "無",
        "200103": "無",
        "200104": "無",
        "200105": "無",
        "200106": "無",
        "200107": "無",
        "200108": "無",
        "200109": "無",
        "200110": "無",
        "200111": "無",
        "200112": "無",
        "200201": "無",
        "200202": "無",
        "200203": "無",
        "200204": "無",
        "200205": "無",
        "200206": "無",
        "200207": "無",
        "200208": "無",
        "200209": "無",
        "200210": "無",
        "200211": "無",
        "200212": "無",
        "200301": "無",
        "200302": "無",
        "200303": "無",
        "200304": "無",
        "200305": "無",
        "200306": "無",
        "200307": "無",
        "200308": "無",
        "200309": "無",
        "200310": "無",
        "200311": "無",
        "200312": "無",
        "200401": "無",
        "200402": "無",
        "200403": "無",
        "200404": "無",
        "200405": "無",
        "200406": "無",
        "200407": "無",
        "200408": "無",
        "200409": "無",
        "200410": "無",
        "200411": "無",
        "200412": "無",
        "200501": "無",
        "200502": "無",
        "200503": "無",
        "200504": "無",
        "200505": "無",
        "200506": "無",
        "200507": "無",
        "200508": "無",
        "200509": "無",
        "200510": "無",
        "200511": "無",
        "200512": "無",
        "200601": "無",
        "200602": "無",
        "200603": "無",
        "200604": "無",
        "200605": "無",
        "200606": "無",
        "200607": "無",
        "200608": "無",
        "200609": "無",
        "200610": "無",
        "200611": "無",
        "200612": "無",
        "200701": "無",
        "200702": "無",
        "200703": "無",
        "200704": "無",
        "200705": "無",
        "200706": "無",
        "200707": "無",
        "200708": "無",
        "200709": "無",
        "200710": "無",
        "200711": "無",
        "200712": "無",
        "200801": "無",
        "200802": "無",
        "200803": "無",
        "200804": "無",
        "200805": "無",
        "200806": "無",
        "200807": "無",
        "200808": "無",
        "200809": "無",
        "200810": "無",
        "200811": "無",
        "200812": "無",
        "200901": "無",
        "200902": "無",
        "200903": "無",
        "200904": "無",
        "200905": "無",
        "200906": "無",
        "200907": "無",
        "200908": "無",
        "200909": "無",
        "200910": "無",
        "200911": "無",
        "200912": "無",
        "201001": "無",
        "201002": "無",
        "201003": "無",
        "201004": "無",
        "201005": "無",
        "201006": "無",
        "201007": "無",
        "201008": "無",
        "201009": "無",
        "201010": "無",
        "201011": "無",
        "201012": "無",
        "201101": "無",
        "201102": "無",
        "201103": "無",
        "201104": "無",
        "201105": "無",
        "201106": "無",
        "201107": "無",
        "201108": "無",
        "201109": "無",
        "201110": "無",
        "201111": "無",
        "201112": "無",
        "201201": "無",
        "201202": "無",
        "201203": "無",
        "201204": "無",
        "201205": "無",
        "201206": "無",
        "201207": "無",
        "201208": "無",
        "201209": "無",
        "201210": "無",
        "201211": "無",
        "201212": "無",
        "201301": "無",
        "201302": "無",
        "201303": "無",
        "201304": "無",
        "201305": "無",
        "201306": "無",
        "201307": "無",
        "201308": "無",
        "201309": "無",
        "201310": "無",
        "201311": "無",
        "201312": "無",
        "201401": "無",
        "201402": "無",
        "201403": "無",
        "201404": "無",
        "201405": "無",
        "201406": "無",
        "201407": "無",
        "201408": "無",
        "201409": "無",
        "201410": "無",
        "201411": "無",
        "201412": "無",
        "201501": "無",
        "201502": "無",
        "201503": "無",
        "201504": "無",
        "201505": "無",
        "201506": "無",
        "201507": "53.36",
        "201508": "49.60",
        "201509": "49.11",
        "201510": "50.21",
        "201511": "55.90",
        "201512": "64.11",
        "201601": "77.35",
        "201602": "86.86",
        "201603": "85.78",
        "201604": "87.62",
        "201605": "87.10",
        "201606": "90.17",
        "201607": "125.83",
        "201608": "155.22",
        "201609": "193.55",
        "201610": "249.72",
        "201611": "297.57",
        "201612": "285.50",
        "201701": "279.84",
        "201702": "295.33",
        "201703": "359.61",
        "201704": "379.14",
        "201705": "359.55",
        "201706": "387.83",
        "201707": "400.62",
        "201708": "397.52",
        "201709": "406.82",
        "201710": "399.79",
        "201711": "426.66",
        "201712": "420.38",
        "201801": "469.32",
        "201802": "409.35",
        "201803": "397.63",
        "201804": "376.75",
        "201805": "394.43",
        "201806": "398.72",
        "201807": "388.45",
        "201808": "354.63",
        "201809": "300.50",
        "201810": "253.55",
        "201811": "274.09",
        "201812": "285.35",
        "201901": "267.31",
        "201902": "269.69",
        "201903": "273.00",
        "201904": "282.62",
        "201905": "261.75",
        "201906": "260.53",
        "201907": "270.35",
        "201908": "294.82",
        "201909": "35.23",
        "201910": "35.59",
        "201911": "35.69",
        "201912": "34.51",
        "202001": "32.23",
        "202002": "27.26",
        "202003": "23.62",
        "202004": "25.35",
        "202005": "30.18",
        "202006": "30.96",
        "202007": "30.88",
        "202008": "36.38",
        "202009": "37.56",
        "202010": "42.78",
        "202011": "47.88",
        "202012": "56.42",
        "202101": "61.70",
        "202102": "66.76",
        "202103": "67.24",
        "202104": "73.48",
        "202105": "60.61",
        "202106": "65.97",
        "202107": "93.76",
        "202108": "99.93",
        "202109": "100.16",
        "202110": "96.06",
        "202111": "101.83",
        "202112": "99.65",
        "202201": "97.50",
        "202202": "104.43",
        "202203": "98.64",
        "202204": "96.55",
        "202205": "90.72",
        "202206": "85.55",
        "202207": "77.25",
        "202208": "83.54",
        "202209": "32.33",
        "202210": "30.34",
        "202211": "31.04",
        "202212": "31.04",
        "202301": "30.37",
        "202302": "33.95",
        "202303": "38.94",
        "202304": "43.81",
        "202305": "40.73"
    },
    "quarters": {
        "20011": {
            "year_quarter": 20011,
            "year": 2001,
            "quarter": 1,
            "eps": null,
            "eps_growth_year": null,
            "eps_4q": null,
            "eps_4q_growth_year": null,
            "roe": null,
            "gross_profit": null,
            "gross_margin": null,
            "net_income": null,
            "revenue": null,
            "common_shares": null,
            "equity": null,
            "current_ratio": null,
            "debt_ratio": null,
            "inventory_turnover_ratio": null,
            "account_receivable_turnover_ratio": null,
            "reinvestment_rate": null,
            "research_to_sale_ratio": null,
            "price_fair": 0,
            "eps_avg_yearly": 0,
            "eps_latest_yearly": 0,
            "eps_growth_yearly": 0
        },
        "20012": {
            "year_quarter": 20012,
            "year": 2001,
            "quarter": 2,
            "eps": null,
            "eps_growth_year": null,
            "eps_4q": null,
            "eps_4q_growth_year": null,
            "roe": null,
            "gross_profit": null,
            "gross_margin": null,
            "net_income": null,
            "revenue": null,
            "common_shares": null,
            "equity": null,
            "current_ratio": null,
            "debt_ratio": null,
            "inventory_turnover_ratio": null,
            "account_receivable_turnover_ratio": null,
            "reinvestment_rate": null,
            "research_to_sale_ratio": null,
            "price_fair": 0,
            "eps_avg_yearly": 0,
            "eps_latest_yearly": 0,
            "eps_growth_yearly": 0
        },
        "20013": {
            "year_quarter": 20013,
            "year": 2001,
            "quarter": 3,
            "eps": null,
            "eps_growth_year": null,
            "eps_4q": null,
            "eps_4q_growth_year": null,
            "roe": null,
            "gross_profit": null,
            "gross_margin": null,
            "net_income": null,
            "revenue": null,
            "common_shares": null,
            "equity": null,
            "current_ratio": null,
            "debt_ratio": null,
            "inventory_turnover_ratio": null,
            "account_receivable_turnover_ratio": null,
            "reinvestment_rate": null,
            "research_to_sale_ratio": null,
            "price_fair": 0,
            "eps_avg_yearly": 0,
            "eps_latest_yearly": 0,
            "eps_growth_yearly": 0
        },
        "20014": {
            "year_quarter": 20014,
            "year": 2001,
            "quarter": 4,
            "eps": null,
            "eps_growth_year": null,
            "eps_4q": null,
            "eps_4q_growth_year": null,
            "roe": null,
            "gross_profit": null,
            "gross_margin": null,
            "net_income": null,
            "revenue": null,
            "common_shares": null,
            "equity": null,
            "current_ratio": null,
            "debt_ratio": null,
            "inventory_turnover_ratio": null,
            "account_receivable_turnover_ratio": null,
            "reinvestment_rate": null,
            "research_to_sale_ratio": null,
            "price_fair": 0,
            "eps_avg_yearly": 0,
            "eps_latest_yearly": 0,
            "eps_growth_yearly": 0
        },
        "20021": {
            "year_quarter": 20021,
            "year": 2002,
            "quarter": 1,
            "eps": null,
            "eps_growth_year": null,
            "eps_4q": null,
            "eps_4q_growth_year": null,
            "roe": null,
            "gross_profit": null,
            "gross_margin": null,
            "net_income": null,
            "revenue": null,
            "common_shares": null,
            "equity": null,
            "current_ratio": null,
            "debt_ratio": null,
            "inventory_turnover_ratio": null,
            "account_receivable_turnover_ratio": null,
            "reinvestment_rate": null,
            "research_to_sale_ratio": null,
            "price_fair": 0,
            "eps_avg_yearly": 0,
            "eps_latest_yearly": 0,
            "eps_growth_yearly": 0
        },
        "20022": {
            "year_quarter": 20022,
            "year": 2002,
            "quarter": 2,
            "eps": null,
            "eps_growth_year": null,
            "eps_4q": null,
            "eps_4q_growth_year": null,
            "roe": null,
            "gross_profit": null,
            "gross_margin": null,
            "net_income": null,
            "revenue": null,
            "common_shares": null,
            "equity": null,
            "current_ratio": null,
            "debt_ratio": null,
            "inventory_turnover_ratio": null,
            "account_receivable_turnover_ratio": null,
            "reinvestment_rate": null,
            "research_to_sale_ratio": null,
            "price_fair": 0,
            "eps_avg_yearly": 0,
            "eps_latest_yearly": 0,
            "eps_growth_yearly": 0
        },
        "20023": {
            "year_quarter": 20023,
            "year": 2002,
            "quarter": 3,
            "eps": null,
            "eps_growth_year": null,
            "eps_4q": null,
            "eps_4q_growth_year": null,
            "roe": null,
            "gross_profit": null,
            "gross_margin": null,
            "net_income": null,
            "revenue": null,
            "common_shares": null,
            "equity": null,
            "current_ratio": null,
            "debt_ratio": null,
            "inventory_turnover_ratio": null,
            "account_receivable_turnover_ratio": null,
            "reinvestment_rate": null,
            "research_to_sale_ratio": null,
            "price_fair": 0,
            "eps_avg_yearly": 0,
            "eps_latest_yearly": 0,
            "eps_growth_yearly": 0
        },
        "20024": {
            "year_quarter": 20024,
            "year": 2002,
            "quarter": 4,
            "eps": null,
            "eps_growth_year": null,
            "eps_4q": null,
            "eps_4q_growth_year": null,
            "roe": null,
            "gross_profit": null,
            "gross_margin": null,
            "net_income": null,
            "revenue": null,
            "common_shares": null,
            "equity": null,
            "current_ratio": null,
            "debt_ratio": null,
            "inventory_turnover_ratio": null,
            "account_receivable_turnover_ratio": null,
            "reinvestment_rate": null,
            "research_to_sale_ratio": null,
            "price_fair": 0,
            "eps_avg_yearly": 0,
            "eps_latest_yearly": 0,
            "eps_growth_yearly": 0
        },
        "20031": {
            "year_quarter": 20031,
            "year": 2003,
            "quarter": 1,
            "eps": null,
            "eps_growth_year": null,
            "eps_4q": null,
            "eps_4q_growth_year": null,
            "roe": null,
            "gross_profit": null,
            "gross_margin": null,
            "net_income": null,
            "revenue": null,
            "common_shares": null,
            "equity": null,
            "current_ratio": null,
            "debt_ratio": null,
            "inventory_turnover_ratio": null,
            "account_receivable_turnover_ratio": null,
            "reinvestment_rate": null,
            "research_to_sale_ratio": null,
            "price_fair": 0,
            "eps_avg_yearly": 0,
            "eps_latest_yearly": 0,
            "eps_growth_yearly": 0
        },
        "20032": {
            "year_quarter": 20032,
            "year": 2003,
            "quarter": 2,
            "eps": null,
            "eps_growth_year": null,
            "eps_4q": null,
            "eps_4q_growth_year": null,
            "roe": null,
            "gross_profit": null,
            "gross_margin": null,
            "net_income": null,
            "revenue": null,
            "common_shares": null,
            "equity": null,
            "current_ratio": null,
            "debt_ratio": null,
            "inventory_turnover_ratio": null,
            "account_receivable_turnover_ratio": null,
            "reinvestment_rate": null,
            "research_to_sale_ratio": null,
            "price_fair": 0,
            "eps_avg_yearly": 0,
            "eps_latest_yearly": 0,
            "eps_growth_yearly": 0
        },
        "20033": {
            "year_quarter": 20033,
            "year": 2003,
            "quarter": 3,
            "eps": null,
            "eps_growth_year": null,
            "eps_4q": null,
            "eps_4q_growth_year": null,
            "roe": null,
            "gross_profit": null,
            "gross_margin": null,
            "net_income": null,
            "revenue": null,
            "common_shares": null,
            "equity": null,
            "current_ratio": null,
            "debt_ratio": null,
            "inventory_turnover_ratio": null,
            "account_receivable_turnover_ratio": null,
            "reinvestment_rate": null,
            "research_to_sale_ratio": null,
            "price_fair": 0,
            "eps_avg_yearly": 0,
            "eps_latest_yearly": 0,
            "eps_growth_yearly": 0
        },
        "20034": {
            "year_quarter": 20034,
            "year": 2003,
            "quarter": 4,
            "eps": null,
            "eps_growth_year": null,
            "eps_4q": null,
            "eps_4q_growth_year": null,
            "roe": null,
            "gross_profit": null,
            "gross_margin": null,
            "net_income": null,
            "revenue": null,
            "common_shares": null,
            "equity": null,
            "current_ratio": null,
            "debt_ratio": null,
            "inventory_turnover_ratio": null,
            "account_receivable_turnover_ratio": null,
            "reinvestment_rate": null,
            "research_to_sale_ratio": null,
            "price_fair": 0,
            "eps_avg_yearly": 0,
            "eps_latest_yearly": 0,
            "eps_growth_yearly": 0
        },
        "20041": {
            "year_quarter": 20041,
            "year": 2004,
            "quarter": 1,
            "eps": null,
            "eps_growth_year": null,
            "eps_4q": null,
            "eps_4q_growth_year": null,
            "roe": null,
            "gross_profit": null,
            "gross_margin": null,
            "net_income": null,
            "revenue": null,
            "common_shares": null,
            "equity": null,
            "current_ratio": null,
            "debt_ratio": null,
            "inventory_turnover_ratio": null,
            "account_receivable_turnover_ratio": null,
            "reinvestment_rate": null,
            "research_to_sale_ratio": null,
            "price_fair": 0,
            "eps_avg_yearly": 0,
            "eps_latest_yearly": 0,
            "eps_growth_yearly": 0
        },
        "20042": {
            "year_quarter": 20042,
            "year": 2004,
            "quarter": 2,
            "eps": null,
            "eps_growth_year": null,
            "eps_4q": null,
            "eps_4q_growth_year": null,
            "roe": null,
            "gross_profit": null,
            "gross_margin": null,
            "net_income": null,
            "revenue": null,
            "common_shares": null,
            "equity": null,
            "current_ratio": null,
            "debt_ratio": null,
            "inventory_turnover_ratio": null,
            "account_receivable_turnover_ratio": null,
            "reinvestment_rate": null,
            "research_to_sale_ratio": null,
            "price_fair": 0,
            "eps_avg_yearly": 0,
            "eps_latest_yearly": 0,
            "eps_growth_yearly": 0
        },
        "20043": {
            "year_quarter": 20043,
            "year": 2004,
            "quarter": 3,
            "eps": null,
            "eps_growth_year": null,
            "eps_4q": null,
            "eps_4q_growth_year": null,
            "roe": null,
            "gross_profit": null,
            "gross_margin": null,
            "net_income": null,
            "revenue": null,
            "common_shares": null,
            "equity": null,
            "current_ratio": null,
            "debt_ratio": null,
            "inventory_turnover_ratio": null,
            "account_receivable_turnover_ratio": null,
            "reinvestment_rate": null,
            "research_to_sale_ratio": null,
            "price_fair": 0,
            "eps_avg_yearly": 0,
            "eps_latest_yearly": 0,
            "eps_growth_yearly": 0
        },
        "20044": {
            "year_quarter": 20044,
            "year": 2004,
            "quarter": 4,
            "eps": null,
            "eps_growth_year": null,
            "eps_4q": null,
            "eps_4q_growth_year": null,
            "roe": null,
            "gross_profit": null,
            "gross_margin": null,
            "net_income": null,
            "revenue": null,
            "common_shares": null,
            "equity": null,
            "current_ratio": null,
            "debt_ratio": null,
            "inventory_turnover_ratio": null,
            "account_receivable_turnover_ratio": null,
            "reinvestment_rate": null,
            "research_to_sale_ratio": null,
            "price_fair": 0,
            "eps_avg_yearly": 0,
            "eps_latest_yearly": 0,
            "eps_growth_yearly": 0
        },
        "20051": {
            "year_quarter": 20051,
            "year": 2005,
            "quarter": 1,
            "eps": null,
            "eps_growth_year": null,
            "eps_4q": null,
            "eps_4q_growth_year": null,
            "roe": null,
            "gross_profit": null,
            "gross_margin": null,
            "net_income": null,
            "revenue": null,
            "common_shares": null,
            "equity": null,
            "current_ratio": null,
            "debt_ratio": null,
            "inventory_turnover_ratio": null,
            "account_receivable_turnover_ratio": null,
            "reinvestment_rate": null,
            "research_to_sale_ratio": null,
            "price_fair": 0,
            "eps_avg_yearly": 0,
            "eps_latest_yearly": 0,
            "eps_growth_yearly": 0
        },
        "20052": {
            "year_quarter": 20052,
            "year": 2005,
            "quarter": 2,
            "eps": null,
            "eps_growth_year": null,
            "eps_4q": null,
            "eps_4q_growth_year": null,
            "roe": null,
            "gross_profit": null,
            "gross_margin": null,
            "net_income": null,
            "revenue": null,
            "common_shares": null,
            "equity": null,
            "current_ratio": null,
            "debt_ratio": null,
            "inventory_turnover_ratio": null,
            "account_receivable_turnover_ratio": null,
            "reinvestment_rate": null,
            "research_to_sale_ratio": null,
            "price_fair": 0,
            "eps_avg_yearly": 0,
            "eps_latest_yearly": 0,
            "eps_growth_yearly": 0
        },
        "20053": {
            "year_quarter": 20053,
            "year": 2005,
            "quarter": 3,
            "eps": null,
            "eps_growth_year": null,
            "eps_4q": null,
            "eps_4q_growth_year": null,
            "roe": null,
            "gross_profit": null,
            "gross_margin": null,
            "net_income": null,
            "revenue": null,
            "common_shares": null,
            "equity": null,
            "current_ratio": null,
            "debt_ratio": null,
            "inventory_turnover_ratio": null,
            "account_receivable_turnover_ratio": null,
            "reinvestment_rate": null,
            "research_to_sale_ratio": null,
            "price_fair": 0,
            "eps_avg_yearly": 0,
            "eps_latest_yearly": 0,
            "eps_growth_yearly": 0
        },
        "20054": {
            "year_quarter": 20054,
            "year": 2005,
            "quarter": 4,
            "eps": null,
            "eps_growth_year": null,
            "eps_4q": null,
            "eps_4q_growth_year": null,
            "roe": null,
            "gross_profit": null,
            "gross_margin": null,
            "net_income": null,
            "revenue": null,
            "common_shares": null,
            "equity": null,
            "current_ratio": null,
            "debt_ratio": null,
            "inventory_turnover_ratio": null,
            "account_receivable_turnover_ratio": null,
            "reinvestment_rate": null,
            "research_to_sale_ratio": null,
            "price_fair": 0,
            "eps_avg_yearly": 0,
            "eps_latest_yearly": 0,
            "eps_growth_yearly": 0
        },
        "20061": {
            "year_quarter": 20061,
            "year": 2006,
            "quarter": 1,
            "eps": null,
            "eps_growth_year": null,
            "eps_4q": null,
            "eps_4q_growth_year": null,
            "roe": null,
            "gross_profit": null,
            "gross_margin": null,
            "net_income": null,
            "revenue": null,
            "common_shares": null,
            "equity": null,
            "current_ratio": null,
            "debt_ratio": null,
            "inventory_turnover_ratio": null,
            "account_receivable_turnover_ratio": null,
            "reinvestment_rate": null,
            "research_to_sale_ratio": null,
            "price_fair": 0,
            "eps_avg_yearly": 0,
            "eps_latest_yearly": 0,
            "eps_growth_yearly": 0
        },
        "20062": {
            "year_quarter": 20062,
            "year": 2006,
            "quarter": 2,
            "eps": null,
            "eps_growth_year": null,
            "eps_4q": null,
            "eps_4q_growth_year": null,
            "roe": null,
            "gross_profit": null,
            "gross_margin": null,
            "net_income": null,
            "revenue": null,
            "common_shares": null,
            "equity": null,
            "current_ratio": null,
            "debt_ratio": null,
            "inventory_turnover_ratio": null,
            "account_receivable_turnover_ratio": null,
            "reinvestment_rate": null,
            "research_to_sale_ratio": null,
            "price_fair": 0,
            "eps_avg_yearly": 0,
            "eps_latest_yearly": 0,
            "eps_growth_yearly": 0
        },
        "20063": {
            "year_quarter": 20063,
            "year": 2006,
            "quarter": 3,
            "eps": null,
            "eps_growth_year": null,
            "eps_4q": null,
            "eps_4q_growth_year": null,
            "roe": null,
            "gross_profit": null,
            "gross_margin": null,
            "net_income": null,
            "revenue": null,
            "common_shares": null,
            "equity": null,
            "current_ratio": null,
            "debt_ratio": null,
            "inventory_turnover_ratio": null,
            "account_receivable_turnover_ratio": null,
            "reinvestment_rate": null,
            "research_to_sale_ratio": null,
            "price_fair": 0,
            "eps_avg_yearly": 0,
            "eps_latest_yearly": 0,
            "eps_growth_yearly": 0
        },
        "20064": {
            "year_quarter": 20064,
            "year": 2006,
            "quarter": 4,
            "eps": null,
            "eps_growth_year": null,
            "eps_4q": null,
            "eps_4q_growth_year": null,
            "roe": null,
            "gross_profit": null,
            "gross_margin": null,
            "net_income": null,
            "revenue": null,
            "common_shares": null,
            "equity": null,
            "current_ratio": null,
            "debt_ratio": null,
            "inventory_turnover_ratio": null,
            "account_receivable_turnover_ratio": null,
            "reinvestment_rate": null,
            "research_to_sale_ratio": null,
            "price_fair": 0,
            "eps_avg_yearly": 0,
            "eps_latest_yearly": 0,
            "eps_growth_yearly": 0
        },
        "20071": {
            "year_quarter": 20071,
            "year": 2007,
            "quarter": 1,
            "eps": null,
            "eps_growth_year": null,
            "eps_4q": null,
            "eps_4q_growth_year": null,
            "roe": null,
            "gross_profit": null,
            "gross_margin": null,
            "net_income": null,
            "revenue": null,
            "common_shares": null,
            "equity": null,
            "current_ratio": null,
            "debt_ratio": null,
            "inventory_turnover_ratio": null,
            "account_receivable_turnover_ratio": null,
            "reinvestment_rate": null,
            "research_to_sale_ratio": null,
            "price_fair": 0,
            "eps_avg_yearly": 0,
            "eps_latest_yearly": 0,
            "eps_growth_yearly": 0
        },
        "20072": {
            "year_quarter": 20072,
            "year": 2007,
            "quarter": 2,
            "eps": null,
            "eps_growth_year": null,
            "eps_4q": null,
            "eps_4q_growth_year": null,
            "roe": null,
            "gross_profit": null,
            "gross_margin": null,
            "net_income": null,
            "revenue": null,
            "common_shares": null,
            "equity": null,
            "current_ratio": null,
            "debt_ratio": null,
            "inventory_turnover_ratio": null,
            "account_receivable_turnover_ratio": null,
            "reinvestment_rate": null,
            "research_to_sale_ratio": null,
            "price_fair": 0,
            "eps_avg_yearly": 0,
            "eps_latest_yearly": 0,
            "eps_growth_yearly": 0
        },
        "20073": {
            "year_quarter": 20073,
            "year": 2007,
            "quarter": 3,
            "eps": null,
            "eps_growth_year": null,
            "eps_4q": null,
            "eps_4q_growth_year": null,
            "roe": null,
            "gross_profit": null,
            "gross_margin": null,
            "net_income": null,
            "revenue": null,
            "common_shares": null,
            "equity": null,
            "current_ratio": null,
            "debt_ratio": null,
            "inventory_turnover_ratio": null,
            "account_receivable_turnover_ratio": null,
            "reinvestment_rate": null,
            "research_to_sale_ratio": null,
            "price_fair": 0,
            "eps_avg_yearly": 0,
            "eps_latest_yearly": 0,
            "eps_growth_yearly": 0
        },
        "20074": {
            "year_quarter": 20074,
            "year": 2007,
            "quarter": 4,
            "eps": null,
            "eps_growth_year": null,
            "eps_4q": null,
            "eps_4q_growth_year": null,
            "roe": null,
            "gross_profit": null,
            "gross_margin": null,
            "net_income": null,
            "revenue": null,
            "common_shares": null,
            "equity": null,
            "current_ratio": null,
            "debt_ratio": null,
            "inventory_turnover_ratio": null,
            "account_receivable_turnover_ratio": null,
            "reinvestment_rate": null,
            "research_to_sale_ratio": null,
            "price_fair": 0,
            "eps_avg_yearly": 0,
            "eps_latest_yearly": 0,
            "eps_growth_yearly": 0
        },
        "20081": {
            "year_quarter": 20081,
            "year": 2008,
            "quarter": 1,
            "eps": null,
            "eps_growth_year": null,
            "eps_4q": null,
            "eps_4q_growth_year": null,
            "roe": null,
            "gross_profit": null,
            "gross_margin": null,
            "net_income": null,
            "revenue": null,
            "common_shares": null,
            "equity": null,
            "current_ratio": null,
            "debt_ratio": null,
            "inventory_turnover_ratio": null,
            "account_receivable_turnover_ratio": null,
            "reinvestment_rate": null,
            "research_to_sale_ratio": null,
            "price_fair": 0,
            "eps_avg_yearly": 0,
            "eps_latest_yearly": 0,
            "eps_growth_yearly": 0
        },
        "20082": {
            "year_quarter": 20082,
            "year": 2008,
            "quarter": 2,
            "eps": null,
            "eps_growth_year": null,
            "eps_4q": null,
            "eps_4q_growth_year": null,
            "roe": null,
            "gross_profit": null,
            "gross_margin": null,
            "net_income": null,
            "revenue": null,
            "common_shares": null,
            "equity": null,
            "current_ratio": null,
            "debt_ratio": null,
            "inventory_turnover_ratio": null,
            "account_receivable_turnover_ratio": null,
            "reinvestment_rate": null,
            "research_to_sale_ratio": null,
            "price_fair": 0,
            "eps_avg_yearly": 0,
            "eps_latest_yearly": 0,
            "eps_growth_yearly": 0
        },
        "20083": {
            "year_quarter": 20083,
            "year": 2008,
            "quarter": 3,
            "eps": null,
            "eps_growth_year": null,
            "eps_4q": null,
            "eps_4q_growth_year": null,
            "roe": null,
            "gross_profit": null,
            "gross_margin": null,
            "net_income": null,
            "revenue": null,
            "common_shares": null,
            "equity": null,
            "current_ratio": null,
            "debt_ratio": null,
            "inventory_turnover_ratio": null,
            "account_receivable_turnover_ratio": null,
            "reinvestment_rate": null,
            "research_to_sale_ratio": null,
            "price_fair": 0,
            "eps_avg_yearly": 0,
            "eps_latest_yearly": 0,
            "eps_growth_yearly": 0
        },
        "20084": {
            "year_quarter": 20084,
            "year": 2008,
            "quarter": 4,
            "eps": null,
            "eps_growth_year": null,
            "eps_4q": null,
            "eps_4q_growth_year": null,
            "roe": null,
            "gross_profit": null,
            "gross_margin": null,
            "net_income": null,
            "revenue": null,
            "common_shares": null,
            "equity": null,
            "current_ratio": null,
            "debt_ratio": null,
            "inventory_turnover_ratio": null,
            "account_receivable_turnover_ratio": null,
            "reinvestment_rate": null,
            "research_to_sale_ratio": null,
            "price_fair": 0,
            "eps_avg_yearly": 0,
            "eps_latest_yearly": 0,
            "eps_growth_yearly": 0
        },
        "20091": {
            "year_quarter": 20091,
            "year": 2009,
            "quarter": 1,
            "eps": null,
            "eps_growth_year": null,
            "eps_4q": null,
            "eps_4q_growth_year": null,
            "roe": null,
            "gross_profit": null,
            "gross_margin": null,
            "net_income": null,
            "revenue": null,
            "common_shares": null,
            "equity": null,
            "current_ratio": null,
            "debt_ratio": null,
            "inventory_turnover_ratio": null,
            "account_receivable_turnover_ratio": null,
            "reinvestment_rate": null,
            "research_to_sale_ratio": null,
            "price_fair": 0,
            "eps_avg_yearly": 0,
            "eps_latest_yearly": 0,
            "eps_growth_yearly": 0
        },
        "20092": {
            "year_quarter": 20092,
            "year": 2009,
            "quarter": 2,
            "eps": null,
            "eps_growth_year": null,
            "eps_4q": null,
            "eps_4q_growth_year": null,
            "roe": null,
            "gross_profit": null,
            "gross_margin": null,
            "net_income": null,
            "revenue": null,
            "common_shares": null,
            "equity": null,
            "current_ratio": null,
            "debt_ratio": null,
            "inventory_turnover_ratio": null,
            "account_receivable_turnover_ratio": null,
            "reinvestment_rate": null,
            "research_to_sale_ratio": null,
            "price_fair": 0,
            "eps_avg_yearly": 0,
            "eps_latest_yearly": 0,
            "eps_growth_yearly": 0
        },
        "20093": {
            "year_quarter": 20093,
            "year": 2009,
            "quarter": 3,
            "eps": null,
            "eps_growth_year": null,
            "eps_4q": null,
            "eps_4q_growth_year": null,
            "roe": null,
            "gross_profit": null,
            "gross_margin": null,
            "net_income": null,
            "revenue": null,
            "common_shares": null,
            "equity": null,
            "current_ratio": null,
            "debt_ratio": null,
            "inventory_turnover_ratio": null,
            "account_receivable_turnover_ratio": null,
            "reinvestment_rate": null,
            "research_to_sale_ratio": null,
            "price_fair": 0,
            "eps_avg_yearly": 0,
            "eps_latest_yearly": 0,
            "eps_growth_yearly": 0
        },
        "20094": {
            "year_quarter": 20094,
            "year": 2009,
            "quarter": 4,
            "eps": null,
            "eps_growth_year": null,
            "eps_4q": null,
            "eps_4q_growth_year": null,
            "roe": null,
            "gross_profit": null,
            "gross_margin": null,
            "net_income": null,
            "revenue": null,
            "common_shares": null,
            "equity": null,
            "current_ratio": null,
            "debt_ratio": null,
            "inventory_turnover_ratio": null,
            "account_receivable_turnover_ratio": null,
            "reinvestment_rate": null,
            "research_to_sale_ratio": null,
            "price_fair": 0,
            "eps_avg_yearly": 0,
            "eps_latest_yearly": 0,
            "eps_growth_yearly": 0
        },
        "20101": {
            "year_quarter": 20101,
            "year": 2010,
            "quarter": 1,
            "eps": null,
            "eps_growth_year": null,
            "eps_4q": null,
            "eps_4q_growth_year": null,
            "roe": null,
            "gross_profit": null,
            "gross_margin": null,
            "net_income": null,
            "revenue": null,
            "common_shares": null,
            "equity": null,
            "current_ratio": null,
            "debt_ratio": null,
            "inventory_turnover_ratio": null,
            "account_receivable_turnover_ratio": null,
            "reinvestment_rate": null,
            "research_to_sale_ratio": null,
            "price_fair": 0,
            "eps_avg_yearly": 0,
            "eps_latest_yearly": 0,
            "eps_growth_yearly": 0
        },
        "20102": {
            "year_quarter": 20102,
            "year": 2010,
            "quarter": 2,
            "eps": null,
            "eps_growth_year": null,
            "eps_4q": null,
            "eps_4q_growth_year": null,
            "roe": null,
            "gross_profit": null,
            "gross_margin": null,
            "net_income": null,
            "revenue": null,
            "common_shares": null,
            "equity": null,
            "current_ratio": null,
            "debt_ratio": null,
            "inventory_turnover_ratio": null,
            "account_receivable_turnover_ratio": null,
            "reinvestment_rate": null,
            "research_to_sale_ratio": null,
            "price_fair": 0,
            "eps_avg_yearly": 0,
            "eps_latest_yearly": 0,
            "eps_growth_yearly": 0
        },
        "20103": {
            "year_quarter": 20103,
            "year": 2010,
            "quarter": 3,
            "eps": null,
            "eps_growth_year": null,
            "eps_4q": null,
            "eps_4q_growth_year": null,
            "roe": null,
            "gross_profit": null,
            "gross_margin": null,
            "net_income": null,
            "revenue": null,
            "common_shares": null,
            "equity": null,
            "current_ratio": null,
            "debt_ratio": null,
            "inventory_turnover_ratio": null,
            "account_receivable_turnover_ratio": null,
            "reinvestment_rate": null,
            "research_to_sale_ratio": null,
            "price_fair": 0,
            "eps_avg_yearly": 0,
            "eps_latest_yearly": 0,
            "eps_growth_yearly": 0
        },
        "20104": {
            "year_quarter": 20104,
            "year": 2010,
            "quarter": 4,
            "eps": null,
            "eps_growth_year": null,
            "eps_4q": null,
            "eps_4q_growth_year": null,
            "roe": null,
            "gross_profit": null,
            "gross_margin": null,
            "net_income": null,
            "revenue": null,
            "common_shares": null,
            "equity": null,
            "current_ratio": null,
            "debt_ratio": null,
            "inventory_turnover_ratio": null,
            "account_receivable_turnover_ratio": null,
            "reinvestment_rate": null,
            "research_to_sale_ratio": null,
            "price_fair": 0,
            "eps_avg_yearly": 0,
            "eps_latest_yearly": 0,
            "eps_growth_yearly": 0
        },
        "20111": {
            "year_quarter": 20111,
            "year": 2011,
            "quarter": 1,
            "eps": null,
            "eps_growth_year": null,
            "eps_4q": null,
            "eps_4q_growth_year": null,
            "roe": null,
            "gross_profit": null,
            "gross_margin": null,
            "net_income": null,
            "revenue": null,
            "common_shares": null,
            "equity": null,
            "current_ratio": null,
            "debt_ratio": null,
            "inventory_turnover_ratio": null,
            "account_receivable_turnover_ratio": null,
            "reinvestment_rate": null,
            "research_to_sale_ratio": null,
            "price_fair": 0,
            "eps_avg_yearly": 0,
            "eps_latest_yearly": 0,
            "eps_growth_yearly": 0
        },
        "20112": {
            "year_quarter": 20112,
            "year": 2011,
            "quarter": 2,
            "eps": null,
            "eps_growth_year": null,
            "eps_4q": null,
            "eps_4q_growth_year": null,
            "roe": null,
            "gross_profit": null,
            "gross_margin": null,
            "net_income": null,
            "revenue": null,
            "common_shares": null,
            "equity": null,
            "current_ratio": null,
            "debt_ratio": null,
            "inventory_turnover_ratio": null,
            "account_receivable_turnover_ratio": null,
            "reinvestment_rate": null,
            "research_to_sale_ratio": null,
            "price_fair": 0,
            "eps_avg_yearly": 0,
            "eps_latest_yearly": 0,
            "eps_growth_yearly": 0
        },
        "20113": {
            "year_quarter": 20113,
            "year": 2011,
            "quarter": 3,
            "eps": null,
            "eps_growth_year": null,
            "eps_4q": null,
            "eps_4q_growth_year": null,
            "roe": null,
            "gross_profit": null,
            "gross_margin": null,
            "net_income": null,
            "revenue": null,
            "common_shares": null,
            "equity": null,
            "current_ratio": null,
            "debt_ratio": null,
            "inventory_turnover_ratio": null,
            "account_receivable_turnover_ratio": null,
            "reinvestment_rate": null,
            "research_to_sale_ratio": null,
            "price_fair": 0,
            "eps_avg_yearly": 0,
            "eps_latest_yearly": 0,
            "eps_growth_yearly": 0
        },
        "20114": {
            "year_quarter": 20114,
            "year": 2011,
            "quarter": 4,
            "eps": null,
            "eps_growth_year": null,
            "eps_4q": null,
            "eps_4q_growth_year": null,
            "roe": null,
            "gross_profit": null,
            "gross_margin": null,
            "net_income": null,
            "revenue": null,
            "common_shares": null,
            "equity": null,
            "current_ratio": null,
            "debt_ratio": null,
            "inventory_turnover_ratio": null,
            "account_receivable_turnover_ratio": null,
            "reinvestment_rate": null,
            "research_to_sale_ratio": null,
            "price_fair": 0,
            "eps_avg_yearly": 0,
            "eps_latest_yearly": 0,
            "eps_growth_yearly": 0
        },
        "20121": {
            "year_quarter": 20121,
            "year": 2012,
            "quarter": 1,
            "eps": null,
            "eps_growth_year": null,
            "eps_4q": null,
            "eps_4q_growth_year": null,
            "roe": null,
            "gross_profit": null,
            "gross_margin": null,
            "net_income": null,
            "revenue": null,
            "common_shares": null,
            "equity": null,
            "current_ratio": null,
            "debt_ratio": null,
            "inventory_turnover_ratio": null,
            "account_receivable_turnover_ratio": null,
            "reinvestment_rate": null,
            "research_to_sale_ratio": null,
            "price_fair": 0,
            "eps_avg_yearly": 0,
            "eps_latest_yearly": 0,
            "eps_growth_yearly": 0
        },
        "20122": {
            "year_quarter": 20122,
            "year": 2012,
            "quarter": 2,
            "eps": null,
            "eps_growth_year": null,
            "eps_4q": null,
            "eps_4q_growth_year": null,
            "roe": null,
            "gross_profit": null,
            "gross_margin": null,
            "net_income": null,
            "revenue": null,
            "common_shares": null,
            "equity": null,
            "current_ratio": null,
            "debt_ratio": null,
            "inventory_turnover_ratio": null,
            "account_receivable_turnover_ratio": null,
            "reinvestment_rate": null,
            "research_to_sale_ratio": null,
            "price_fair": 0,
            "eps_avg_yearly": 0,
            "eps_latest_yearly": 0,
            "eps_growth_yearly": 0
        },
        "20123": {
            "year_quarter": 20123,
            "year": 2012,
            "quarter": 3,
            "eps": null,
            "eps_growth_year": null,
            "eps_4q": null,
            "eps_4q_growth_year": null,
            "roe": null,
            "gross_profit": null,
            "gross_margin": null,
            "net_income": null,
            "revenue": null,
            "common_shares": null,
            "equity": null,
            "current_ratio": null,
            "debt_ratio": null,
            "inventory_turnover_ratio": null,
            "account_receivable_turnover_ratio": null,
            "reinvestment_rate": null,
            "research_to_sale_ratio": null,
            "price_fair": 0,
            "eps_avg_yearly": 0,
            "eps_latest_yearly": 0,
            "eps_growth_yearly": 0
        },
        "20124": {
            "year_quarter": 20124,
            "year": 2012,
            "quarter": 4,
            "eps": null,
            "eps_growth_year": null,
            "eps_4q": null,
            "eps_4q_growth_year": null,
            "roe": null,
            "gross_profit": null,
            "gross_margin": null,
            "net_income": null,
            "revenue": null,
            "common_shares": 102056,
            "equity": 99095,
            "current_ratio": 93.18,
            "debt_ratio": 42.11,
            "inventory_turnover_ratio": null,
            "account_receivable_turnover_ratio": null,
            "reinvestment_rate": null,
            "research_to_sale_ratio": null,
            "price_fair": 0,
            "eps_avg_yearly": 0,
            "eps_latest_yearly": 0,
            "eps_growth_yearly": 0
        },
        "20131": {
            "year_quarter": 20131,
            "year": 2013,
            "quarter": 1,
            "eps": null,
            "eps_growth_year": null,
            "eps_4q": null,
            "eps_4q_growth_year": null,
            "roe": null,
            "gross_profit": null,
            "gross_margin": null,
            "net_income": null,
            "revenue": null,
            "common_shares": null,
            "equity": null,
            "current_ratio": null,
            "debt_ratio": null,
            "inventory_turnover_ratio": null,
            "account_receivable_turnover_ratio": null,
            "reinvestment_rate": null,
            "research_to_sale_ratio": null,
            "price_fair": 0,
            "eps_avg_yearly": 0,
            "eps_latest_yearly": 0,
            "eps_growth_yearly": 0
        },
        "20132": {
            "year_quarter": 20132,
            "year": 2013,
            "quarter": 2,
            "eps": null,
            "eps_growth_year": null,
            "eps_4q": null,
            "eps_4q_growth_year": null,
            "roe": null,
            "gross_profit": null,
            "gross_margin": null,
            "net_income": null,
            "revenue": null,
            "common_shares": null,
            "equity": null,
            "current_ratio": null,
            "debt_ratio": null,
            "inventory_turnover_ratio": null,
            "account_receivable_turnover_ratio": null,
            "reinvestment_rate": null,
            "research_to_sale_ratio": null,
            "price_fair": 0,
            "eps_avg_yearly": 0,
            "eps_latest_yearly": 0,
            "eps_growth_yearly": 0
        },
        "20133": {
            "year_quarter": 20133,
            "year": 2013,
            "quarter": 3,
            "eps": null,
            "eps_growth_year": null,
            "eps_4q": null,
            "eps_4q_growth_year": null,
            "roe": null,
            "gross_profit": null,
            "gross_margin": null,
            "net_income": null,
            "revenue": null,
            "common_shares": null,
            "equity": null,
            "current_ratio": null,
            "debt_ratio": null,
            "inventory_turnover_ratio": null,
            "account_receivable_turnover_ratio": null,
            "reinvestment_rate": null,
            "research_to_sale_ratio": null,
            "price_fair": 0,
            "eps_avg_yearly": 0,
            "eps_latest_yearly": 0,
            "eps_growth_yearly": 0
        },
        "20134": {
            "year_quarter": 20134,
            "year": 2013,
            "quarter": 4,
            "eps": null,
            "eps_growth_year": null,
            "eps_4q": null,
            "eps_4q_growth_year": null,
            "roe": null,
            "gross_profit": null,
            "gross_margin": null,
            "net_income": null,
            "revenue": null,
            "common_shares": null,
            "equity": null,
            "current_ratio": null,
            "debt_ratio": null,
            "inventory_turnover_ratio": null,
            "account_receivable_turnover_ratio": null,
            "reinvestment_rate": null,
            "research_to_sale_ratio": null,
            "price_fair": 0,
            "eps_avg_yearly": 0,
            "eps_latest_yearly": 0,
            "eps_growth_yearly": 0
        },
        "20141": {
            "year_quarter": 20141,
            "year": 2014,
            "quarter": 1,
            "eps": null,
            "eps_growth_year": null,
            "eps_4q": null,
            "eps_4q_growth_year": null,
            "roe": null,
            "gross_profit": null,
            "gross_margin": null,
            "net_income": null,
            "revenue": null,
            "common_shares": null,
            "equity": null,
            "current_ratio": null,
            "debt_ratio": null,
            "inventory_turnover_ratio": null,
            "account_receivable_turnover_ratio": null,
            "reinvestment_rate": null,
            "research_to_sale_ratio": null,
            "price_fair": 0,
            "eps_avg_yearly": 0,
            "eps_latest_yearly": 0,
            "eps_growth_yearly": 0
        },
        "20142": {
            "year_quarter": 20142,
            "year": 2014,
            "quarter": 2,
            "eps": null,
            "eps_growth_year": null,
            "eps_4q": null,
            "eps_4q_growth_year": null,
            "roe": null,
            "gross_profit": null,
            "gross_margin": null,
            "net_income": null,
            "revenue": null,
            "common_shares": 152056,
            "equity": 292122,
            "current_ratio": null,
            "debt_ratio": null,
            "inventory_turnover_ratio": null,
            "account_receivable_turnover_ratio": null,
            "reinvestment_rate": null,
            "research_to_sale_ratio": null,
            "price_fair": 0,
            "eps_avg_yearly": 0,
            "eps_latest_yearly": 0,
            "eps_growth_yearly": 0
        },
        "20143": {
            "year_quarter": 20143,
            "year": 2014,
            "quarter": 3,
            "eps": null,
            "eps_growth_year": null,
            "eps_4q": null,
            "eps_4q_growth_year": null,
            "roe": null,
            "gross_profit": null,
            "gross_margin": null,
            "net_income": null,
            "revenue": null,
            "common_shares": null,
            "equity": null,
            "current_ratio": null,
            "debt_ratio": null,
            "inventory_turnover_ratio": null,
            "account_receivable_turnover_ratio": null,
            "reinvestment_rate": null,
            "research_to_sale_ratio": null,
            "price_fair": 0,
            "eps_avg_yearly": 0,
            "eps_latest_yearly": 0,
            "eps_growth_yearly": 0
        },
        "20144": {
            "year_quarter": 20144,
            "year": 2014,
            "quarter": 4,
            "eps": null,
            "eps_growth_year": null,
            "eps_4q": null,
            "eps_4q_growth_year": null,
            "roe": null,
            "gross_profit": null,
            "gross_margin": null,
            "net_income": null,
            "revenue": null,
            "common_shares": 220056,
            "equity": 673864,
            "current_ratio": null,
            "debt_ratio": null,
            "inventory_turnover_ratio": null,
            "account_receivable_turnover_ratio": null,
            "reinvestment_rate": null,
            "research_to_sale_ratio": null,
            "price_fair": 0,
            "eps_avg_yearly": 0,
            "eps_latest_yearly": 0,
            "eps_growth_yearly": 0
        },
        "20151": {
            "year_quarter": 20151,
            "year": 2015,
            "quarter": 1,
            "eps": null,
            "eps_growth_year": null,
            "eps_4q": null,
            "eps_4q_growth_year": null,
            "roe": null,
            "gross_profit": 17428,
            "gross_margin": null,
            "net_income": 5399,
            "revenue": 62983,
            "common_shares": 220056,
            "equity": 679280,
            "current_ratio": null,
            "debt_ratio": null,
            "inventory_turnover_ratio": null,
            "account_receivable_turnover_ratio": null,
            "reinvestment_rate": null,
            "research_to_sale_ratio": null,
            "price_fair": 0,
            "eps_avg_yearly": 0,
            "eps_latest_yearly": 0,
            "eps_growth_yearly": 0
        },
        "20152": {
            "year_quarter": 20152,
            "year": 2015,
            "quarter": 2,
            "eps": null,
            "eps_growth_year": null,
            "eps_4q": null,
            "eps_4q_growth_year": null,
            "roe": null,
            "gross_profit": 27148,
            "gross_margin": null,
            "net_income": 11788,
            "revenue": 95645,
            "common_shares": 220056,
            "equity": 646648,
            "current_ratio": 303.9,
            "debt_ratio": 18.91,
            "inventory_turnover_ratio": null,
            "account_receivable_turnover_ratio": null,
            "reinvestment_rate": null,
            "research_to_sale_ratio": null,
            "price_fair": 0,
            "eps_avg_yearly": 0,
            "eps_latest_yearly": 0,
            "eps_growth_yearly": 0
        },
        "20153": {
            "year_quarter": 20153,
            "year": 2015,
            "quarter": 3,
            "eps": null,
            "eps_growth_year": null,
            "eps_4q": null,
            "eps_4q_growth_year": null,
            "roe": null,
            "gross_profit": 29400,
            "gross_margin": null,
            "net_income": 17564,
            "revenue": 97866,
            "common_shares": 220056,
            "equity": 662282,
            "current_ratio": 353.99,
            "debt_ratio": 15.92,
            "inventory_turnover_ratio": null,
            "account_receivable_turnover_ratio": null,
            "reinvestment_rate": null,
            "research_to_sale_ratio": null,
            "price_fair": 0,
            "eps_avg_yearly": 0,
            "eps_latest_yearly": 0,
            "eps_growth_yearly": 0
        },
        "20154": {
            "year_quarter": 20154,
            "year": 2015,
            "quarter": 4,
            "eps": null,
            "eps_growth_year": null,
            "eps_4q": null,
            "eps_4q_growth_year": null,
            "roe": null,
            "gross_profit": 42688,
            "gross_margin": null,
            "net_income": 23757,
            "revenue": 121910,
            "common_shares": 220056,
            "equity": 685425,
            "current_ratio": 387.14,
            "debt_ratio": 15.31,
            "inventory_turnover_ratio": null,
            "account_receivable_turnover_ratio": null,
            "reinvestment_rate": null,
            "research_to_sale_ratio": null,
            "price_fair": 0,
            "eps_avg_yearly": 0,
            "eps_latest_yearly": 0,
            "eps_growth_yearly": 0
        },
        "20161": {
            "year_quarter": 20161,
            "year": 2016,
            "quarter": 1,
            "eps": 0.91,
            "eps_growth_year": null,
            "eps_4q": 0.04,
            "eps_4q_growth_year": null,
            "roe": 2.87,
            "gross_profit": 38535,
            "gross_margin": 35.39,
            "net_income": 19963,
            "revenue": 108888,
            "common_shares": 220056,
            "equity": 704792,
            "current_ratio": 392.18,
            "debt_ratio": 15.46,
            "inventory_turnover_ratio": 1.11,
            "account_receivable_turnover_ratio": 0.78,
            "reinvestment_rate": null,
            "research_to_sale_ratio": 3.16,
            "price_fair": 0,
            "eps_avg_yearly": 0,
            "eps_latest_yearly": 0,
            "eps_growth_yearly": 0
        },
        "20162": {
            "year_quarter": 20162,
            "year": 2016,
            "quarter": 2,
            "eps": 0.36,
            "eps_growth_year": null,
            "eps_4q": 0.05,
            "eps_4q_growth_year": null,
            "roe": 1.17,
            "gross_profit": 32942,
            "gross_margin": 29.96,
            "net_income": 7894,
            "revenue": 109965,
            "common_shares": 220056,
            "equity": 646314,
            "current_ratio": 256.49,
            "debt_ratio": 24.37,
            "inventory_turnover_ratio": 1.09,
            "account_receivable_turnover_ratio": 0.77,
            "reinvestment_rate": null,
            "research_to_sale_ratio": 3.76,
            "price_fair": 4.32,
            "eps_avg_yearly": 1.44,
            "eps_latest_yearly": 1.44,
            "eps_growth_yearly": -241.76
        },
        "20163": {
            "year_quarter": 20163,
            "year": 2016,
            "quarter": 3,
            "eps": 0.29,
            "eps_growth_year": null,
            "eps_4q": 0.06,
            "eps_4q_growth_year": null,
            "roe": 0.8,
            "gross_profit": 35534,
            "gross_margin": 27.9,
            "net_income": 6439,
            "revenue": 127382,
            "common_shares": 245056,
            "equity": 954502,
            "current_ratio": 513.9,
            "debt_ratio": 13.68,
            "inventory_turnover_ratio": 1.45,
            "account_receivable_turnover_ratio": 0.87,
            "reinvestment_rate": null,
            "research_to_sale_ratio": 3.28,
            "price_fair": 3.9,
            "eps_avg_yearly": 1.3,
            "eps_latest_yearly": 1.16,
            "eps_growth_yearly": -159.77
        },
        "20164": {
            "year_quarter": 20164,
            "year": 2016,
            "quarter": 4,
            "eps": 0.02,
            "eps_growth_year": null,
            "eps_4q": 0.07,
            "eps_4q_growth_year": null,
            "roe": 1.11,
            "gross_profit": 28789,
            "gross_margin": 26.17,
            "net_income": 10702,
            "revenue": 109991,
            "common_shares": 246071,
            "equity": 965766,
            "current_ratio": 498.24,
            "debt_ratio": 14.45,
            "inventory_turnover_ratio": 1.21,
            "account_receivable_turnover_ratio": 0.71,
            "reinvestment_rate": null,
            "research_to_sale_ratio": 6.14,
            "price_fair": 2.68,
            "eps_avg_yearly": 0.89,
            "eps_latest_yearly": 0.08,
            "eps_growth_yearly": -230.65
        },
        "20171": {
            "year_quarter": 20171,
            "year": 2017,
            "quarter": 1,
            "eps": 0.08,
            "eps_growth_year": -91.21,
            "eps_4q": 0.04,
            "eps_4q_growth_year": -0.82,
            "roe": 0.75,
            "gross_profit": 93216,
            "gross_margin": 21.11,
            "net_income": 20642,
            "revenue": 441502,
            "common_shares": 301071,
            "equity": 4534884,
            "current_ratio": 246.55,
            "debt_ratio": 47.97,
            "inventory_turnover_ratio": 0.65,
            "account_receivable_turnover_ratio": 0.53,
            "reinvestment_rate": null,
            "research_to_sale_ratio": 1.67,
            "price_fair": 26.25,
            "eps_avg_yearly": 0.75,
            "eps_latest_yearly": 0.32,
            "eps_growth_yearly": 127.01
        },
        "20172": {
            "year_quarter": 20172,
            "year": 2017,
            "quarter": 2,
            "eps": 2.94,
            "eps_growth_year": 716.67,
            "eps_4q": 0.14,
            "eps_4q_growth_year": 182.26,
            "roe": 4.72,
            "gross_profit": 409000,
            "gross_margin": 20.82,
            "net_income": 174102,
            "revenue": 1964224,
            "common_shares": 301071,
            "equity": 2850070,
            "current_ratio": 193.61,
            "debt_ratio": 64.21,
            "inventory_turnover_ratio": 1.51,
            "account_receivable_turnover_ratio": 1.28,
            "reinvestment_rate": null,
            "research_to_sale_ratio": 0.38,
            "price_fair": 103.32,
            "eps_avg_yearly": 2.95,
            "eps_latest_yearly": 11.76,
            "eps_growth_yearly": 2961.61
        },
        "20173": {
            "year_quarter": 20173,
            "year": 2017,
            "quarter": 3,
            "eps": 5.49,
            "eps_growth_year": 1793.1,
            "eps_4q": 0.35,
            "eps_4q_growth_year": 532.49,
            "roe": 6.37,
            "gross_profit": 441156,
            "gross_margin": 22.06,
            "net_income": 187705,
            "revenue": 1999655,
            "common_shares": 301071,
            "equity": 3041447,
            "current_ratio": 236.7,
            "debt_ratio": 64.79,
            "inventory_turnover_ratio": 1.4,
            "account_receivable_turnover_ratio": 1.27,
            "reinvestment_rate": null,
            "research_to_sale_ratio": 0.38,
            "price_fair": 214.2,
            "eps_avg_yearly": 6.12,
            "eps_latest_yearly": 21.96,
            "eps_growth_yearly": 2525.83
        },
        "20174": {
            "year_quarter": 20174,
            "year": 2017,
            "quarter": 4,
            "eps": 0.19,
            "eps_growth_year": 1016.12,
            "eps_4q": 0.48,
            "eps_4q_growth_year": 552.88,
            "roe": 10.71,
            "gross_profit": 500715,
            "gross_margin": 16.15,
            "net_income": 437692,
            "revenue": 3099841,
            "common_shares": 361071,
            "equity": 5130220,
            "current_ratio": 248.85,
            "debt_ratio": 43.62,
            "inventory_turnover_ratio": 2.15,
            "account_receivable_turnover_ratio": 1.83,
            "reinvestment_rate": null,
            "research_to_sale_ratio": 0.28,
            "price_fair": 187.4,
            "eps_avg_yearly": 5.35,
            "eps_latest_yearly": 0.76,
            "eps_growth_yearly": 2109.83
        },
        "20181": {
            "year_quarter": 20181,
            "year": 2018,
            "quarter": 1,
            "eps": 4.71,
            "eps_growth_year": 5787.5,
            "eps_4q": 0.66,
            "eps_4q_growth_year": 1736.64,
            "roe": 3.3,
            "gross_profit": 458717,
            "gross_margin": 19.22,
            "net_income": 172183,
            "revenue": 2387076,
            "common_shares": 362651,
            "equity": 5299042,
            "current_ratio": 187.5,
            "debt_ratio": 37.46,
            "inventory_turnover_ratio": 1.48,
            "account_receivable_turnover_ratio": 1.24,
            "reinvestment_rate": null,
            "research_to_sale_ratio": 0.59,
            "price_fair": 246.4,
            "eps_avg_yearly": 7.04,
            "eps_latest_yearly": 18.84,
            "eps_growth_yearly": 3035.58
        },
        "20182": {
            "year_quarter": 20182,
            "year": 2018,
            "quarter": 2,
            "eps": 6.79,
            "eps_growth_year": 130.95,
            "eps_4q": 0.84,
            "eps_4q_growth_year": 484.34,
            "roe": 4.82,
            "gross_profit": 449147,
            "gross_margin": 17.56,
            "net_income": 248538,
            "revenue": 2557982,
            "common_shares": 362651,
            "equity": 5012214,
            "current_ratio": 158.68,
            "debt_ratio": 44.68,
            "inventory_turnover_ratio": 1.53,
            "account_receivable_turnover_ratio": 1.22,
            "reinvestment_rate": null,
            "research_to_sale_ratio": 0.7,
            "price_fair": 324.64,
            "eps_avg_yearly": 9.28,
            "eps_latest_yearly": 27.16,
            "eps_growth_yearly": 2717.92
        },
        "20183": {
            "year_quarter": 20183,
            "year": 2018,
            "quarter": 3,
            "eps": 7.23,
            "eps_growth_year": 31.69,
            "eps_4q": 0.93,
            "eps_4q_growth_year": 163.78,
            "roe": 5.15,
            "gross_profit": 512957,
            "gross_margin": 20.2,
            "net_income": 256951,
            "revenue": 2538887,
            "common_shares": 362651,
            "equity": 4970540,
            "current_ratio": 167.65,
            "debt_ratio": 47.2,
            "inventory_turnover_ratio": 1.4,
            "account_receivable_turnover_ratio": 1.2,
            "reinvestment_rate": null,
            "research_to_sale_ratio": 0.66,
            "price_fair": 393.4,
            "eps_avg_yearly": 11.24,
            "eps_latest_yearly": 28.92,
            "eps_growth_yearly": 2448.72
        },
        "20184": {
            "year_quarter": 20184,
            "year": 2018,
            "quarter": 4,
            "eps": 0.19,
            "eps_growth_year": -2.53,
            "eps_4q": 0.93,
            "eps_4q_growth_year": 94.04,
            "roe": 3.44,
            "gross_profit": 380777,
            "gross_margin": 16.55,
            "net_income": 174237,
            "revenue": 2300906,
            "common_shares": 364131,
            "equity": 5171363,
            "current_ratio": 209.99,
            "debt_ratio": 47.17,
            "inventory_turnover_ratio": 1.32,
            "account_receivable_turnover_ratio": 1.16,
            "reinvestment_rate": 142.51,
            "research_to_sale_ratio": 0.84,
            "price_fair": 360.05,
            "eps_avg_yearly": 10.29,
            "eps_latest_yearly": 0.76,
            "eps_growth_yearly": 2190.7
        },
        "20191": {
            "year_quarter": 20191,
            "year": 2019,
            "quarter": 1,
            "eps": 3.48,
            "eps_growth_year": -26.11,
            "eps_4q": 0.87,
            "eps_4q_growth_year": 32.33,
            "roe": 2.36,
            "gross_profit": 348440,
            "gross_margin": 16.16,
            "net_income": 123940,
            "revenue": 2155992,
            "common_shares": 364131,
            "equity": 5337188,
            "current_ratio": 234.34,
            "debt_ratio": 44.73,
            "inventory_turnover_ratio": 1.32,
            "account_receivable_turnover_ratio": 1.16,
            "reinvestment_rate": 130.39,
            "research_to_sale_ratio": 0.75,
            "price_fair": 370.65,
            "eps_avg_yearly": 10.59,
            "eps_latest_yearly": 13.92,
            "eps_growth_yearly": 2585.33
        },
        "20192": {
            "year_quarter": 20192,
            "year": 2019,
            "quarter": 2,
            "eps": 4.1,
            "eps_growth_year": -39.62,
            "eps_4q": 0.76,
            "eps_4q_growth_year": -8.59,
            "roe": 2.89,
            "gross_profit": 360840,
            "gross_margin": 16.03,
            "net_income": 147764,
            "revenue": 2250917,
            "common_shares": 364131,
            "equity": 4895065,
            "current_ratio": 191.47,
            "debt_ratio": 51.38,
            "inventory_turnover_ratio": 1.48,
            "account_receivable_turnover_ratio": 1.21,
            "reinvestment_rate": 119.33,
            "research_to_sale_ratio": 1.65,
            "price_fair": 386.29,
            "eps_avg_yearly": 11.04,
            "eps_latest_yearly": 16.4,
            "eps_growth_yearly": 2391.94
        },
        "20193": {
            "year_quarter": 20193,
            "year": 2019,
            "quarter": 3,
            "eps": 0.52,
            "eps_growth_year": -92.81,
            "eps_4q": 0.69,
            "eps_4q_growth_year": -25.73,
            "roe": 3.77,
            "gross_profit": 423417,
            "gross_margin": 17.14,
            "net_income": 187290,
            "revenue": 2470868,
            "common_shares": 364131,
            "equity": 5035702,
            "current_ratio": 218.87,
            "debt_ratio": 51.37,
            "inventory_turnover_ratio": 1.61,
            "account_receivable_turnover_ratio": 1.23,
            "reinvestment_rate": 105.57,
            "research_to_sale_ratio": 1.22,
            "price_fair": 363.9,
            "eps_avg_yearly": 10.4,
            "eps_latest_yearly": 2.08,
            "eps_growth_yearly": 2196.14
        },
        "20194": {
            "year_quarter": 20194,
            "year": 2019,
            "quarter": 4,
            "eps": 0.17,
            "eps_growth_year": -8.61,
            "eps_4q": 0.68,
            "eps_4q_growth_year": -27.13,
            "roe": 3.19,
            "gross_profit": 448127,
            "gross_margin": 18.35,
            "net_income": 159921,
            "revenue": 2442498,
            "common_shares": 364131,
            "equity": 4986410,
            "current_ratio": 219.4,
            "debt_ratio": 52.71,
            "inventory_turnover_ratio": 1.54,
            "account_receivable_turnover_ratio": 1.2,
            "reinvestment_rate": 96.14,
            "research_to_sale_ratio": 2.71,
            "price_fair": 341.23,
            "eps_avg_yearly": 9.75,
            "eps_latest_yearly": 0.68,
            "eps_growth_yearly": 2031.79
        },
        "20201": {
            "year_quarter": 20201,
            "year": 2020,
            "quarter": 1,
            "eps": 0.36,
            "eps_growth_year": -89.66,
            "eps_4q": 0.68,
            "eps_4q_growth_year": -22.26,
            "roe": 2.67,
            "gross_profit": 358759,
            "gross_margin": 16.65,
            "net_income": 130084,
            "revenue": 2154188,
            "common_shares": 364131,
            "equity": 4744179,
            "current_ratio": 196.78,
            "debt_ratio": 56.37,
            "inventory_turnover_ratio": 1.37,
            "account_receivable_turnover_ratio": 1.16,
            "reinvestment_rate": 85.81,
            "research_to_sale_ratio": 1.96,
            "price_fair": 323.05,
            "eps_avg_yearly": 9.23,
            "eps_latest_yearly": 1.44,
            "eps_growth_yearly": 1932.74
        },
        "20202": {
            "year_quarter": 20202,
            "year": 2020,
            "quarter": 2,
            "eps": 0.57,
            "eps_growth_year": -86.1,
            "eps_4q": 0.74,
            "eps_4q_growth_year": -2.82,
            "roe": 4.22,
            "gross_profit": 422880,
            "gross_margin": 17.35,
            "net_income": 205374,
            "revenue": 2437795,
            "common_shares": 364131,
            "equity": 4991800,
            "current_ratio": 247.33,
            "debt_ratio": 56.65,
            "inventory_turnover_ratio": 1.53,
            "account_receivable_turnover_ratio": 1.33,
            "reinvestment_rate": 71.88,
            "research_to_sale_ratio": 2.38,
            "price_fair": 324.89,
            "eps_avg_yearly": 9.28,
            "eps_latest_yearly": 2.28,
            "eps_growth_yearly": 1962.43
        },
        "20203": {
            "year_quarter": 20203,
            "year": 2020,
            "quarter": 3,
            "eps": 0.78,
            "eps_growth_year": 50,
            "eps_4q": 0.84,
            "eps_4q_growth_year": 21.69,
            "roe": 5.46,
            "gross_profit": 467018,
            "gross_margin": 19.45,
            "net_income": 279756,
            "revenue": 2401516,
            "common_shares": 364131,
            "equity": 5259533,
            "current_ratio": 271.9,
            "debt_ratio": 54.48,
            "inventory_turnover_ratio": 1.47,
            "account_receivable_turnover_ratio": 1.22,
            "reinvestment_rate": 64.62,
            "research_to_sale_ratio": 2.52,
            "price_fair": 329.18,
            "eps_avg_yearly": 9.41,
            "eps_latest_yearly": 3.12,
            "eps_growth_yearly": 1976.5
        },
        "20204": {
            "year_quarter": 20204,
            "year": 2020,
            "quarter": 4,
            "eps": 0.19,
            "eps_growth_year": 9.3,
            "eps_4q": 0.86,
            "eps_4q_growth_year": 27.23,
            "roe": 3.28,
            "gross_profit": 556249,
            "gross_margin": 20.72,
            "net_income": 175404,
            "revenue": 2684647,
            "common_shares": 364131,
            "equity": 5426259,
            "current_ratio": 230.55,
            "debt_ratio": 55.39,
            "inventory_turnover_ratio": 1.54,
            "account_receivable_turnover_ratio": 1.32,
            "reinvestment_rate": 65.76,
            "research_to_sale_ratio": 2.53,
            "price_fair": 330.66,
            "eps_avg_yearly": 9.45,
            "eps_latest_yearly": 0.76,
            "eps_growth_yearly": 1980.87
        },
        "20211": {
            "year_quarter": 20211,
            "year": 2021,
            "quarter": 1,
            "eps": 0.67,
            "eps_growth_year": 86.11,
            "eps_4q": 0.98,
            "eps_4q_growth_year": 44.3,
            "roe": 4.47,
            "gross_profit": 522208,
            "gross_margin": 19.2,
            "net_income": 243264,
            "revenue": 2720311,
            "common_shares": 364131,
            "equity": 5467482,
            "current_ratio": 182.38,
            "debt_ratio": 56.89,
            "inventory_turnover_ratio": 1.44,
            "account_receivable_turnover_ratio": 1.26,
            "reinvestment_rate": -8.47,
            "research_to_sale_ratio": 2.52,
            "price_fair": 335.83,
            "eps_avg_yearly": 9.6,
            "eps_latest_yearly": 2.68,
            "eps_growth_yearly": 1969.03
        },
        "20212": {
            "year_quarter": 20212,
            "year": 2021,
            "quarter": 2,
            "eps": 0.88,
            "eps_growth_year": 54.39,
            "eps_4q": 1.1,
            "eps_4q_growth_year": 48.85,
            "roe": 5.68,
            "gross_profit": 696634,
            "gross_margin": 22.69,
            "net_income": 317265,
            "revenue": 3070605,
            "common_shares": 364131,
            "equity": 5698278,
            "current_ratio": 202.73,
            "debt_ratio": 57.51,
            "inventory_turnover_ratio": 1.38,
            "account_receivable_turnover_ratio": 1.32,
            "reinvestment_rate": 2.24,
            "research_to_sale_ratio": 2.24,
            "price_fair": 317.8,
            "eps_avg_yearly": 9.08,
            "eps_latest_yearly": 3.52,
            "eps_growth_yearly": 1083.11
        },
        "20213": {
            "year_quarter": 20213,
            "year": 2021,
            "quarter": 3,
            "eps": 1.61,
            "eps_growth_year": 106.41,
            "eps_4q": 1.43,
            "eps_4q_growth_year": 69.55,
            "roe": 9.3,
            "gross_profit": 939692,
            "gross_margin": 28.23,
            "net_income": 577515,
            "revenue": 3328816,
            "common_shares": 364131,
            "equity": 6718450,
            "current_ratio": 233.57,
            "debt_ratio": 53.03,
            "inventory_turnover_ratio": 1.24,
            "account_receivable_turnover_ratio": 1.29,
            "reinvestment_rate": 0.61,
            "research_to_sale_ratio": 2.79,
            "price_fair": 283.85,
            "eps_avg_yearly": 8.11,
            "eps_latest_yearly": 6.44,
            "eps_growth_yearly": 1082.17
        },
        "20214": {
            "year_quarter": 20214,
            "year": 2021,
            "quarter": 4,
            "eps": 0.63,
            "eps_growth_year": 232.73,
            "eps_4q": 1.82,
            "eps_4q_growth_year": 111.26,
            "roe": 7.94,
            "gross_profit": 1247156,
            "gross_margin": 33.96,
            "net_income": 600601,
            "revenue": 3672437,
            "common_shares": 364131,
            "equity": 8411732,
            "current_ratio": 232.5,
            "debt_ratio": 43.32,
            "inventory_turnover_ratio": 1.15,
            "account_receivable_turnover_ratio": 1.32,
            "reinvestment_rate": 0.27,
            "research_to_sale_ratio": 6.3,
            "price_fair": 287.7,
            "eps_avg_yearly": 8.22,
            "eps_latest_yearly": 2.52,
            "eps_growth_yearly": 1091.09
        },
        "20221": {
            "year_quarter": 20221,
            "year": 2022,
            "quarter": 1,
            "eps": 1.87,
            "eps_growth_year": 179.1,
            "eps_4q": 2.29,
            "eps_4q_growth_year": 133.33,
            "roe": 8.02,
            "gross_profit": 1121774,
            "gross_margin": 30.89,
            "net_income": 707462,
            "revenue": 3631410,
            "common_shares": 384199,
            "equity": 9227154,
            "current_ratio": 235.37,
            "debt_ratio": 42.5,
            "inventory_turnover_ratio": 1.09,
            "account_receivable_turnover_ratio": 1.25,
            "reinvestment_rate": 3.86,
            "research_to_sale_ratio": 2.56,
            "price_fair": 262.85,
            "eps_avg_yearly": 7.51,
            "eps_latest_yearly": 7.48,
            "eps_growth_yearly": 545.56
        },
        "20222": {
            "year_quarter": 20222,
            "year": 2022,
            "quarter": 2,
            "eps": 2.09,
            "eps_growth_year": 137.5,
            "eps_4q": 2.79,
            "eps_4q_growth_year": 152.69,
            "roe": 8.39,
            "gross_profit": 1165594,
            "gross_margin": 30.85,
            "net_income": 794636,
            "revenue": 3777741,
            "common_shares": 384199,
            "equity": 9718470,
            "current_ratio": 220.73,
            "debt_ratio": 45.58,
            "inventory_turnover_ratio": 1.04,
            "account_receivable_turnover_ratio": 1.22,
            "reinvestment_rate": 8.13,
            "research_to_sale_ratio": 2.91,
            "price_fair": 221.73,
            "eps_avg_yearly": 6.34,
            "eps_latest_yearly": 8.36,
            "eps_growth_yearly": 537.46
        },
        "20223": {
            "year_quarter": 20223,
            "year": 2022,
            "quarter": 3,
            "eps": 1.01,
            "eps_growth_year": -37.27,
            "eps_4q": 3.24,
            "eps_4q_growth_year": 126.26,
            "roe": 9.33,
            "gross_profit": 1161519,
            "gross_margin": 31.53,
            "net_income": 945576,
            "revenue": 3683850,
            "common_shares": 384199,
            "equity": 10557010,
            "current_ratio": 237.61,
            "debt_ratio": 43.66,
            "inventory_turnover_ratio": 0.96,
            "account_receivable_turnover_ratio": 1.16,
            "reinvestment_rate": 15.29,
            "research_to_sale_ratio": 3.05,
            "price_fair": 167.3,
            "eps_avg_yearly": 4.78,
            "eps_latest_yearly": 4.04,
            "eps_growth_yearly": 522.92
        },
        "20224": {
            "year_quarter": 20224,
            "year": 2022,
            "quarter": 4,
            "eps": 0.42,
            "eps_growth_year": -33.9,
            "eps_4q": 3,
            "eps_4q_growth_year": 65.41,
            "roe": 3.83,
            "gross_profit": 936699,
            "gross_margin": 28.06,
            "net_income": 397295,
            "revenue": 3338283,
            "common_shares": 386569,
            "equity": 10173413,
            "current_ratio": 216.04,
            "debt_ratio": 45.97,
            "inventory_turnover_ratio": 0.94,
            "account_receivable_turnover_ratio": 1.18,
            "reinvestment_rate": 15.48,
            "research_to_sale_ratio": 3.21,
            "price_fair": 169.31,
            "eps_avg_yearly": 4.84,
            "eps_latest_yearly": 1.68,
            "eps_growth_yearly": 532.66
        },
        "20231": {
            "year_quarter": 20231,
            "year": 2023,
            "quarter": 1,
            "eps": 0.41,
            "eps_growth_year": -78.07,
            "eps_4q": 2.66,
            "eps_4q_growth_year": 16.15,
            "roe": 3.85,
            "gross_profit": 677144,
            "gross_margin": 23.92,
            "net_income": 390184,
            "revenue": 2830374,
            "common_shares": 386569,
            "equity": 10120546,
            "current_ratio": 200.42,
            "debt_ratio": 47.97,
            "inventory_turnover_ratio": 0.9,
            "account_receivable_turnover_ratio": 1.17,
            "reinvestment_rate": 15.54,
            "research_to_sale_ratio": 3.54,
            "price_fair": 142.45,
            "eps_avg_yearly": 4.07,
            "eps_latest_yearly": 1.64,
            "eps_growth_yearly": 99.17
        }
    },
    "months": {
        "2015-07": {
            "month": "2015-07",
            "price": "53.36",
            "revenue": 32696
        },
        "2015-08": {
            "month": "2015-08",
            "price": "49.60",
            "revenue": 33159
        },
        "2015-09": {
            "month": "2015-09",
            "price": "49.11",
            "revenue": 32011
        },
        "2015-10": {
            "month": "2015-10",
            "price": "50.21",
            "revenue": 36532
        },
        "2015-11": {
            "month": "2015-11",
            "price": "55.90",
            "revenue": 39103
        },
        "2015-12": {
            "month": "2015-12",
            "price": "64.11",
            "revenue": 46275
        },
        "2016-01": {
            "month": "2016-01",
            "price": "77.35",
            "revenue": 57782
        },
        "2016-02": {
            "month": "2016-02",
            "price": "86.86",
            "revenue": 21624
        },
        "2016-03": {
            "month": "2016-03",
            "price": "85.78",
            "revenue": 29483
        },
        "2016-04": {
            "month": "2016-04",
            "price": "87.62",
            "revenue": 36219
        },
        "2016-05": {
            "month": "2016-05",
            "price": "87.10",
            "revenue": 36720
        },
        "2016-06": {
            "month": "2016-06",
            "price": "90.17",
            "revenue": 37026
        },
        "2016-07": {
            "month": "2016-07",
            "price": "125.83",
            "revenue": 38426
        },
        "2016-08": {
            "month": "2016-08",
            "price": "155.22",
            "revenue": 44864
        },
        "2016-09": {
            "month": "2016-09",
            "price": "193.55",
            "revenue": 44092
        },
        "2016-10": {
            "month": "2016-10",
            "price": "249.72",
            "revenue": 39421
        },
        "2016-11": {
            "month": "2016-11",
            "price": "297.57",
            "revenue": 39471
        },
        "2016-12": {
            "month": "2016-12",
            "price": "285.50",
            "revenue": 31098
        },
        "2017-01": {
            "month": "2017-01",
            "price": "279.84",
            "revenue": 41910
        },
        "2017-02": {
            "month": "2017-02",
            "price": "295.33",
            "revenue": 41158
        },
        "2017-03": {
            "month": "2017-03",
            "price": "359.61",
            "revenue": 358434
        },
        "2017-04": {
            "month": "2017-04",
            "price": "379.14",
            "revenue": 638406
        },
        "2017-05": {
            "month": "2017-05",
            "price": "359.55",
            "revenue": 657228
        },
        "2017-06": {
            "month": "2017-06",
            "price": "387.83",
            "revenue": 668591
        },
        "2017-07": {
            "month": "2017-07",
            "price": "400.62",
            "revenue": 660178
        },
        "2017-08": {
            "month": "2017-08",
            "price": "397.52",
            "revenue": 669254
        },
        "2017-09": {
            "month": "2017-09",
            "price": "406.82",
            "revenue": 670223
        },
        "2017-10": {
            "month": "2017-10",
            "price": "399.79",
            "revenue": 725311
        },
        "2017-11": {
            "month": "2017-11",
            "price": "426.66",
            "revenue": 768463
        },
        "2017-12": {
            "month": "2017-12",
            "price": "420.38",
            "revenue": 822749
        },
        "2018-01": {
            "month": "2018-01",
            "price": "469.32",
            "revenue": 841554
        },
        "2018-02": {
            "month": "2018-02",
            "price": "409.35",
            "revenue": 729906
        },
        "2018-03": {
            "month": "2018-03",
            "price": "397.63",
            "revenue": 815616
        },
        "2018-04": {
            "month": "2018-04",
            "price": "376.75",
            "revenue": 831197
        },
        "2018-05": {
            "month": "2018-05",
            "price": "394.43",
            "revenue": 857524
        },
        "2018-06": {
            "month": "2018-06",
            "price": "398.72",
            "revenue": 869261
        },
        "2018-07": {
            "month": "2018-07",
            "price": "388.45",
            "revenue": 860605
        },
        "2018-08": {
            "month": "2018-08",
            "price": "354.63",
            "revenue": 859775
        },
        "2018-09": {
            "month": "2018-09",
            "price": "300.50",
            "revenue": 818507
        },
        "2018-10": {
            "month": "2018-10",
            "price": "253.55",
            "revenue": 794508
        },
        "2018-11": {
            "month": "2018-11",
            "price": "274.09",
            "revenue": 773905
        },
        "2018-12": {
            "month": "2018-12",
            "price": "285.35",
            "revenue": 732493
        },
        "2019-01": {
            "month": "2019-01",
            "price": "267.31",
            "revenue": 770723
        },
        "2019-02": {
            "month": "2019-02",
            "price": "269.69",
            "revenue": 583629
        },
        "2019-03": {
            "month": "2019-03",
            "price": "273.00",
            "revenue": 801641
        },
        "2019-04": {
            "month": "2019-04",
            "price": "282.62",
            "revenue": 743105
        },
        "2019-05": {
            "month": "2019-05",
            "price": "261.75",
            "revenue": 753908
        },
        "2019-06": {
            "month": "2019-06",
            "price": "260.53",
            "revenue": 753903
        },
        "2019-07": {
            "month": "2019-07",
            "price": "270.35",
            "revenue": 834299
        },
        "2019-08": {
            "month": "2019-08",
            "price": "294.82",
            "revenue": 807845
        },
        "2019-09": {
            "month": "2019-09",
            "price": "35.23",
            "revenue": 828724
        },
        "2019-10": {
            "month": "2019-10",
            "price": "35.59",
            "revenue": 815424
        },
        "2019-11": {
            "month": "2019-11",
            "price": "35.69",
            "revenue": 801094
        },
        "2019-12": {
            "month": "2019-12",
            "price": "34.51",
            "revenue": 825980
        },
        "2020-01": {
            "month": "2020-01",
            "price": "32.23",
            "revenue": 698879
        },
        "2020-02": {
            "month": "2020-02",
            "price": "27.26",
            "revenue": 679032
        },
        "2020-03": {
            "month": "2020-03",
            "price": "23.62",
            "revenue": 776277
        },
        "2020-04": {
            "month": "2020-04",
            "price": "25.35",
            "revenue": 805644
        },
        "2020-05": {
            "month": "2020-05",
            "price": "30.18",
            "revenue": 833005
        },
        "2020-06": {
            "month": "2020-06",
            "price": "30.96",
            "revenue": 799146
        },
        "2020-07": {
            "month": "2020-07",
            "price": "30.88",
            "revenue": 765381
        },
        "2020-08": {
            "month": "2020-08",
            "price": "36.38",
            "revenue": 765313
        },
        "2020-09": {
            "month": "2020-09",
            "price": "37.56",
            "revenue": 870822
        },
        "2020-10": {
            "month": "2020-10",
            "price": "42.78",
            "revenue": 834886
        },
        "2020-11": {
            "month": "2020-11",
            "price": "47.88",
            "revenue": 895961
        },
        "2020-12": {
            "month": "2020-12",
            "price": "56.42",
            "revenue": 953800
        },
        "2021-01": {
            "month": "2021-01",
            "price": "61.70",
            "revenue": 952717
        },
        "2021-02": {
            "month": "2021-02",
            "price": "66.76",
            "revenue": 782247
        },
        "2021-03": {
            "month": "2021-03",
            "price": "67.24",
            "revenue": 985347
        },
        "2021-04": {
            "month": "2021-04",
            "price": "73.48",
            "revenue": 977240
        },
        "2021-05": {
            "month": "2021-05",
            "price": "60.61",
            "revenue": 1007738
        },
        "2021-06": {
            "month": "2021-06",
            "price": "65.97",
            "revenue": 1085627
        },
        "2021-07": {
            "month": "2021-07",
            "price": "93.76",
            "revenue": 1089406
        },
        "2021-08": {
            "month": "2021-08",
            "price": "99.93",
            "revenue": 1110279
        },
        "2021-09": {
            "month": "2021-09",
            "price": "100.16",
            "revenue": 1129131
        },
        "2021-10": {
            "month": "2021-10",
            "price": "96.06",
            "revenue": 1180024
        },
        "2021-11": {
            "month": "2021-11",
            "price": "101.83",
            "revenue": 1228200
        },
        "2021-12": {
            "month": "2021-12",
            "price": "99.65",
            "revenue": 1264213
        },
        "2022-01": {
            "month": "2022-01",
            "price": "97.50",
            "revenue": 1266070
        },
        "2022-02": {
            "month": "2022-02",
            "price": "104.43",
            "revenue": 1097016
        },
        "2022-03": {
            "month": "2022-03",
            "price": "98.64",
            "revenue": 1268324
        },
        "2022-04": {
            "month": "2022-04",
            "price": "96.55",
            "revenue": 1214796
        },
        "2022-05": {
            "month": "2022-05",
            "price": "90.72",
            "revenue": 1271519
        },
        "2022-06": {
            "month": "2022-06",
            "price": "85.55",
            "revenue": 1291426
        },
        "2022-07": {
            "month": "2022-07",
            "price": "77.25",
            "revenue": 1301364
        },
        "2022-08": {
            "month": "2022-08",
            "price": "83.54",
            "revenue": 1210594
        },
        "2022-09": {
            "month": "2022-09",
            "price": "32.33",
            "revenue": 1171892
        },
        "2022-10": {
            "month": "2022-10",
            "price": "30.34",
            "revenue": 1185512
        },
        "2022-11": {
            "month": "2022-11",
            "price": "31.04",
            "revenue": 1086081
        },
        "2022-12": {
            "month": "2022-12",
            "price": "31.04",
            "revenue": 1066690
        },
        "2023-01": {
            "month": "2023-01",
            "price": "30.37",
            "revenue": 990316
        },
        "2023-02": {
            "month": "2023-02",
            "price": "33.95",
            "revenue": 889743
        },
        "2023-03": {
            "month": "2023-03",
            "price": "38.94",
            "revenue": 950315
        },
        "2023-04": {
            "month": "2023-04",
            "price": "43.81",
            "revenue": 1019973
        }
    }
}
