{
    "summary": {
        "stock_name": "易華電",
        "stock_id": "6552",
        "category": "半導體",
        "main_business": "捲帶式高階覆晶薄膜 IC 基板",
        "website_url": "http://www.jmct.com.tw",
        "ceo": "李宛霞",
        "pe_ratio": -216,
        "report_year_from": 2015,
        "report_year_to": 2023,
        "age": 9,
        "eps_negative_percentage": 0,
        "eps_growth_avg": {
            "last_all": 1.48,
            "last_2y": -7.25,
            "last_4y": 1.54,
            "last_8y": null,
            "last_12y": null,
            "last_16y": null,
            "last_20y": null,
            "at_2006_last_3y": null,
            "at_2007_last_3y": null,
            "at_2008_last_3y": null,
            "at_2009_last_3y": null,
            "at_2010_last_3y": null,
            "at_2011_last_3y": null,
            "at_2012_last_3y": null,
            "at_2013_last_3y": null,
            "at_2014_last_3y": null,
            "at_2015_last_3y": null,
            "at_2016_last_3y": null,
            "at_2017_last_3y": null,
            "at_2018_last_3y": null,
            "at_2019_last_3y": null,
            "at_2020_last_3y": 8.02,
            "at_2021_last_3y": 57.36,
            "at_2022_last_3y": 13,
            "at_2023_last_3y": -23.08,
            "at_2024_last_3y": -23.08,
            "at_2006_last_all": null,
            "at_2007_last_all": null,
            "at_2008_last_all": null,
            "at_2009_last_all": null,
            "at_2010_last_all": null,
            "at_2011_last_all": null,
            "at_2012_last_all": null,
            "at_2013_last_all": null,
            "at_2014_last_all": null,
            "at_2015_last_all": null,
            "at_2016_last_all": null,
            "at_2017_last_all": null,
            "at_2018_last_all": 1.32,
            "at_2019_last_all": 34.22,
            "at_2020_last_all": 8.02,
            "at_2021_last_all": 26.42,
            "at_2022_last_all": 9.11,
            "at_2023_last_all": 1.48,
            "at_2024_last_all": 1.48
        },
        "latest_eps": -0.16,
        "latest_price": 34.6,
        "latest_roe": -0.55,
        "latest_gross_margin": 6.66,
        "latest_equity": 2499241,
        "latest_revenue": 503243,
        "latest_gross_profit": 33516,
        "latest_net_income": 22789,
        "latest_debt_ratio": 43.75,
        "latest_current_ratio": 169.82,
        "latest_account_receivable_turnover_ratio": 1.57,
        "latest_inventory_turnover_ratio": 2.02,
        "latest_reinvestment_rate": 64.89,
        "latest_research_to_sale_ratio": 2.65
    },
    "eps_dividends": {
        "2001": {
            "cash": 0,
            "stock": 0,
            "eps": 0
        },
        "2002": {
            "cash": 0,
            "stock": 0,
            "eps": 0
        },
        "2003": {
            "cash": 0,
            "stock": 0,
            "eps": 0
        },
        "2004": {
            "cash": 0,
            "stock": 0,
            "eps": 0
        },
        "2005": {
            "cash": 0,
            "stock": 0,
            "eps": 0
        },
        "2006": {
            "cash": 0,
            "stock": 0,
            "eps": 0
        },
        "2007": {
            "cash": 0,
            "stock": 0,
            "eps": 0
        },
        "2008": {
            "cash": 0,
            "stock": 0,
            "eps": 0
        },
        "2009": {
            "cash": 0,
            "stock": 0,
            "eps": 0
        },
        "2010": {
            "cash": 0,
            "stock": 0,
            "eps": 0
        },
        "2011": {
            "cash": 0,
            "stock": 0,
            "eps": 0
        },
        "2012": {
            "cash": 0,
            "stock": 0,
            "eps": 0
        },
        "2013": {
            "cash": 0,
            "stock": 0,
            "eps": 0
        },
        "2014": {
            "cash": 0,
            "stock": 0,
            "eps": 0
        },
        "2015": {
            "cash": 0,
            "stock": 0,
            "eps": 0
        },
        "2016": {
            "cash": 0.3,
            "stock": 0,
            "eps": 1.51
        },
        "2017": {
            "cash": 0.75,
            "stock": 0,
            "eps": 0.04
        },
        "2018": {
            "cash": 0.3,
            "stock": 0,
            "eps": 2.19
        },
        "2019": {
            "cash": 2,
            "stock": 0,
            "eps": 5.23
        },
        "2020": {
            "cash": 2,
            "stock": 0,
            "eps": 1.54
        },
        "2021": {
            "cash": 1.5,
            "stock": 0,
            "eps": 3.9
        },
        "2022": {
            "cash": 2,
            "stock": 0,
            "eps": 0.88
        },
        "2023": {
            "cash": 0.45,
            "stock": 0,
            "eps": 0.49
        }
    },
    "dividends": {
        "2016-09-13": {
            "cash": 0.3,
            "stock": 0
        },
        "2017-07-24": {
            "cash": 0.75,
            "stock": 0
        },
        "2018-09-21": {
            "cash": 0.3,
            "stock": 0
        },
        "2019-09-25": {
            "cash": 2,
            "stock": 0
        },
        "2020-09-25": {
            "cash": 2,
            "stock": 0
        },
        "2021-09-17": {
            "cash": 1.5,
            "stock": 0
        },
        "2022-09-26": {
            "cash": 2,
            "stock": 0
        },
        "2023-10-04": {
            "cash": 0.45,
            "stock": 0
        }
    },
    "prices": {
        "200101": "無",
        "200102": "無",
        "200103": "無",
        "200104": "無",
        "200105": "無",
        "200106": "無",
        "200107": "無",
        "200108": "無",
        "200109": "無",
        "200110": "無",
        "200111": "無",
        "200112": "無",
        "200201": "無",
        "200202": "無",
        "200203": "無",
        "200204": "無",
        "200205": "無",
        "200206": "無",
        "200207": "無",
        "200208": "無",
        "200209": "無",
        "200210": "無",
        "200211": "無",
        "200212": "無",
        "200301": "無",
        "200302": "無",
        "200303": "無",
        "200304": "無",
        "200305": "無",
        "200306": "無",
        "200307": "無",
        "200308": "無",
        "200309": "無",
        "200310": "無",
        "200311": "無",
        "200312": "無",
        "200401": "無",
        "200402": "無",
        "200403": "無",
        "200404": "無",
        "200405": "無",
        "200406": "無",
        "200407": "無",
        "200408": "無",
        "200409": "無",
        "200410": "無",
        "200411": "無",
        "200412": "無",
        "200501": "無",
        "200502": "無",
        "200503": "無",
        "200504": "無",
        "200505": "無",
        "200506": "無",
        "200507": "無",
        "200508": "無",
        "200509": "無",
        "200510": "無",
        "200511": "無",
        "200512": "無",
        "200601": "無",
        "200602": "無",
        "200603": "無",
        "200604": "無",
        "200605": "無",
        "200606": "無",
        "200607": "無",
        "200608": "無",
        "200609": "無",
        "200610": "無",
        "200611": "無",
        "200612": "無",
        "200701": "無",
        "200702": "無",
        "200703": "無",
        "200704": "無",
        "200705": "無",
        "200706": "無",
        "200707": "無",
        "200708": "無",
        "200709": "無",
        "200710": "無",
        "200711": "無",
        "200712": "無",
        "200801": "無",
        "200802": "無",
        "200803": "無",
        "200804": "無",
        "200805": "無",
        "200806": "無",
        "200807": "無",
        "200808": "無",
        "200809": "無",
        "200810": "無",
        "200811": "無",
        "200812": "無",
        "200901": "無",
        "200902": "無",
        "200903": "無",
        "200904": "無",
        "200905": "無",
        "200906": "無",
        "200907": "無",
        "200908": "無",
        "200909": "無",
        "200910": "無",
        "200911": "無",
        "200912": "無",
        "201001": "無",
        "201002": "無",
        "201003": "無",
        "201004": "無",
        "201005": "無",
        "201006": "無",
        "201007": "無",
        "201008": "無",
        "201009": "無",
        "201010": "無",
        "201011": "無",
        "201012": "無",
        "201101": "無",
        "201102": "無",
        "201103": "無",
        "201104": "無",
        "201105": "無",
        "201106": "無",
        "201107": "無",
        "201108": "無",
        "201109": "無",
        "201110": "無",
        "201111": "無",
        "201112": "無",
        "201201": "無",
        "201202": "無",
        "201203": "無",
        "201204": "無",
        "201205": "無",
        "201206": "無",
        "201207": "無",
        "201208": "無",
        "201209": "無",
        "201210": "無",
        "201211": "無",
        "201212": "無",
        "201301": "無",
        "201302": "無",
        "201303": "無",
        "201304": "無",
        "201305": "無",
        "201306": "無",
        "201307": "無",
        "201308": "無",
        "201309": "無",
        "201310": "無",
        "201311": "無",
        "201312": "無",
        "201401": "無",
        "201402": "無",
        "201403": "無",
        "201404": "無",
        "201405": "無",
        "201406": "無",
        "201407": "無",
        "201408": "無",
        "201409": "無",
        "201410": "無",
        "201411": "無",
        "201412": "無",
        "201501": "無",
        "201502": "無",
        "201503": "無",
        "201504": "無",
        "201505": "無",
        "201506": "無",
        "201507": "無",
        "201508": "無",
        "201509": "28.80",
        "201510": "27.35",
        "201511": "29.31",
        "201512": "30.30",
        "201601": "29.90",
        "201602": "30.46",
        "201603": "30.07",
        "201604": "30.59",
        "201605": "31.34",
        "201606": "32.40",
        "201607": "33.32",
        "201608": "35.30",
        "201609": "32.35",
        "201610": "36.03",
        "201611": "34.57",
        "201612": "36.21",
        "201701": "35.50",
        "201702": "29.48",
        "201703": "30.37",
        "201704": "29.87",
        "201705": "28.58",
        "201706": "30.07",
        "201707": "32.18",
        "201708": "33.67",
        "201709": "35.42",
        "201710": "36.99",
        "201711": "43.65",
        "201712": "51.60",
        "201801": "65.43",
        "201802": "58.58",
        "201803": "59.47",
        "201804": "52.76",
        "201805": "52.14",
        "201806": "60.47",
        "201807": "61.41",
        "201808": "67.64",
        "201809": "83.19",
        "201810": "80.02",
        "201811": "91.30",
        "201812": "107.93",
        "201901": "94.40",
        "201902": "109.12",
        "201903": "132.98",
        "201904": "135.00",
        "201905": "114.52",
        "201906": "93.94",
        "201907": "104.02",
        "201908": "100.17",
        "201909": "96.16",
        "201910": "92.03",
        "201911": "87.53",
        "201912": "82.10",
        "202001": "77.36",
        "202002": "70.67",
        "202003": "54.77",
        "202004": "53.24",
        "202005": "58.64",
        "202006": "60.87",
        "202007": "58.23",
        "202008": "52.05",
        "202009": "46.72",
        "202010": "45.96",
        "202011": "50.44",
        "202012": "53.31",
        "202101": "59.02",
        "202102": "67.17",
        "202103": "70.51",
        "202104": "66.11",
        "202105": "51.09",
        "202106": "51.89",
        "202107": "65.07",
        "202108": "66.68",
        "202109": "62.22",
        "202110": "55.26",
        "202111": "57.52",
        "202112": "54.13",
        "202201": "53.30",
        "202202": "51.81",
        "202203": "50.52",
        "202204": "48.62",
        "202205": "45.94",
        "202206": "44.40",
        "202207": "38.61",
        "202208": "39.95",
        "202209": "36.72",
        "202210": "29.97",
        "202211": "31.40",
        "202212": "31.73",
        "202301": "30.32",
        "202302": "37.37",
        "202303": "36.93",
        "202304": "36.14",
        "202305": "34.79",
        "202306": "36.69",
        "202307": "36.29",
        "202308": "34.39",
        "202309": "36.88",
        "202310": "36.89",
        "202311": "38.34",
        "202312": "37.26"
    },
    "quarters": {
        "20011": {
            "year_quarter": 20011,
            "year": 2001,
            "quarter": 1,
            "eps": null,
            "eps_growth_year": null,
            "eps_4q": null,
            "eps_4q_growth_year": null,
            "roe": null,
            "roe_4q": 0,
            "gross_profit": null,
            "gross_margin": null,
            "gross_margin_4q_avg": 0,
            "net_income": null,
            "net_income_4q": null,
            "revenue": null,
            "revenue_4q": null,
            "common_shares": null,
            "book_valuer_per_share": null,
            "book_valuer_per_share_4q_avg": 0,
            "equity": null,
            "current_ratio": null,
            "debt_ratio": null,
            "inventory_turnover_ratio": null,
            "account_receivable_turnover_ratio": null,
            "reinvestment_rate": null,
            "research_to_sale_ratio": null,
            "price_fair": 0,
            "eps_avg_yearly": 0,
            "eps_latest_yearly": 0,
            "eps_growth_yearly": 0
        },
        "20012": {
            "year_quarter": 20012,
            "year": 2001,
            "quarter": 2,
            "eps": null,
            "eps_growth_year": null,
            "eps_4q": null,
            "eps_4q_growth_year": null,
            "roe": null,
            "roe_4q": 0,
            "gross_profit": null,
            "gross_margin": null,
            "gross_margin_4q_avg": 0,
            "net_income": null,
            "net_income_4q": null,
            "revenue": null,
            "revenue_4q": null,
            "common_shares": null,
            "book_valuer_per_share": null,
            "book_valuer_per_share_4q_avg": 0,
            "equity": null,
            "current_ratio": null,
            "debt_ratio": null,
            "inventory_turnover_ratio": null,
            "account_receivable_turnover_ratio": null,
            "reinvestment_rate": null,
            "research_to_sale_ratio": null,
            "price_fair": 0,
            "eps_avg_yearly": 0,
            "eps_latest_yearly": 0,
            "eps_growth_yearly": 0
        },
        "20013": {
            "year_quarter": 20013,
            "year": 2001,
            "quarter": 3,
            "eps": null,
            "eps_growth_year": null,
            "eps_4q": null,
            "eps_4q_growth_year": null,
            "roe": null,
            "roe_4q": 0,
            "gross_profit": null,
            "gross_margin": null,
            "gross_margin_4q_avg": 0,
            "net_income": null,
            "net_income_4q": null,
            "revenue": null,
            "revenue_4q": null,
            "common_shares": null,
            "book_valuer_per_share": null,
            "book_valuer_per_share_4q_avg": 0,
            "equity": null,
            "current_ratio": null,
            "debt_ratio": null,
            "inventory_turnover_ratio": null,
            "account_receivable_turnover_ratio": null,
            "reinvestment_rate": null,
            "research_to_sale_ratio": null,
            "price_fair": 0,
            "eps_avg_yearly": 0,
            "eps_latest_yearly": 0,
            "eps_growth_yearly": 0
        },
        "20014": {
            "year_quarter": 20014,
            "year": 2001,
            "quarter": 4,
            "eps": null,
            "eps_growth_year": null,
            "eps_4q": null,
            "eps_4q_growth_year": null,
            "roe": null,
            "roe_4q": 0,
            "gross_profit": null,
            "gross_margin": null,
            "gross_margin_4q_avg": 0,
            "net_income": null,
            "net_income_4q": null,
            "revenue": null,
            "revenue_4q": null,
            "common_shares": null,
            "book_valuer_per_share": null,
            "book_valuer_per_share_4q_avg": 0,
            "equity": null,
            "current_ratio": null,
            "debt_ratio": null,
            "inventory_turnover_ratio": null,
            "account_receivable_turnover_ratio": null,
            "reinvestment_rate": null,
            "research_to_sale_ratio": null,
            "price_fair": 0,
            "eps_avg_yearly": 0,
            "eps_latest_yearly": 0,
            "eps_growth_yearly": 0
        },
        "20021": {
            "year_quarter": 20021,
            "year": 2002,
            "quarter": 1,
            "eps": null,
            "eps_growth_year": null,
            "eps_4q": null,
            "eps_4q_growth_year": null,
            "roe": null,
            "roe_4q": 0,
            "gross_profit": null,
            "gross_margin": null,
            "gross_margin_4q_avg": 0,
            "net_income": null,
            "net_income_4q": null,
            "revenue": null,
            "revenue_4q": null,
            "common_shares": null,
            "book_valuer_per_share": null,
            "book_valuer_per_share_4q_avg": 0,
            "equity": null,
            "current_ratio": null,
            "debt_ratio": null,
            "inventory_turnover_ratio": null,
            "account_receivable_turnover_ratio": null,
            "reinvestment_rate": null,
            "research_to_sale_ratio": null,
            "price_fair": 0,
            "eps_avg_yearly": 0,
            "eps_latest_yearly": 0,
            "eps_growth_yearly": 0
        },
        "20022": {
            "year_quarter": 20022,
            "year": 2002,
            "quarter": 2,
            "eps": null,
            "eps_growth_year": null,
            "eps_4q": null,
            "eps_4q_growth_year": null,
            "roe": null,
            "roe_4q": 0,
            "gross_profit": null,
            "gross_margin": null,
            "gross_margin_4q_avg": 0,
            "net_income": null,
            "net_income_4q": null,
            "revenue": null,
            "revenue_4q": null,
            "common_shares": null,
            "book_valuer_per_share": null,
            "book_valuer_per_share_4q_avg": 0,
            "equity": null,
            "current_ratio": null,
            "debt_ratio": null,
            "inventory_turnover_ratio": null,
            "account_receivable_turnover_ratio": null,
            "reinvestment_rate": null,
            "research_to_sale_ratio": null,
            "price_fair": 0,
            "eps_avg_yearly": 0,
            "eps_latest_yearly": 0,
            "eps_growth_yearly": 0
        },
        "20023": {
            "year_quarter": 20023,
            "year": 2002,
            "quarter": 3,
            "eps": null,
            "eps_growth_year": null,
            "eps_4q": null,
            "eps_4q_growth_year": null,
            "roe": null,
            "roe_4q": 0,
            "gross_profit": null,
            "gross_margin": null,
            "gross_margin_4q_avg": 0,
            "net_income": null,
            "net_income_4q": null,
            "revenue": null,
            "revenue_4q": null,
            "common_shares": null,
            "book_valuer_per_share": null,
            "book_valuer_per_share_4q_avg": 0,
            "equity": null,
            "current_ratio": null,
            "debt_ratio": null,
            "inventory_turnover_ratio": null,
            "account_receivable_turnover_ratio": null,
            "reinvestment_rate": null,
            "research_to_sale_ratio": null,
            "price_fair": 0,
            "eps_avg_yearly": 0,
            "eps_latest_yearly": 0,
            "eps_growth_yearly": 0
        },
        "20024": {
            "year_quarter": 20024,
            "year": 2002,
            "quarter": 4,
            "eps": null,
            "eps_growth_year": null,
            "eps_4q": null,
            "eps_4q_growth_year": null,
            "roe": null,
            "roe_4q": 0,
            "gross_profit": null,
            "gross_margin": null,
            "gross_margin_4q_avg": 0,
            "net_income": null,
            "net_income_4q": null,
            "revenue": null,
            "revenue_4q": null,
            "common_shares": null,
            "book_valuer_per_share": null,
            "book_valuer_per_share_4q_avg": 0,
            "equity": null,
            "current_ratio": null,
            "debt_ratio": null,
            "inventory_turnover_ratio": null,
            "account_receivable_turnover_ratio": null,
            "reinvestment_rate": null,
            "research_to_sale_ratio": null,
            "price_fair": 0,
            "eps_avg_yearly": 0,
            "eps_latest_yearly": 0,
            "eps_growth_yearly": 0
        },
        "20031": {
            "year_quarter": 20031,
            "year": 2003,
            "quarter": 1,
            "eps": null,
            "eps_growth_year": null,
            "eps_4q": null,
            "eps_4q_growth_year": null,
            "roe": null,
            "roe_4q": 0,
            "gross_profit": null,
            "gross_margin": null,
            "gross_margin_4q_avg": 0,
            "net_income": null,
            "net_income_4q": null,
            "revenue": null,
            "revenue_4q": null,
            "common_shares": null,
            "book_valuer_per_share": null,
            "book_valuer_per_share_4q_avg": 0,
            "equity": null,
            "current_ratio": null,
            "debt_ratio": null,
            "inventory_turnover_ratio": null,
            "account_receivable_turnover_ratio": null,
            "reinvestment_rate": null,
            "research_to_sale_ratio": null,
            "price_fair": 0,
            "eps_avg_yearly": 0,
            "eps_latest_yearly": 0,
            "eps_growth_yearly": 0
        },
        "20032": {
            "year_quarter": 20032,
            "year": 2003,
            "quarter": 2,
            "eps": null,
            "eps_growth_year": null,
            "eps_4q": null,
            "eps_4q_growth_year": null,
            "roe": null,
            "roe_4q": 0,
            "gross_profit": null,
            "gross_margin": null,
            "gross_margin_4q_avg": 0,
            "net_income": null,
            "net_income_4q": null,
            "revenue": null,
            "revenue_4q": null,
            "common_shares": null,
            "book_valuer_per_share": null,
            "book_valuer_per_share_4q_avg": 0,
            "equity": null,
            "current_ratio": null,
            "debt_ratio": null,
            "inventory_turnover_ratio": null,
            "account_receivable_turnover_ratio": null,
            "reinvestment_rate": null,
            "research_to_sale_ratio": null,
            "price_fair": 0,
            "eps_avg_yearly": 0,
            "eps_latest_yearly": 0,
            "eps_growth_yearly": 0
        },
        "20033": {
            "year_quarter": 20033,
            "year": 2003,
            "quarter": 3,
            "eps": null,
            "eps_growth_year": null,
            "eps_4q": null,
            "eps_4q_growth_year": null,
            "roe": null,
            "roe_4q": 0,
            "gross_profit": null,
            "gross_margin": null,
            "gross_margin_4q_avg": 0,
            "net_income": null,
            "net_income_4q": null,
            "revenue": null,
            "revenue_4q": null,
            "common_shares": null,
            "book_valuer_per_share": null,
            "book_valuer_per_share_4q_avg": 0,
            "equity": null,
            "current_ratio": null,
            "debt_ratio": null,
            "inventory_turnover_ratio": null,
            "account_receivable_turnover_ratio": null,
            "reinvestment_rate": null,
            "research_to_sale_ratio": null,
            "price_fair": 0,
            "eps_avg_yearly": 0,
            "eps_latest_yearly": 0,
            "eps_growth_yearly": 0
        },
        "20034": {
            "year_quarter": 20034,
            "year": 2003,
            "quarter": 4,
            "eps": null,
            "eps_growth_year": null,
            "eps_4q": null,
            "eps_4q_growth_year": null,
            "roe": null,
            "roe_4q": 0,
            "gross_profit": null,
            "gross_margin": null,
            "gross_margin_4q_avg": 0,
            "net_income": null,
            "net_income_4q": null,
            "revenue": null,
            "revenue_4q": null,
            "common_shares": null,
            "book_valuer_per_share": null,
            "book_valuer_per_share_4q_avg": 0,
            "equity": null,
            "current_ratio": null,
            "debt_ratio": null,
            "inventory_turnover_ratio": null,
            "account_receivable_turnover_ratio": null,
            "reinvestment_rate": null,
            "research_to_sale_ratio": null,
            "price_fair": 0,
            "eps_avg_yearly": 0,
            "eps_latest_yearly": 0,
            "eps_growth_yearly": 0
        },
        "20041": {
            "year_quarter": 20041,
            "year": 2004,
            "quarter": 1,
            "eps": null,
            "eps_growth_year": null,
            "eps_4q": null,
            "eps_4q_growth_year": null,
            "roe": null,
            "roe_4q": 0,
            "gross_profit": null,
            "gross_margin": null,
            "gross_margin_4q_avg": 0,
            "net_income": null,
            "net_income_4q": null,
            "revenue": null,
            "revenue_4q": null,
            "common_shares": null,
            "book_valuer_per_share": null,
            "book_valuer_per_share_4q_avg": 0,
            "equity": null,
            "current_ratio": null,
            "debt_ratio": null,
            "inventory_turnover_ratio": null,
            "account_receivable_turnover_ratio": null,
            "reinvestment_rate": null,
            "research_to_sale_ratio": null,
            "price_fair": 0,
            "eps_avg_yearly": 0,
            "eps_latest_yearly": 0,
            "eps_growth_yearly": 0
        },
        "20042": {
            "year_quarter": 20042,
            "year": 2004,
            "quarter": 2,
            "eps": null,
            "eps_growth_year": null,
            "eps_4q": null,
            "eps_4q_growth_year": null,
            "roe": null,
            "roe_4q": 0,
            "gross_profit": null,
            "gross_margin": null,
            "gross_margin_4q_avg": 0,
            "net_income": null,
            "net_income_4q": null,
            "revenue": null,
            "revenue_4q": null,
            "common_shares": null,
            "book_valuer_per_share": null,
            "book_valuer_per_share_4q_avg": 0,
            "equity": null,
            "current_ratio": null,
            "debt_ratio": null,
            "inventory_turnover_ratio": null,
            "account_receivable_turnover_ratio": null,
            "reinvestment_rate": null,
            "research_to_sale_ratio": null,
            "price_fair": 0,
            "eps_avg_yearly": 0,
            "eps_latest_yearly": 0,
            "eps_growth_yearly": 0
        },
        "20043": {
            "year_quarter": 20043,
            "year": 2004,
            "quarter": 3,
            "eps": null,
            "eps_growth_year": null,
            "eps_4q": null,
            "eps_4q_growth_year": null,
            "roe": null,
            "roe_4q": 0,
            "gross_profit": null,
            "gross_margin": null,
            "gross_margin_4q_avg": 0,
            "net_income": null,
            "net_income_4q": null,
            "revenue": null,
            "revenue_4q": null,
            "common_shares": null,
            "book_valuer_per_share": null,
            "book_valuer_per_share_4q_avg": 0,
            "equity": null,
            "current_ratio": null,
            "debt_ratio": null,
            "inventory_turnover_ratio": null,
            "account_receivable_turnover_ratio": null,
            "reinvestment_rate": null,
            "research_to_sale_ratio": null,
            "price_fair": 0,
            "eps_avg_yearly": 0,
            "eps_latest_yearly": 0,
            "eps_growth_yearly": 0
        },
        "20044": {
            "year_quarter": 20044,
            "year": 2004,
            "quarter": 4,
            "eps": null,
            "eps_growth_year": null,
            "eps_4q": null,
            "eps_4q_growth_year": null,
            "roe": null,
            "roe_4q": 0,
            "gross_profit": null,
            "gross_margin": null,
            "gross_margin_4q_avg": 0,
            "net_income": null,
            "net_income_4q": null,
            "revenue": null,
            "revenue_4q": null,
            "common_shares": null,
            "book_valuer_per_share": null,
            "book_valuer_per_share_4q_avg": 0,
            "equity": null,
            "current_ratio": null,
            "debt_ratio": null,
            "inventory_turnover_ratio": null,
            "account_receivable_turnover_ratio": null,
            "reinvestment_rate": null,
            "research_to_sale_ratio": null,
            "price_fair": 0,
            "eps_avg_yearly": 0,
            "eps_latest_yearly": 0,
            "eps_growth_yearly": 0
        },
        "20051": {
            "year_quarter": 20051,
            "year": 2005,
            "quarter": 1,
            "eps": null,
            "eps_growth_year": null,
            "eps_4q": null,
            "eps_4q_growth_year": null,
            "roe": null,
            "roe_4q": 0,
            "gross_profit": null,
            "gross_margin": null,
            "gross_margin_4q_avg": 0,
            "net_income": null,
            "net_income_4q": null,
            "revenue": null,
            "revenue_4q": null,
            "common_shares": null,
            "book_valuer_per_share": null,
            "book_valuer_per_share_4q_avg": 0,
            "equity": null,
            "current_ratio": null,
            "debt_ratio": null,
            "inventory_turnover_ratio": null,
            "account_receivable_turnover_ratio": null,
            "reinvestment_rate": null,
            "research_to_sale_ratio": null,
            "price_fair": 0,
            "eps_avg_yearly": 0,
            "eps_latest_yearly": 0,
            "eps_growth_yearly": 0
        },
        "20052": {
            "year_quarter": 20052,
            "year": 2005,
            "quarter": 2,
            "eps": null,
            "eps_growth_year": null,
            "eps_4q": null,
            "eps_4q_growth_year": null,
            "roe": null,
            "roe_4q": 0,
            "gross_profit": null,
            "gross_margin": null,
            "gross_margin_4q_avg": 0,
            "net_income": null,
            "net_income_4q": null,
            "revenue": null,
            "revenue_4q": null,
            "common_shares": null,
            "book_valuer_per_share": null,
            "book_valuer_per_share_4q_avg": 0,
            "equity": null,
            "current_ratio": null,
            "debt_ratio": null,
            "inventory_turnover_ratio": null,
            "account_receivable_turnover_ratio": null,
            "reinvestment_rate": null,
            "research_to_sale_ratio": null,
            "price_fair": 0,
            "eps_avg_yearly": 0,
            "eps_latest_yearly": 0,
            "eps_growth_yearly": 0
        },
        "20053": {
            "year_quarter": 20053,
            "year": 2005,
            "quarter": 3,
            "eps": null,
            "eps_growth_year": null,
            "eps_4q": null,
            "eps_4q_growth_year": null,
            "roe": null,
            "roe_4q": 0,
            "gross_profit": null,
            "gross_margin": null,
            "gross_margin_4q_avg": 0,
            "net_income": null,
            "net_income_4q": null,
            "revenue": null,
            "revenue_4q": null,
            "common_shares": null,
            "book_valuer_per_share": null,
            "book_valuer_per_share_4q_avg": 0,
            "equity": null,
            "current_ratio": null,
            "debt_ratio": null,
            "inventory_turnover_ratio": null,
            "account_receivable_turnover_ratio": null,
            "reinvestment_rate": null,
            "research_to_sale_ratio": null,
            "price_fair": 0,
            "eps_avg_yearly": 0,
            "eps_latest_yearly": 0,
            "eps_growth_yearly": 0
        },
        "20054": {
            "year_quarter": 20054,
            "year": 2005,
            "quarter": 4,
            "eps": null,
            "eps_growth_year": null,
            "eps_4q": null,
            "eps_4q_growth_year": null,
            "roe": null,
            "roe_4q": 0,
            "gross_profit": null,
            "gross_margin": null,
            "gross_margin_4q_avg": 0,
            "net_income": null,
            "net_income_4q": null,
            "revenue": null,
            "revenue_4q": null,
            "common_shares": null,
            "book_valuer_per_share": null,
            "book_valuer_per_share_4q_avg": 0,
            "equity": null,
            "current_ratio": null,
            "debt_ratio": null,
            "inventory_turnover_ratio": null,
            "account_receivable_turnover_ratio": null,
            "reinvestment_rate": null,
            "research_to_sale_ratio": null,
            "price_fair": 0,
            "eps_avg_yearly": 0,
            "eps_latest_yearly": 0,
            "eps_growth_yearly": 0
        },
        "20061": {
            "year_quarter": 20061,
            "year": 2006,
            "quarter": 1,
            "eps": null,
            "eps_growth_year": null,
            "eps_4q": null,
            "eps_4q_growth_year": null,
            "roe": null,
            "roe_4q": 0,
            "gross_profit": null,
            "gross_margin": null,
            "gross_margin_4q_avg": 0,
            "net_income": null,
            "net_income_4q": null,
            "revenue": null,
            "revenue_4q": null,
            "common_shares": null,
            "book_valuer_per_share": null,
            "book_valuer_per_share_4q_avg": 0,
            "equity": null,
            "current_ratio": null,
            "debt_ratio": null,
            "inventory_turnover_ratio": null,
            "account_receivable_turnover_ratio": null,
            "reinvestment_rate": null,
            "research_to_sale_ratio": null,
            "price_fair": 0,
            "eps_avg_yearly": 0,
            "eps_latest_yearly": 0,
            "eps_growth_yearly": 0
        },
        "20062": {
            "year_quarter": 20062,
            "year": 2006,
            "quarter": 2,
            "eps": null,
            "eps_growth_year": null,
            "eps_4q": null,
            "eps_4q_growth_year": null,
            "roe": null,
            "roe_4q": 0,
            "gross_profit": null,
            "gross_margin": null,
            "gross_margin_4q_avg": 0,
            "net_income": null,
            "net_income_4q": null,
            "revenue": null,
            "revenue_4q": null,
            "common_shares": null,
            "book_valuer_per_share": null,
            "book_valuer_per_share_4q_avg": 0,
            "equity": null,
            "current_ratio": null,
            "debt_ratio": null,
            "inventory_turnover_ratio": null,
            "account_receivable_turnover_ratio": null,
            "reinvestment_rate": null,
            "research_to_sale_ratio": null,
            "price_fair": 0,
            "eps_avg_yearly": 0,
            "eps_latest_yearly": 0,
            "eps_growth_yearly": 0
        },
        "20063": {
            "year_quarter": 20063,
            "year": 2006,
            "quarter": 3,
            "eps": null,
            "eps_growth_year": null,
            "eps_4q": null,
            "eps_4q_growth_year": null,
            "roe": null,
            "roe_4q": 0,
            "gross_profit": null,
            "gross_margin": null,
            "gross_margin_4q_avg": 0,
            "net_income": null,
            "net_income_4q": null,
            "revenue": null,
            "revenue_4q": null,
            "common_shares": null,
            "book_valuer_per_share": null,
            "book_valuer_per_share_4q_avg": 0,
            "equity": null,
            "current_ratio": null,
            "debt_ratio": null,
            "inventory_turnover_ratio": null,
            "account_receivable_turnover_ratio": null,
            "reinvestment_rate": null,
            "research_to_sale_ratio": null,
            "price_fair": 0,
            "eps_avg_yearly": 0,
            "eps_latest_yearly": 0,
            "eps_growth_yearly": 0
        },
        "20064": {
            "year_quarter": 20064,
            "year": 2006,
            "quarter": 4,
            "eps": null,
            "eps_growth_year": null,
            "eps_4q": null,
            "eps_4q_growth_year": null,
            "roe": null,
            "roe_4q": 0,
            "gross_profit": null,
            "gross_margin": null,
            "gross_margin_4q_avg": 0,
            "net_income": null,
            "net_income_4q": null,
            "revenue": null,
            "revenue_4q": null,
            "common_shares": null,
            "book_valuer_per_share": null,
            "book_valuer_per_share_4q_avg": 0,
            "equity": null,
            "current_ratio": null,
            "debt_ratio": null,
            "inventory_turnover_ratio": null,
            "account_receivable_turnover_ratio": null,
            "reinvestment_rate": null,
            "research_to_sale_ratio": null,
            "price_fair": 0,
            "eps_avg_yearly": 0,
            "eps_latest_yearly": 0,
            "eps_growth_yearly": 0
        },
        "20071": {
            "year_quarter": 20071,
            "year": 2007,
            "quarter": 1,
            "eps": null,
            "eps_growth_year": null,
            "eps_4q": null,
            "eps_4q_growth_year": null,
            "roe": null,
            "roe_4q": 0,
            "gross_profit": null,
            "gross_margin": null,
            "gross_margin_4q_avg": 0,
            "net_income": null,
            "net_income_4q": null,
            "revenue": null,
            "revenue_4q": null,
            "common_shares": null,
            "book_valuer_per_share": null,
            "book_valuer_per_share_4q_avg": 0,
            "equity": null,
            "current_ratio": null,
            "debt_ratio": null,
            "inventory_turnover_ratio": null,
            "account_receivable_turnover_ratio": null,
            "reinvestment_rate": null,
            "research_to_sale_ratio": null,
            "price_fair": 0,
            "eps_avg_yearly": 0,
            "eps_latest_yearly": 0,
            "eps_growth_yearly": 0
        },
        "20072": {
            "year_quarter": 20072,
            "year": 2007,
            "quarter": 2,
            "eps": null,
            "eps_growth_year": null,
            "eps_4q": null,
            "eps_4q_growth_year": null,
            "roe": null,
            "roe_4q": 0,
            "gross_profit": null,
            "gross_margin": null,
            "gross_margin_4q_avg": 0,
            "net_income": null,
            "net_income_4q": null,
            "revenue": null,
            "revenue_4q": null,
            "common_shares": null,
            "book_valuer_per_share": null,
            "book_valuer_per_share_4q_avg": 0,
            "equity": null,
            "current_ratio": null,
            "debt_ratio": null,
            "inventory_turnover_ratio": null,
            "account_receivable_turnover_ratio": null,
            "reinvestment_rate": null,
            "research_to_sale_ratio": null,
            "price_fair": 0,
            "eps_avg_yearly": 0,
            "eps_latest_yearly": 0,
            "eps_growth_yearly": 0
        },
        "20073": {
            "year_quarter": 20073,
            "year": 2007,
            "quarter": 3,
            "eps": null,
            "eps_growth_year": null,
            "eps_4q": null,
            "eps_4q_growth_year": null,
            "roe": null,
            "roe_4q": 0,
            "gross_profit": null,
            "gross_margin": null,
            "gross_margin_4q_avg": 0,
            "net_income": null,
            "net_income_4q": null,
            "revenue": null,
            "revenue_4q": null,
            "common_shares": null,
            "book_valuer_per_share": null,
            "book_valuer_per_share_4q_avg": 0,
            "equity": null,
            "current_ratio": null,
            "debt_ratio": null,
            "inventory_turnover_ratio": null,
            "account_receivable_turnover_ratio": null,
            "reinvestment_rate": null,
            "research_to_sale_ratio": null,
            "price_fair": 0,
            "eps_avg_yearly": 0,
            "eps_latest_yearly": 0,
            "eps_growth_yearly": 0
        },
        "20074": {
            "year_quarter": 20074,
            "year": 2007,
            "quarter": 4,
            "eps": null,
            "eps_growth_year": null,
            "eps_4q": null,
            "eps_4q_growth_year": null,
            "roe": null,
            "roe_4q": 0,
            "gross_profit": null,
            "gross_margin": null,
            "gross_margin_4q_avg": 0,
            "net_income": null,
            "net_income_4q": null,
            "revenue": null,
            "revenue_4q": null,
            "common_shares": null,
            "book_valuer_per_share": null,
            "book_valuer_per_share_4q_avg": 0,
            "equity": null,
            "current_ratio": null,
            "debt_ratio": null,
            "inventory_turnover_ratio": null,
            "account_receivable_turnover_ratio": null,
            "reinvestment_rate": null,
            "research_to_sale_ratio": null,
            "price_fair": 0,
            "eps_avg_yearly": 0,
            "eps_latest_yearly": 0,
            "eps_growth_yearly": 0
        },
        "20081": {
            "year_quarter": 20081,
            "year": 2008,
            "quarter": 1,
            "eps": null,
            "eps_growth_year": null,
            "eps_4q": null,
            "eps_4q_growth_year": null,
            "roe": null,
            "roe_4q": 0,
            "gross_profit": null,
            "gross_margin": null,
            "gross_margin_4q_avg": 0,
            "net_income": null,
            "net_income_4q": null,
            "revenue": null,
            "revenue_4q": null,
            "common_shares": null,
            "book_valuer_per_share": null,
            "book_valuer_per_share_4q_avg": 0,
            "equity": null,
            "current_ratio": null,
            "debt_ratio": null,
            "inventory_turnover_ratio": null,
            "account_receivable_turnover_ratio": null,
            "reinvestment_rate": null,
            "research_to_sale_ratio": null,
            "price_fair": 0,
            "eps_avg_yearly": 0,
            "eps_latest_yearly": 0,
            "eps_growth_yearly": 0
        },
        "20082": {
            "year_quarter": 20082,
            "year": 2008,
            "quarter": 2,
            "eps": null,
            "eps_growth_year": null,
            "eps_4q": null,
            "eps_4q_growth_year": null,
            "roe": null,
            "roe_4q": 0,
            "gross_profit": null,
            "gross_margin": null,
            "gross_margin_4q_avg": 0,
            "net_income": null,
            "net_income_4q": null,
            "revenue": null,
            "revenue_4q": null,
            "common_shares": null,
            "book_valuer_per_share": null,
            "book_valuer_per_share_4q_avg": 0,
            "equity": null,
            "current_ratio": null,
            "debt_ratio": null,
            "inventory_turnover_ratio": null,
            "account_receivable_turnover_ratio": null,
            "reinvestment_rate": null,
            "research_to_sale_ratio": null,
            "price_fair": 0,
            "eps_avg_yearly": 0,
            "eps_latest_yearly": 0,
            "eps_growth_yearly": 0
        },
        "20083": {
            "year_quarter": 20083,
            "year": 2008,
            "quarter": 3,
            "eps": null,
            "eps_growth_year": null,
            "eps_4q": null,
            "eps_4q_growth_year": null,
            "roe": null,
            "roe_4q": 0,
            "gross_profit": null,
            "gross_margin": null,
            "gross_margin_4q_avg": 0,
            "net_income": null,
            "net_income_4q": null,
            "revenue": null,
            "revenue_4q": null,
            "common_shares": null,
            "book_valuer_per_share": null,
            "book_valuer_per_share_4q_avg": 0,
            "equity": null,
            "current_ratio": null,
            "debt_ratio": null,
            "inventory_turnover_ratio": null,
            "account_receivable_turnover_ratio": null,
            "reinvestment_rate": null,
            "research_to_sale_ratio": null,
            "price_fair": 0,
            "eps_avg_yearly": 0,
            "eps_latest_yearly": 0,
            "eps_growth_yearly": 0
        },
        "20084": {
            "year_quarter": 20084,
            "year": 2008,
            "quarter": 4,
            "eps": null,
            "eps_growth_year": null,
            "eps_4q": null,
            "eps_4q_growth_year": null,
            "roe": null,
            "roe_4q": 0,
            "gross_profit": null,
            "gross_margin": null,
            "gross_margin_4q_avg": 0,
            "net_income": null,
            "net_income_4q": null,
            "revenue": null,
            "revenue_4q": null,
            "common_shares": null,
            "book_valuer_per_share": null,
            "book_valuer_per_share_4q_avg": 0,
            "equity": null,
            "current_ratio": null,
            "debt_ratio": null,
            "inventory_turnover_ratio": null,
            "account_receivable_turnover_ratio": null,
            "reinvestment_rate": null,
            "research_to_sale_ratio": null,
            "price_fair": 0,
            "eps_avg_yearly": 0,
            "eps_latest_yearly": 0,
            "eps_growth_yearly": 0
        },
        "20091": {
            "year_quarter": 20091,
            "year": 2009,
            "quarter": 1,
            "eps": null,
            "eps_growth_year": null,
            "eps_4q": null,
            "eps_4q_growth_year": null,
            "roe": null,
            "roe_4q": 0,
            "gross_profit": null,
            "gross_margin": null,
            "gross_margin_4q_avg": 0,
            "net_income": null,
            "net_income_4q": null,
            "revenue": null,
            "revenue_4q": null,
            "common_shares": null,
            "book_valuer_per_share": null,
            "book_valuer_per_share_4q_avg": 0,
            "equity": null,
            "current_ratio": null,
            "debt_ratio": null,
            "inventory_turnover_ratio": null,
            "account_receivable_turnover_ratio": null,
            "reinvestment_rate": null,
            "research_to_sale_ratio": null,
            "price_fair": 0,
            "eps_avg_yearly": 0,
            "eps_latest_yearly": 0,
            "eps_growth_yearly": 0
        },
        "20092": {
            "year_quarter": 20092,
            "year": 2009,
            "quarter": 2,
            "eps": null,
            "eps_growth_year": null,
            "eps_4q": null,
            "eps_4q_growth_year": null,
            "roe": null,
            "roe_4q": 0,
            "gross_profit": null,
            "gross_margin": null,
            "gross_margin_4q_avg": 0,
            "net_income": null,
            "net_income_4q": null,
            "revenue": null,
            "revenue_4q": null,
            "common_shares": null,
            "book_valuer_per_share": null,
            "book_valuer_per_share_4q_avg": 0,
            "equity": null,
            "current_ratio": null,
            "debt_ratio": null,
            "inventory_turnover_ratio": null,
            "account_receivable_turnover_ratio": null,
            "reinvestment_rate": null,
            "research_to_sale_ratio": null,
            "price_fair": 0,
            "eps_avg_yearly": 0,
            "eps_latest_yearly": 0,
            "eps_growth_yearly": 0
        },
        "20093": {
            "year_quarter": 20093,
            "year": 2009,
            "quarter": 3,
            "eps": null,
            "eps_growth_year": null,
            "eps_4q": null,
            "eps_4q_growth_year": null,
            "roe": null,
            "roe_4q": 0,
            "gross_profit": null,
            "gross_margin": null,
            "gross_margin_4q_avg": 0,
            "net_income": null,
            "net_income_4q": null,
            "revenue": null,
            "revenue_4q": null,
            "common_shares": null,
            "book_valuer_per_share": null,
            "book_valuer_per_share_4q_avg": 0,
            "equity": null,
            "current_ratio": null,
            "debt_ratio": null,
            "inventory_turnover_ratio": null,
            "account_receivable_turnover_ratio": null,
            "reinvestment_rate": null,
            "research_to_sale_ratio": null,
            "price_fair": 0,
            "eps_avg_yearly": 0,
            "eps_latest_yearly": 0,
            "eps_growth_yearly": 0
        },
        "20094": {
            "year_quarter": 20094,
            "year": 2009,
            "quarter": 4,
            "eps": null,
            "eps_growth_year": null,
            "eps_4q": null,
            "eps_4q_growth_year": null,
            "roe": null,
            "roe_4q": 0,
            "gross_profit": null,
            "gross_margin": null,
            "gross_margin_4q_avg": 0,
            "net_income": null,
            "net_income_4q": null,
            "revenue": null,
            "revenue_4q": null,
            "common_shares": null,
            "book_valuer_per_share": null,
            "book_valuer_per_share_4q_avg": 0,
            "equity": null,
            "current_ratio": null,
            "debt_ratio": null,
            "inventory_turnover_ratio": null,
            "account_receivable_turnover_ratio": null,
            "reinvestment_rate": null,
            "research_to_sale_ratio": null,
            "price_fair": 0,
            "eps_avg_yearly": 0,
            "eps_latest_yearly": 0,
            "eps_growth_yearly": 0
        },
        "20101": {
            "year_quarter": 20101,
            "year": 2010,
            "quarter": 1,
            "eps": null,
            "eps_growth_year": null,
            "eps_4q": null,
            "eps_4q_growth_year": null,
            "roe": null,
            "roe_4q": 0,
            "gross_profit": null,
            "gross_margin": null,
            "gross_margin_4q_avg": 0,
            "net_income": null,
            "net_income_4q": null,
            "revenue": null,
            "revenue_4q": null,
            "common_shares": null,
            "book_valuer_per_share": null,
            "book_valuer_per_share_4q_avg": 0,
            "equity": null,
            "current_ratio": null,
            "debt_ratio": null,
            "inventory_turnover_ratio": null,
            "account_receivable_turnover_ratio": null,
            "reinvestment_rate": null,
            "research_to_sale_ratio": null,
            "price_fair": 0,
            "eps_avg_yearly": 0,
            "eps_latest_yearly": 0,
            "eps_growth_yearly": 0
        },
        "20102": {
            "year_quarter": 20102,
            "year": 2010,
            "quarter": 2,
            "eps": null,
            "eps_growth_year": null,
            "eps_4q": null,
            "eps_4q_growth_year": null,
            "roe": null,
            "roe_4q": 0,
            "gross_profit": null,
            "gross_margin": null,
            "gross_margin_4q_avg": 0,
            "net_income": null,
            "net_income_4q": null,
            "revenue": null,
            "revenue_4q": null,
            "common_shares": null,
            "book_valuer_per_share": null,
            "book_valuer_per_share_4q_avg": 0,
            "equity": null,
            "current_ratio": null,
            "debt_ratio": null,
            "inventory_turnover_ratio": null,
            "account_receivable_turnover_ratio": null,
            "reinvestment_rate": null,
            "research_to_sale_ratio": null,
            "price_fair": 0,
            "eps_avg_yearly": 0,
            "eps_latest_yearly": 0,
            "eps_growth_yearly": 0
        },
        "20103": {
            "year_quarter": 20103,
            "year": 2010,
            "quarter": 3,
            "eps": null,
            "eps_growth_year": null,
            "eps_4q": null,
            "eps_4q_growth_year": null,
            "roe": null,
            "roe_4q": 0,
            "gross_profit": null,
            "gross_margin": null,
            "gross_margin_4q_avg": 0,
            "net_income": null,
            "net_income_4q": null,
            "revenue": null,
            "revenue_4q": null,
            "common_shares": null,
            "book_valuer_per_share": null,
            "book_valuer_per_share_4q_avg": 0,
            "equity": null,
            "current_ratio": null,
            "debt_ratio": null,
            "inventory_turnover_ratio": null,
            "account_receivable_turnover_ratio": null,
            "reinvestment_rate": null,
            "research_to_sale_ratio": null,
            "price_fair": 0,
            "eps_avg_yearly": 0,
            "eps_latest_yearly": 0,
            "eps_growth_yearly": 0
        },
        "20104": {
            "year_quarter": 20104,
            "year": 2010,
            "quarter": 4,
            "eps": null,
            "eps_growth_year": null,
            "eps_4q": null,
            "eps_4q_growth_year": null,
            "roe": null,
            "roe_4q": 0,
            "gross_profit": null,
            "gross_margin": null,
            "gross_margin_4q_avg": 0,
            "net_income": null,
            "net_income_4q": null,
            "revenue": null,
            "revenue_4q": null,
            "common_shares": null,
            "book_valuer_per_share": null,
            "book_valuer_per_share_4q_avg": 0,
            "equity": null,
            "current_ratio": null,
            "debt_ratio": null,
            "inventory_turnover_ratio": null,
            "account_receivable_turnover_ratio": null,
            "reinvestment_rate": null,
            "research_to_sale_ratio": null,
            "price_fair": 0,
            "eps_avg_yearly": 0,
            "eps_latest_yearly": 0,
            "eps_growth_yearly": 0
        },
        "20111": {
            "year_quarter": 20111,
            "year": 2011,
            "quarter": 1,
            "eps": null,
            "eps_growth_year": null,
            "eps_4q": null,
            "eps_4q_growth_year": null,
            "roe": null,
            "roe_4q": 0,
            "gross_profit": null,
            "gross_margin": null,
            "gross_margin_4q_avg": 0,
            "net_income": null,
            "net_income_4q": null,
            "revenue": null,
            "revenue_4q": null,
            "common_shares": null,
            "book_valuer_per_share": null,
            "book_valuer_per_share_4q_avg": 0,
            "equity": null,
            "current_ratio": null,
            "debt_ratio": null,
            "inventory_turnover_ratio": null,
            "account_receivable_turnover_ratio": null,
            "reinvestment_rate": null,
            "research_to_sale_ratio": null,
            "price_fair": 0,
            "eps_avg_yearly": 0,
            "eps_latest_yearly": 0,
            "eps_growth_yearly": 0
        },
        "20112": {
            "year_quarter": 20112,
            "year": 2011,
            "quarter": 2,
            "eps": null,
            "eps_growth_year": null,
            "eps_4q": null,
            "eps_4q_growth_year": null,
            "roe": null,
            "roe_4q": 0,
            "gross_profit": null,
            "gross_margin": null,
            "gross_margin_4q_avg": 0,
            "net_income": null,
            "net_income_4q": null,
            "revenue": null,
            "revenue_4q": null,
            "common_shares": null,
            "book_valuer_per_share": null,
            "book_valuer_per_share_4q_avg": 0,
            "equity": null,
            "current_ratio": null,
            "debt_ratio": null,
            "inventory_turnover_ratio": null,
            "account_receivable_turnover_ratio": null,
            "reinvestment_rate": null,
            "research_to_sale_ratio": null,
            "price_fair": 0,
            "eps_avg_yearly": 0,
            "eps_latest_yearly": 0,
            "eps_growth_yearly": 0
        },
        "20113": {
            "year_quarter": 20113,
            "year": 2011,
            "quarter": 3,
            "eps": null,
            "eps_growth_year": null,
            "eps_4q": null,
            "eps_4q_growth_year": null,
            "roe": null,
            "roe_4q": 0,
            "gross_profit": null,
            "gross_margin": null,
            "gross_margin_4q_avg": 0,
            "net_income": null,
            "net_income_4q": null,
            "revenue": null,
            "revenue_4q": null,
            "common_shares": null,
            "book_valuer_per_share": null,
            "book_valuer_per_share_4q_avg": 0,
            "equity": null,
            "current_ratio": null,
            "debt_ratio": null,
            "inventory_turnover_ratio": null,
            "account_receivable_turnover_ratio": null,
            "reinvestment_rate": null,
            "research_to_sale_ratio": null,
            "price_fair": 0,
            "eps_avg_yearly": 0,
            "eps_latest_yearly": 0,
            "eps_growth_yearly": 0
        },
        "20114": {
            "year_quarter": 20114,
            "year": 2011,
            "quarter": 4,
            "eps": null,
            "eps_growth_year": null,
            "eps_4q": null,
            "eps_4q_growth_year": null,
            "roe": null,
            "roe_4q": 0,
            "gross_profit": null,
            "gross_margin": null,
            "gross_margin_4q_avg": 0,
            "net_income": null,
            "net_income_4q": null,
            "revenue": null,
            "revenue_4q": null,
            "common_shares": null,
            "book_valuer_per_share": null,
            "book_valuer_per_share_4q_avg": 0,
            "equity": null,
            "current_ratio": null,
            "debt_ratio": null,
            "inventory_turnover_ratio": null,
            "account_receivable_turnover_ratio": null,
            "reinvestment_rate": null,
            "research_to_sale_ratio": null,
            "price_fair": 0,
            "eps_avg_yearly": 0,
            "eps_latest_yearly": 0,
            "eps_growth_yearly": 0
        },
        "20121": {
            "year_quarter": 20121,
            "year": 2012,
            "quarter": 1,
            "eps": null,
            "eps_growth_year": null,
            "eps_4q": null,
            "eps_4q_growth_year": null,
            "roe": null,
            "roe_4q": 0,
            "gross_profit": null,
            "gross_margin": null,
            "gross_margin_4q_avg": 0,
            "net_income": null,
            "net_income_4q": null,
            "revenue": null,
            "revenue_4q": null,
            "common_shares": null,
            "book_valuer_per_share": null,
            "book_valuer_per_share_4q_avg": 0,
            "equity": null,
            "current_ratio": null,
            "debt_ratio": null,
            "inventory_turnover_ratio": null,
            "account_receivable_turnover_ratio": null,
            "reinvestment_rate": null,
            "research_to_sale_ratio": null,
            "price_fair": 0,
            "eps_avg_yearly": 0,
            "eps_latest_yearly": 0,
            "eps_growth_yearly": 0
        },
        "20122": {
            "year_quarter": 20122,
            "year": 2012,
            "quarter": 2,
            "eps": null,
            "eps_growth_year": null,
            "eps_4q": null,
            "eps_4q_growth_year": null,
            "roe": null,
            "roe_4q": 0,
            "gross_profit": null,
            "gross_margin": null,
            "gross_margin_4q_avg": 0,
            "net_income": null,
            "net_income_4q": null,
            "revenue": null,
            "revenue_4q": null,
            "common_shares": null,
            "book_valuer_per_share": null,
            "book_valuer_per_share_4q_avg": 0,
            "equity": null,
            "current_ratio": null,
            "debt_ratio": null,
            "inventory_turnover_ratio": null,
            "account_receivable_turnover_ratio": null,
            "reinvestment_rate": null,
            "research_to_sale_ratio": null,
            "price_fair": 0,
            "eps_avg_yearly": 0,
            "eps_latest_yearly": 0,
            "eps_growth_yearly": 0
        },
        "20123": {
            "year_quarter": 20123,
            "year": 2012,
            "quarter": 3,
            "eps": null,
            "eps_growth_year": null,
            "eps_4q": null,
            "eps_4q_growth_year": null,
            "roe": null,
            "roe_4q": 0,
            "gross_profit": null,
            "gross_margin": null,
            "gross_margin_4q_avg": 0,
            "net_income": null,
            "net_income_4q": null,
            "revenue": null,
            "revenue_4q": null,
            "common_shares": null,
            "book_valuer_per_share": null,
            "book_valuer_per_share_4q_avg": 0,
            "equity": null,
            "current_ratio": null,
            "debt_ratio": null,
            "inventory_turnover_ratio": null,
            "account_receivable_turnover_ratio": null,
            "reinvestment_rate": null,
            "research_to_sale_ratio": null,
            "price_fair": 0,
            "eps_avg_yearly": 0,
            "eps_latest_yearly": 0,
            "eps_growth_yearly": 0
        },
        "20124": {
            "year_quarter": 20124,
            "year": 2012,
            "quarter": 4,
            "eps": null,
            "eps_growth_year": null,
            "eps_4q": null,
            "eps_4q_growth_year": null,
            "roe": null,
            "roe_4q": 0,
            "gross_profit": null,
            "gross_margin": null,
            "gross_margin_4q_avg": 0,
            "net_income": null,
            "net_income_4q": null,
            "revenue": null,
            "revenue_4q": null,
            "common_shares": null,
            "book_valuer_per_share": null,
            "book_valuer_per_share_4q_avg": 0,
            "equity": null,
            "current_ratio": null,
            "debt_ratio": null,
            "inventory_turnover_ratio": null,
            "account_receivable_turnover_ratio": null,
            "reinvestment_rate": null,
            "research_to_sale_ratio": null,
            "price_fair": 0,
            "eps_avg_yearly": 0,
            "eps_latest_yearly": 0,
            "eps_growth_yearly": 0
        },
        "20131": {
            "year_quarter": 20131,
            "year": 2013,
            "quarter": 1,
            "eps": null,
            "eps_growth_year": null,
            "eps_4q": null,
            "eps_4q_growth_year": null,
            "roe": null,
            "roe_4q": 0,
            "gross_profit": null,
            "gross_margin": null,
            "gross_margin_4q_avg": 0,
            "net_income": null,
            "net_income_4q": null,
            "revenue": null,
            "revenue_4q": null,
            "common_shares": null,
            "book_valuer_per_share": null,
            "book_valuer_per_share_4q_avg": 0,
            "equity": null,
            "current_ratio": null,
            "debt_ratio": null,
            "inventory_turnover_ratio": null,
            "account_receivable_turnover_ratio": null,
            "reinvestment_rate": null,
            "research_to_sale_ratio": null,
            "price_fair": 0,
            "eps_avg_yearly": 0,
            "eps_latest_yearly": 0,
            "eps_growth_yearly": 0
        },
        "20132": {
            "year_quarter": 20132,
            "year": 2013,
            "quarter": 2,
            "eps": null,
            "eps_growth_year": null,
            "eps_4q": null,
            "eps_4q_growth_year": null,
            "roe": null,
            "roe_4q": 0,
            "gross_profit": null,
            "gross_margin": null,
            "gross_margin_4q_avg": 0,
            "net_income": null,
            "net_income_4q": null,
            "revenue": null,
            "revenue_4q": null,
            "common_shares": null,
            "book_valuer_per_share": null,
            "book_valuer_per_share_4q_avg": 0,
            "equity": null,
            "current_ratio": null,
            "debt_ratio": null,
            "inventory_turnover_ratio": null,
            "account_receivable_turnover_ratio": null,
            "reinvestment_rate": null,
            "research_to_sale_ratio": null,
            "price_fair": 0,
            "eps_avg_yearly": 0,
            "eps_latest_yearly": 0,
            "eps_growth_yearly": 0
        },
        "20133": {
            "year_quarter": 20133,
            "year": 2013,
            "quarter": 3,
            "eps": null,
            "eps_growth_year": null,
            "eps_4q": null,
            "eps_4q_growth_year": null,
            "roe": null,
            "roe_4q": 0,
            "gross_profit": null,
            "gross_margin": null,
            "gross_margin_4q_avg": 0,
            "net_income": null,
            "net_income_4q": null,
            "revenue": null,
            "revenue_4q": null,
            "common_shares": null,
            "book_valuer_per_share": null,
            "book_valuer_per_share_4q_avg": 0,
            "equity": null,
            "current_ratio": null,
            "debt_ratio": null,
            "inventory_turnover_ratio": null,
            "account_receivable_turnover_ratio": null,
            "reinvestment_rate": null,
            "research_to_sale_ratio": null,
            "price_fair": 0,
            "eps_avg_yearly": 0,
            "eps_latest_yearly": 0,
            "eps_growth_yearly": 0
        },
        "20134": {
            "year_quarter": 20134,
            "year": 2013,
            "quarter": 4,
            "eps": null,
            "eps_growth_year": null,
            "eps_4q": null,
            "eps_4q_growth_year": null,
            "roe": null,
            "roe_4q": 0,
            "gross_profit": null,
            "gross_margin": null,
            "gross_margin_4q_avg": 0,
            "net_income": null,
            "net_income_4q": null,
            "revenue": null,
            "revenue_4q": null,
            "common_shares": 710000,
            "book_valuer_per_share": null,
            "book_valuer_per_share_4q_avg": 0,
            "equity": 260851,
            "current_ratio": null,
            "debt_ratio": null,
            "inventory_turnover_ratio": null,
            "account_receivable_turnover_ratio": null,
            "reinvestment_rate": null,
            "research_to_sale_ratio": null,
            "price_fair": 0,
            "eps_avg_yearly": 0,
            "eps_latest_yearly": 0,
            "eps_growth_yearly": 0
        },
        "20141": {
            "year_quarter": 20141,
            "year": 2014,
            "quarter": 1,
            "eps": null,
            "eps_growth_year": null,
            "eps_4q": null,
            "eps_4q_growth_year": null,
            "roe": null,
            "roe_4q": 0,
            "gross_profit": null,
            "gross_margin": null,
            "gross_margin_4q_avg": 0,
            "net_income": null,
            "net_income_4q": null,
            "revenue": null,
            "revenue_4q": null,
            "common_shares": null,
            "book_valuer_per_share": null,
            "book_valuer_per_share_4q_avg": 0,
            "equity": null,
            "current_ratio": null,
            "debt_ratio": null,
            "inventory_turnover_ratio": null,
            "account_receivable_turnover_ratio": null,
            "reinvestment_rate": null,
            "research_to_sale_ratio": null,
            "price_fair": 0,
            "eps_avg_yearly": 0,
            "eps_latest_yearly": 0,
            "eps_growth_yearly": 0
        },
        "20142": {
            "year_quarter": 20142,
            "year": 2014,
            "quarter": 2,
            "eps": null,
            "eps_growth_year": null,
            "eps_4q": null,
            "eps_4q_growth_year": null,
            "roe": null,
            "roe_4q": 0,
            "gross_profit": null,
            "gross_margin": null,
            "gross_margin_4q_avg": 0,
            "net_income": null,
            "net_income_4q": null,
            "revenue": null,
            "revenue_4q": null,
            "common_shares": 710000,
            "book_valuer_per_share": null,
            "book_valuer_per_share_4q_avg": 0,
            "equity": 268009,
            "current_ratio": null,
            "debt_ratio": null,
            "inventory_turnover_ratio": null,
            "account_receivable_turnover_ratio": null,
            "reinvestment_rate": null,
            "research_to_sale_ratio": null,
            "price_fair": 0,
            "eps_avg_yearly": 0,
            "eps_latest_yearly": 0,
            "eps_growth_yearly": 0
        },
        "20143": {
            "year_quarter": 20143,
            "year": 2014,
            "quarter": 3,
            "eps": null,
            "eps_growth_year": null,
            "eps_4q": null,
            "eps_4q_growth_year": null,
            "roe": null,
            "roe_4q": 0,
            "gross_profit": null,
            "gross_margin": null,
            "gross_margin_4q_avg": 0,
            "net_income": null,
            "net_income_4q": null,
            "revenue": null,
            "revenue_4q": null,
            "common_shares": null,
            "book_valuer_per_share": null,
            "book_valuer_per_share_4q_avg": 0,
            "equity": null,
            "current_ratio": null,
            "debt_ratio": null,
            "inventory_turnover_ratio": null,
            "account_receivable_turnover_ratio": null,
            "reinvestment_rate": null,
            "research_to_sale_ratio": null,
            "price_fair": 0,
            "eps_avg_yearly": 0,
            "eps_latest_yearly": 0,
            "eps_growth_yearly": 0
        },
        "20144": {
            "year_quarter": 20144,
            "year": 2014,
            "quarter": 4,
            "eps": null,
            "eps_growth_year": null,
            "eps_4q": null,
            "eps_4q_growth_year": null,
            "roe": null,
            "roe_4q": 0,
            "gross_profit": null,
            "gross_margin": null,
            "gross_margin_4q_avg": 0,
            "net_income": null,
            "net_income_4q": null,
            "revenue": null,
            "revenue_4q": null,
            "common_shares": 700000,
            "book_valuer_per_share": 10.4,
            "book_valuer_per_share_4q_avg": 2.6,
            "equity": 727667,
            "current_ratio": 76.51,
            "debt_ratio": 43.94,
            "inventory_turnover_ratio": null,
            "account_receivable_turnover_ratio": null,
            "reinvestment_rate": null,
            "research_to_sale_ratio": null,
            "price_fair": 0,
            "eps_avg_yearly": 0,
            "eps_latest_yearly": 0,
            "eps_growth_yearly": 0
        },
        "20151": {
            "year_quarter": 20151,
            "year": 2015,
            "quarter": 1,
            "eps": null,
            "eps_growth_year": null,
            "eps_4q": null,
            "eps_4q_growth_year": null,
            "roe": null,
            "roe_4q": 0,
            "gross_profit": 189101,
            "gross_margin": null,
            "gross_margin_4q_avg": 0,
            "net_income": 154139,
            "net_income_4q": null,
            "revenue": 389243,
            "revenue_4q": null,
            "common_shares": 900000,
            "book_valuer_per_share": null,
            "book_valuer_per_share_4q_avg": 2.6,
            "equity": 1281806,
            "current_ratio": null,
            "debt_ratio": null,
            "inventory_turnover_ratio": null,
            "account_receivable_turnover_ratio": null,
            "reinvestment_rate": null,
            "research_to_sale_ratio": null,
            "price_fair": 0,
            "eps_avg_yearly": 0,
            "eps_latest_yearly": 0,
            "eps_growth_yearly": 0
        },
        "20152": {
            "year_quarter": 20152,
            "year": 2015,
            "quarter": 2,
            "eps": null,
            "eps_growth_year": null,
            "eps_4q": null,
            "eps_4q_growth_year": null,
            "roe": null,
            "roe_4q": 0,
            "gross_profit": 83616,
            "gross_margin": null,
            "gross_margin_4q_avg": 0,
            "net_income": 41488,
            "net_income_4q": null,
            "revenue": 408431,
            "revenue_4q": null,
            "common_shares": 900000,
            "book_valuer_per_share": 14.7,
            "book_valuer_per_share_4q_avg": 6.28,
            "equity": 1323294,
            "current_ratio": 186.27,
            "debt_ratio": 26.06,
            "inventory_turnover_ratio": null,
            "account_receivable_turnover_ratio": null,
            "reinvestment_rate": null,
            "research_to_sale_ratio": null,
            "price_fair": 0,
            "eps_avg_yearly": 0,
            "eps_latest_yearly": 0,
            "eps_growth_yearly": 0
        },
        "20153": {
            "year_quarter": 20153,
            "year": 2015,
            "quarter": 3,
            "eps": null,
            "eps_growth_year": null,
            "eps_4q": null,
            "eps_4q_growth_year": null,
            "roe": null,
            "roe_4q": 0,
            "gross_profit": 56376,
            "gross_margin": null,
            "gross_margin_4q_avg": 0,
            "net_income": 39570,
            "net_income_4q": null,
            "revenue": 363578,
            "revenue_4q": null,
            "common_shares": 900000,
            "book_valuer_per_share": null,
            "book_valuer_per_share_4q_avg": 6.28,
            "equity": 1362864,
            "current_ratio": null,
            "debt_ratio": null,
            "inventory_turnover_ratio": null,
            "account_receivable_turnover_ratio": null,
            "reinvestment_rate": null,
            "research_to_sale_ratio": null,
            "price_fair": 0,
            "eps_avg_yearly": 0,
            "eps_latest_yearly": 0,
            "eps_growth_yearly": 0
        },
        "20154": {
            "year_quarter": 20154,
            "year": 2015,
            "quarter": 4,
            "eps": null,
            "eps_growth_year": null,
            "eps_4q": null,
            "eps_4q_growth_year": null,
            "roe": null,
            "roe_4q": 0,
            "gross_profit": 80601,
            "gross_margin": null,
            "gross_margin_4q_avg": 0,
            "net_income": 49070,
            "net_income_4q": null,
            "revenue": 426993,
            "revenue_4q": null,
            "common_shares": 900000,
            "book_valuer_per_share": 15.68,
            "book_valuer_per_share_4q_avg": 7.6,
            "equity": 1411160,
            "current_ratio": 295.21,
            "debt_ratio": 15.56,
            "inventory_turnover_ratio": null,
            "account_receivable_turnover_ratio": null,
            "reinvestment_rate": null,
            "research_to_sale_ratio": null,
            "price_fair": 0,
            "eps_avg_yearly": 0,
            "eps_latest_yearly": 0,
            "eps_growth_yearly": 0
        },
        "20161": {
            "year_quarter": 20161,
            "year": 2016,
            "quarter": 1,
            "eps": 0.35,
            "eps_growth_year": null,
            "eps_4q": 0.35,
            "eps_4q_growth_year": null,
            "roe": 2.23,
            "roe_4q": 2.23,
            "gross_profit": 92435,
            "gross_margin": 20.68,
            "gross_margin_4q_avg": 5.17,
            "net_income": 31878,
            "net_income_4q": null,
            "revenue": 446957,
            "revenue_4q": null,
            "common_shares": 900000,
            "book_valuer_per_share": 16.03,
            "book_valuer_per_share_4q_avg": 11.6,
            "equity": 1443038,
            "current_ratio": 316.5,
            "debt_ratio": 14.79,
            "inventory_turnover_ratio": 2.33,
            "account_receivable_turnover_ratio": 1.14,
            "reinvestment_rate": null,
            "research_to_sale_ratio": 4.26,
            "price_fair": 0,
            "eps_avg_yearly": 0,
            "eps_latest_yearly": 0,
            "eps_growth_yearly": 0
        },
        "20162": {
            "year_quarter": 20162,
            "year": 2016,
            "quarter": 2,
            "eps": 0.41,
            "eps_growth_year": null,
            "eps_4q": 0.76,
            "eps_4q_growth_year": null,
            "roe": 2.55,
            "roe_4q": 4.779999999999999,
            "gross_profit": 93124,
            "gross_margin": 22.37,
            "gross_margin_4q_avg": 10.76,
            "net_income": 36959,
            "net_income_4q": null,
            "revenue": 416275,
            "revenue_4q": null,
            "common_shares": 900000,
            "book_valuer_per_share": 16.14,
            "book_valuer_per_share_4q_avg": 11.96,
            "equity": 1452997,
            "current_ratio": 297.11,
            "debt_ratio": 16.36,
            "inventory_turnover_ratio": 2.03,
            "account_receivable_turnover_ratio": 0.96,
            "reinvestment_rate": null,
            "research_to_sale_ratio": 4.23,
            "price_fair": 57.4,
            "eps_avg_yearly": 1.64,
            "eps_latest_yearly": 1.64,
            "eps_growth_yearly": 68.57
        },
        "20163": {
            "year_quarter": 20163,
            "year": 2016,
            "quarter": 3,
            "eps": 0.37,
            "eps_growth_year": null,
            "eps_4q": 1.14,
            "eps_4q_growth_year": null,
            "roe": 2.28,
            "roe_4q": 7.0600000000000005,
            "gross_profit": 94884,
            "gross_margin": 22.52,
            "gross_margin_4q_avg": 16.39,
            "net_income": 33444,
            "net_income_4q": null,
            "revenue": 421396,
            "revenue_4q": null,
            "common_shares": 900000,
            "book_valuer_per_share": 16.52,
            "book_valuer_per_share_4q_avg": 16.09,
            "equity": 1486441,
            "current_ratio": 243.48,
            "debt_ratio": 21.69,
            "inventory_turnover_ratio": 1.99,
            "account_receivable_turnover_ratio": 0.99,
            "reinvestment_rate": null,
            "research_to_sale_ratio": 4.15,
            "price_fair": 38.65,
            "eps_avg_yearly": 1.56,
            "eps_latest_yearly": 1.48,
            "eps_growth_yearly": 14.77
        },
        "20164": {
            "year_quarter": 20164,
            "year": 2016,
            "quarter": 4,
            "eps": 0.38,
            "eps_growth_year": null,
            "eps_4q": 1.51,
            "eps_4q_growth_year": null,
            "roe": 2.26,
            "roe_4q": 9.319999999999999,
            "gross_profit": 64367,
            "gross_margin": 16.8,
            "gross_margin_4q_avg": 20.59,
            "net_income": 34022,
            "net_income_4q": null,
            "revenue": 383133,
            "revenue_4q": null,
            "common_shares": 900000,
            "book_valuer_per_share": 16.89,
            "book_valuer_per_share_4q_avg": 16.4,
            "equity": 1519881,
            "current_ratio": 349.91,
            "debt_ratio": 14.66,
            "inventory_turnover_ratio": 1.75,
            "account_receivable_turnover_ratio": 1.15,
            "reinvestment_rate": null,
            "research_to_sale_ratio": 4.59,
            "price_fair": 36.27,
            "eps_avg_yearly": 1.55,
            "eps_latest_yearly": 1.52,
            "eps_growth_yearly": 13.45
        },
        "20171": {
            "year_quarter": 20171,
            "year": 2017,
            "quarter": 1,
            "eps": -0.26,
            "eps_growth_year": -174.29,
            "eps_4q": 0.79,
            "eps_4q_growth_year": 122.98,
            "roe": -1.56,
            "roe_4q": 5.529999999999999,
            "gross_profit": 14622,
            "gross_margin": 4.8,
            "gross_margin_4q_avg": 16.62,
            "net_income": -25444,
            "net_income_4q": null,
            "revenue": 304337,
            "revenue_4q": null,
            "common_shares": 1000000,
            "book_valuer_per_share": 17.51,
            "book_valuer_per_share_4q_avg": 16.77,
            "equity": 1751437,
            "current_ratio": 400.83,
            "debt_ratio": 12.83,
            "inventory_turnover_ratio": 1.65,
            "account_receivable_turnover_ratio": 1.31,
            "reinvestment_rate": null,
            "research_to_sale_ratio": 4.48,
            "price_fair": 36.27,
            "eps_avg_yearly": 1.55,
            "eps_latest_yearly": 1.52,
            "eps_growth_yearly": 13.45
        },
        "20172": {
            "year_quarter": 20172,
            "year": 2017,
            "quarter": 2,
            "eps": 0.05,
            "eps_growth_year": -87.8,
            "eps_4q": 0.47,
            "eps_4q_growth_year": -38.96,
            "roe": 0.27,
            "roe_4q": 3.2499999999999996,
            "gross_profit": 33232,
            "gross_margin": 10.54,
            "gross_margin_4q_avg": 13.67,
            "net_income": 4666,
            "net_income_4q": null,
            "revenue": 315250,
            "revenue_4q": null,
            "common_shares": 1000000,
            "book_valuer_per_share": 16.81,
            "book_valuer_per_share_4q_avg": 16.93,
            "equity": 1681103,
            "current_ratio": 322,
            "debt_ratio": 15.34,
            "inventory_turnover_ratio": 1.66,
            "account_receivable_turnover_ratio": 1.69,
            "reinvestment_rate": null,
            "research_to_sale_ratio": 4.13,
            "price_fair": 36.27,
            "eps_avg_yearly": 1.55,
            "eps_latest_yearly": 1.52,
            "eps_growth_yearly": 13.45
        },
        "20173": {
            "year_quarter": 20173,
            "year": 2017,
            "quarter": 3,
            "eps": 0.05,
            "eps_growth_year": -86.49,
            "eps_4q": 0.18,
            "eps_4q_growth_year": -84,
            "roe": 0.29,
            "roe_4q": 1.2599999999999998,
            "gross_profit": 32359,
            "gross_margin": 9.88,
            "gross_margin_4q_avg": 10.51,
            "net_income": 4943,
            "net_income_4q": null,
            "revenue": 327612,
            "revenue_4q": null,
            "common_shares": 1000000,
            "book_valuer_per_share": 16.86,
            "book_valuer_per_share_4q_avg": 17.02,
            "equity": 1686046,
            "current_ratio": 328.91,
            "debt_ratio": 13.99,
            "inventory_turnover_ratio": 1.58,
            "account_receivable_turnover_ratio": 1.97,
            "reinvestment_rate": null,
            "research_to_sale_ratio": 3.69,
            "price_fair": 24.31,
            "eps_avg_yearly": 1.21,
            "eps_latest_yearly": 0.2,
            "eps_growth_yearly": 10.09
        },
        "20174": {
            "year_quarter": 20174,
            "year": 2017,
            "quarter": 4,
            "eps": 0.2,
            "eps_growth_year": -46.43,
            "eps_4q": 0.04,
            "eps_4q_growth_year": -97.09,
            "roe": 1.19,
            "roe_4q": 0.18999999999999995,
            "gross_profit": 53403,
            "gross_margin": 14.21,
            "gross_margin_4q_avg": 9.86,
            "net_income": 20249,
            "net_income_4q": null,
            "revenue": 375729,
            "revenue_4q": null,
            "common_shares": 1000000,
            "book_valuer_per_share": 17.09,
            "book_valuer_per_share_4q_avg": 17.07,
            "equity": 1709198,
            "current_ratio": 293.03,
            "debt_ratio": 14.35,
            "inventory_turnover_ratio": 1.77,
            "account_receivable_turnover_ratio": 2.23,
            "reinvestment_rate": null,
            "research_to_sale_ratio": 3.36,
            "price_fair": 39.48,
            "eps_avg_yearly": 1.13,
            "eps_latest_yearly": 0.8,
            "eps_growth_yearly": 248.07
        },
        "20181": {
            "year_quarter": 20181,
            "year": 2018,
            "quarter": 1,
            "eps": 0.21,
            "eps_growth_year": null,
            "eps_4q": 0.51,
            "eps_4q_growth_year": -35.38,
            "roe": 1.23,
            "roe_4q": 2.98,
            "gross_profit": 40079,
            "gross_margin": 11.26,
            "gross_margin_4q_avg": 11.47,
            "net_income": 21183,
            "net_income_4q": null,
            "revenue": 355906,
            "revenue_4q": null,
            "common_shares": 1000000,
            "book_valuer_per_share": 17.25,
            "book_valuer_per_share_4q_avg": 17,
            "equity": 1725472,
            "current_ratio": 221.87,
            "debt_ratio": 16.44,
            "inventory_turnover_ratio": 1.78,
            "account_receivable_turnover_ratio": 2.09,
            "reinvestment_rate": null,
            "research_to_sale_ratio": 3.61,
            "price_fair": 37.8,
            "eps_avg_yearly": 1.08,
            "eps_latest_yearly": 0.84,
            "eps_growth_yearly": 210.06
        },
        "20182": {
            "year_quarter": 20182,
            "year": 2018,
            "quarter": 2,
            "eps": 0.28,
            "eps_growth_year": 460,
            "eps_4q": 0.74,
            "eps_4q_growth_year": 59.2,
            "roe": 1.62,
            "roe_4q": 4.33,
            "gross_profit": 54771,
            "gross_margin": 14.44,
            "gross_margin_4q_avg": 12.45,
            "net_income": 27954,
            "net_income_4q": null,
            "revenue": 379238,
            "revenue_4q": null,
            "common_shares": 1000000,
            "book_valuer_per_share": 17.2,
            "book_valuer_per_share_4q_avg": 17.1,
            "equity": 1719543,
            "current_ratio": 223.57,
            "debt_ratio": 21.37,
            "inventory_turnover_ratio": 1.66,
            "account_receivable_turnover_ratio": 2.46,
            "reinvestment_rate": null,
            "research_to_sale_ratio": 3.84,
            "price_fair": 38,
            "eps_avg_yearly": 1.09,
            "eps_latest_yearly": 1.12,
            "eps_growth_yearly": 199.1
        },
        "20183": {
            "year_quarter": 20183,
            "year": 2018,
            "quarter": 3,
            "eps": 0.53,
            "eps_growth_year": 960,
            "eps_4q": 1.23,
            "eps_4q_growth_year": 575.14,
            "roe": 3.06,
            "roe_4q": 7.1,
            "gross_profit": 103160,
            "gross_margin": 20.19,
            "gross_margin_4q_avg": 15.03,
            "net_income": 53401,
            "net_income_4q": null,
            "revenue": 511029,
            "revenue_4q": null,
            "common_shares": 1000000,
            "book_valuer_per_share": 17.68,
            "book_valuer_per_share_4q_avg": 17.31,
            "equity": 1767772,
            "current_ratio": 194.19,
            "debt_ratio": 23.01,
            "inventory_turnover_ratio": 1.92,
            "account_receivable_turnover_ratio": 3.55,
            "reinvestment_rate": null,
            "research_to_sale_ratio": 3.06,
            "price_fair": 42.53,
            "eps_avg_yearly": 1.22,
            "eps_latest_yearly": 2.12,
            "eps_growth_yearly": 218.85
        },
        "20184": {
            "year_quarter": 20184,
            "year": 2018,
            "quarter": 4,
            "eps": 1.17,
            "eps_growth_year": 477.84,
            "eps_4q": 2.2,
            "eps_4q_growth_year": 4873.81,
            "roe": 6.41,
            "roe_4q": 12.32,
            "gross_profit": 197749,
            "gross_margin": 28.88,
            "gross_margin_4q_avg": 18.69,
            "net_income": 117006,
            "net_income_4q": null,
            "revenue": 684835,
            "revenue_4q": null,
            "common_shares": 1000000,
            "book_valuer_per_share": 18.85,
            "book_valuer_per_share_4q_avg": 17.75,
            "equity": 1884668,
            "current_ratio": 135.35,
            "debt_ratio": 32.84,
            "inventory_turnover_ratio": 2.22,
            "account_receivable_turnover_ratio": 2.32,
            "reinvestment_rate": 112.94,
            "research_to_sale_ratio": 2.24,
            "price_fair": 56,
            "eps_avg_yearly": 1.6,
            "eps_latest_yearly": 4.68,
            "eps_growth_yearly": 248.21
        },
        "20191": {
            "year_quarter": 20191,
            "year": 2019,
            "quarter": 1,
            "eps": 1.27,
            "eps_growth_year": 504.76,
            "eps_4q": 3.26,
            "eps_4q_growth_year": 538.34,
            "roe": 6.52,
            "roe_4q": 17.61,
            "gross_profit": 214825,
            "gross_margin": 29.34,
            "gross_margin_4q_avg": 23.21,
            "net_income": 127454,
            "net_income_4q": null,
            "revenue": 732235,
            "revenue_4q": null,
            "common_shares": 1000000,
            "book_valuer_per_share": 20.22,
            "book_valuer_per_share_4q_avg": 18.49,
            "equity": 2022133,
            "current_ratio": 135.7,
            "debt_ratio": 32.88,
            "inventory_turnover_ratio": 2.28,
            "account_receivable_turnover_ratio": 1.86,
            "reinvestment_rate": 113.19,
            "research_to_sale_ratio": 2.33,
            "price_fair": 68.18,
            "eps_avg_yearly": 1.95,
            "eps_latest_yearly": 5.08,
            "eps_growth_yearly": 226.8
        },
        "20192": {
            "year_quarter": 20192,
            "year": 2019,
            "quarter": 2,
            "eps": 1.6,
            "eps_growth_year": 471.43,
            "eps_4q": 4.58,
            "eps_4q_growth_year": 516.34,
            "roe": 8.01,
            "roe_4q": 23.999999999999996,
            "gross_profit": 261603,
            "gross_margin": 32.75,
            "gross_margin_4q_avg": 27.79,
            "net_income": 160259,
            "net_income_4q": null,
            "revenue": 798818,
            "revenue_4q": null,
            "common_shares": 1000000,
            "book_valuer_per_share": 19.81,
            "book_valuer_per_share_4q_avg": 19.14,
            "equity": 1980547,
            "current_ratio": 105.5,
            "debt_ratio": 38.11,
            "inventory_turnover_ratio": 2.32,
            "account_receivable_turnover_ratio": 1.93,
            "reinvestment_rate": 126.42,
            "research_to_sale_ratio": 2.08,
            "price_fair": 82.35,
            "eps_avg_yearly": 2.35,
            "eps_latest_yearly": 6.4,
            "eps_growth_yearly": 215.63
        },
        "20193": {
            "year_quarter": 20193,
            "year": 2019,
            "quarter": 3,
            "eps": 1.67,
            "eps_growth_year": 215.09,
            "eps_4q": 5.72,
            "eps_4q_growth_year": 365.91,
            "roe": 8.07,
            "roe_4q": 29.009999999999998,
            "gross_profit": 253669,
            "gross_margin": 31.13,
            "gross_margin_4q_avg": 30.53,
            "net_income": 167356,
            "net_income_4q": null,
            "revenue": 814956,
            "revenue_4q": null,
            "common_shares": 1000000,
            "book_valuer_per_share": 21.67,
            "book_valuer_per_share_4q_avg": 20.14,
            "equity": 2167136,
            "current_ratio": 111.05,
            "debt_ratio": 35.6,
            "inventory_turnover_ratio": 2.4,
            "account_receivable_turnover_ratio": 1.85,
            "reinvestment_rate": 134.76,
            "research_to_sale_ratio": 2.25,
            "price_fair": 94.97,
            "eps_avg_yearly": 2.71,
            "eps_latest_yearly": 6.68,
            "eps_growth_yearly": 199.12
        },
        "20194": {
            "year_quarter": 20194,
            "year": 2019,
            "quarter": 4,
            "eps": 0.69,
            "eps_growth_year": -40.79,
            "eps_4q": 5.24,
            "eps_4q_growth_year": 138.83,
            "roe": 3.13,
            "roe_4q": 25.73,
            "gross_profit": 142846,
            "gross_margin": 21.28,
            "gross_margin_4q_avg": 28.63,
            "net_income": 69278,
            "net_income_4q": null,
            "revenue": 671146,
            "revenue_4q": null,
            "common_shares": 1000000,
            "book_valuer_per_share": 22.57,
            "book_valuer_per_share_4q_avg": 21.07,
            "equity": 2257226,
            "current_ratio": 151.72,
            "debt_ratio": 40.69,
            "inventory_turnover_ratio": 2.02,
            "account_receivable_turnover_ratio": 1.63,
            "reinvestment_rate": 149.08,
            "research_to_sale_ratio": 2.58,
            "price_fair": 95.09,
            "eps_avg_yearly": 2.72,
            "eps_latest_yearly": 2.76,
            "eps_growth_yearly": 165.75
        },
        "20201": {
            "year_quarter": 20201,
            "year": 2020,
            "quarter": 1,
            "eps": 0.12,
            "eps_growth_year": -90.55,
            "eps_4q": 4.09,
            "eps_4q_growth_year": 25.55,
            "roe": 0.54,
            "roe_4q": 19.75,
            "gross_profit": 38871,
            "gross_margin": 6.74,
            "gross_margin_4q_avg": 22.98,
            "net_income": 12181,
            "net_income_4q": null,
            "revenue": 577129,
            "revenue_4q": null,
            "common_shares": 1000000,
            "book_valuer_per_share": 22.16,
            "book_valuer_per_share_4q_avg": 21.55,
            "equity": 2215516,
            "current_ratio": 137.93,
            "debt_ratio": 42.49,
            "inventory_turnover_ratio": 2.03,
            "account_receivable_turnover_ratio": 1.5,
            "reinvestment_rate": 171.91,
            "research_to_sale_ratio": 2.38,
            "price_fair": 89.5,
            "eps_avg_yearly": 2.56,
            "eps_latest_yearly": 0.48,
            "eps_growth_yearly": 130.31
        },
        "20202": {
            "year_quarter": 20202,
            "year": 2020,
            "quarter": 2,
            "eps": 0.62,
            "eps_growth_year": -61.25,
            "eps_4q": 3.11,
            "eps_4q_growth_year": -32.1,
            "roe": 2.87,
            "roe_4q": 14.61,
            "gross_profit": 146515,
            "gross_margin": 19.52,
            "gross_margin_4q_avg": 19.67,
            "net_income": 62237,
            "net_income_4q": null,
            "revenue": 750757,
            "revenue_4q": null,
            "common_shares": 1000000,
            "book_valuer_per_share": 21.19,
            "book_valuer_per_share_4q_avg": 21.9,
            "equity": 2119219,
            "current_ratio": 112.09,
            "debt_ratio": 47.58,
            "inventory_turnover_ratio": 2.49,
            "account_receivable_turnover_ratio": 1.77,
            "reinvestment_rate": 195.21,
            "research_to_sale_ratio": 2.24,
            "price_fair": 91.6,
            "eps_avg_yearly": 2.62,
            "eps_latest_yearly": 2.48,
            "eps_growth_yearly": 244.46
        },
        "20203": {
            "year_quarter": 20203,
            "year": 2020,
            "quarter": 3,
            "eps": 0.63,
            "eps_growth_year": -62.28,
            "eps_4q": 2.45,
            "eps_4q_growth_year": -57.21,
            "roe": 2.85,
            "roe_4q": 9.39,
            "gross_profit": 123322,
            "gross_margin": 17.35,
            "gross_margin_4q_avg": 16.22,
            "net_income": 59471,
            "net_income_4q": null,
            "revenue": 710831,
            "revenue_4q": null,
            "common_shares": 830000,
            "book_valuer_per_share": 24.74,
            "book_valuer_per_share_4q_avg": 22.67,
            "equity": 2053007,
            "current_ratio": 137.71,
            "debt_ratio": 50.27,
            "inventory_turnover_ratio": 2.51,
            "account_receivable_turnover_ratio": 1.75,
            "reinvestment_rate": 196.14,
            "research_to_sale_ratio": 2.52,
            "price_fair": 94.2,
            "eps_avg_yearly": 2.69,
            "eps_latest_yearly": 2.52,
            "eps_growth_yearly": 247.71
        },
        "20204": {
            "year_quarter": 20204,
            "year": 2020,
            "quarter": 4,
            "eps": 0.17,
            "eps_growth_year": -74.89,
            "eps_4q": 1.79,
            "eps_4q_growth_year": -65.92,
            "roe": 0.67,
            "roe_4q": 6.930000000000001,
            "gross_profit": 69064,
            "gross_margin": 11.36,
            "gross_margin_4q_avg": 13.74,
            "net_income": 14439,
            "net_income_4q": null,
            "revenue": 608136,
            "revenue_4q": null,
            "common_shares": 830000,
            "book_valuer_per_share": 27.31,
            "book_valuer_per_share_4q_avg": 23.85,
            "equity": 2266991,
            "current_ratio": 173.13,
            "debt_ratio": 46.75,
            "inventory_turnover_ratio": 2.35,
            "account_receivable_turnover_ratio": 1.78,
            "reinvestment_rate": 201.22,
            "research_to_sale_ratio": 3.06,
            "price_fair": 92.1,
            "eps_avg_yearly": 2.63,
            "eps_latest_yearly": 0.68,
            "eps_growth_yearly": 226.07
        },
        "20211": {
            "year_quarter": 20211,
            "year": 2021,
            "quarter": 1,
            "eps": 0.43,
            "eps_growth_year": 258.33,
            "eps_4q": 2.07,
            "eps_4q_growth_year": -49.37,
            "roe": 1.5,
            "roe_4q": 7.89,
            "gross_profit": 90400,
            "gross_margin": 12.7,
            "gross_margin_4q_avg": 15.23,
            "net_income": 35758,
            "net_income_4q": null,
            "revenue": 711780,
            "revenue_4q": null,
            "common_shares": 830000,
            "book_valuer_per_share": 29.94,
            "book_valuer_per_share_4q_avg": 25.8,
            "equity": 2485034,
            "current_ratio": 187.46,
            "debt_ratio": 46.11,
            "inventory_turnover_ratio": 2.49,
            "account_receivable_turnover_ratio": 1.95,
            "reinvestment_rate": 182.41,
            "research_to_sale_ratio": 2.7,
            "price_fair": 89.97,
            "eps_avg_yearly": 2.57,
            "eps_latest_yearly": 1.72,
            "eps_growth_yearly": 251.78
        },
        "20212": {
            "year_quarter": 20212,
            "year": 2021,
            "quarter": 2,
            "eps": 1.42,
            "eps_growth_year": 129.03,
            "eps_4q": 2.75,
            "eps_4q_growth_year": -11.74,
            "roe": 4.86,
            "roe_4q": 9.88,
            "gross_profit": 200241,
            "gross_margin": 24.44,
            "gross_margin_4q_avg": 16.46,
            "net_income": 118188,
            "net_income_4q": null,
            "revenue": 819152,
            "revenue_4q": null,
            "common_shares": 830000,
            "book_valuer_per_share": 28.7,
            "book_valuer_per_share_4q_avg": 27.67,
            "equity": 2382391,
            "current_ratio": 112.3,
            "debt_ratio": 50.55,
            "inventory_turnover_ratio": 2.18,
            "account_receivable_turnover_ratio": 2.21,
            "reinvestment_rate": 157.17,
            "research_to_sale_ratio": 2.21,
            "price_fair": 96.78,
            "eps_avg_yearly": 2.77,
            "eps_latest_yearly": 5.68,
            "eps_growth_yearly": 293.61
        },
        "20213": {
            "year_quarter": 20213,
            "year": 2021,
            "quarter": 3,
            "eps": 1.54,
            "eps_growth_year": 144.44,
            "eps_4q": 3.57,
            "eps_4q_growth_year": 45.93,
            "roe": 5.15,
            "roe_4q": 12.180000000000001,
            "gross_profit": 199073,
            "gross_margin": 24.26,
            "gross_margin_4q_avg": 18.19,
            "net_income": 128095,
            "net_income_4q": null,
            "revenue": 820550,
            "revenue_4q": null,
            "common_shares": 830000,
            "book_valuer_per_share": 31.27,
            "book_valuer_per_share_4q_avg": 29.31,
            "equity": 2595143,
            "current_ratio": 150.88,
            "debt_ratio": 45.01,
            "inventory_turnover_ratio": 2.18,
            "account_receivable_turnover_ratio": 1.94,
            "reinvestment_rate": 136.82,
            "research_to_sale_ratio": 1.98,
            "price_fair": 109.81,
            "eps_avg_yearly": 3.14,
            "eps_latest_yearly": 6.16,
            "eps_growth_yearly": 295.72
        },
        "20214": {
            "year_quarter": 20214,
            "year": 2021,
            "quarter": 4,
            "eps": 0.51,
            "eps_growth_year": 193.44,
            "eps_4q": 3.91,
            "eps_4q_growth_year": 118.71,
            "roe": 1.57,
            "roe_4q": 13.080000000000002,
            "gross_profit": 109755,
            "gross_margin": 16.85,
            "gross_margin_4q_avg": 19.56,
            "net_income": 42370,
            "net_income_4q": null,
            "revenue": 651377,
            "revenue_4q": null,
            "common_shares": 830000,
            "book_valuer_per_share": 33.78,
            "book_valuer_per_share_4q_avg": 30.92,
            "equity": 2803674,
            "current_ratio": 246.43,
            "debt_ratio": 42.73,
            "inventory_turnover_ratio": 2.17,
            "account_receivable_turnover_ratio": 1.43,
            "reinvestment_rate": 131.25,
            "research_to_sale_ratio": 2.36,
            "price_fair": 112.53,
            "eps_avg_yearly": 3.22,
            "eps_latest_yearly": 2.04,
            "eps_growth_yearly": 204
        },
        "20221": {
            "year_quarter": 20221,
            "year": 2022,
            "quarter": 1,
            "eps": 0.66,
            "eps_growth_year": 53.49,
            "eps_4q": 4.14,
            "eps_4q_growth_year": 99.97,
            "roe": 1.96,
            "roe_4q": 13.54,
            "gross_profit": 101643,
            "gross_margin": 16.16,
            "gross_margin_4q_avg": 20.43,
            "net_income": 55100,
            "net_income_4q": null,
            "revenue": 629011,
            "revenue_4q": null,
            "common_shares": 830000,
            "book_valuer_per_share": 33.96,
            "book_valuer_per_share_4q_avg": 31.93,
            "equity": 2818526,
            "current_ratio": 164.4,
            "debt_ratio": 45.49,
            "inventory_turnover_ratio": 2.37,
            "account_receivable_turnover_ratio": 1.47,
            "reinvestment_rate": 132.81,
            "research_to_sale_ratio": 2.61,
            "price_fair": 116.46,
            "eps_avg_yearly": 3.33,
            "eps_latest_yearly": 2.64,
            "eps_growth_yearly": 210.1
        },
        "20222": {
            "year_quarter": 20222,
            "year": 2022,
            "quarter": 2,
            "eps": 0.88,
            "eps_growth_year": -38.03,
            "eps_4q": 3.59,
            "eps_4q_growth_year": 30.92,
            "roe": 2.72,
            "roe_4q": 11.4,
            "gross_profit": 140402,
            "gross_margin": 20.09,
            "gross_margin_4q_avg": 19.34,
            "net_income": 72748,
            "net_income_4q": null,
            "revenue": 698948,
            "revenue_4q": null,
            "common_shares": 830000,
            "book_valuer_per_share": 30.6,
            "book_valuer_per_share_4q_avg": 32.4,
            "equity": 2539926,
            "current_ratio": 159.56,
            "debt_ratio": 49.03,
            "inventory_turnover_ratio": 2.7,
            "account_receivable_turnover_ratio": 1.58,
            "reinvestment_rate": 109.95,
            "research_to_sale_ratio": 2.22,
            "price_fair": 121.71,
            "eps_avg_yearly": 3.48,
            "eps_latest_yearly": 3.52,
            "eps_growth_yearly": 210.1
        },
        "20223": {
            "year_quarter": 20223,
            "year": 2022,
            "quarter": 3,
            "eps": 0,
            "eps_growth_year": -100,
            "eps_4q": 2.05,
            "eps_4q_growth_year": -42.53,
            "roe": 0.01,
            "roe_4q": 6.26,
            "gross_profit": -19974,
            "gross_margin": -5.48,
            "gross_margin_4q_avg": 11.91,
            "net_income": 169,
            "net_income_4q": null,
            "revenue": 364538,
            "revenue_4q": null,
            "common_shares": 830000,
            "book_valuer_per_share": 29.94,
            "book_valuer_per_share_4q_avg": 32.07,
            "equity": 2484821,
            "current_ratio": 191.27,
            "debt_ratio": 46.89,
            "inventory_turnover_ratio": 1.98,
            "account_receivable_turnover_ratio": 1.04,
            "reinvestment_rate": 109.76,
            "research_to_sale_ratio": 4.61,
            "price_fair": 124.88,
            "eps_avg_yearly": 3.57,
            "eps_latest_yearly": 3.52,
            "eps_growth_yearly": 200.3
        },
        "20224": {
            "year_quarter": 20224,
            "year": 2022,
            "quarter": 4,
            "eps": -0.66,
            "eps_growth_year": -229,
            "eps_4q": 0.88,
            "eps_4q_growth_year": -77.39,
            "roe": -2.22,
            "roe_4q": 2.4699999999999998,
            "gross_profit": -1161,
            "gross_margin": -0.28,
            "gross_margin_4q_avg": 7.62,
            "net_income": -54659,
            "net_income_4q": null,
            "revenue": 420340,
            "revenue_4q": null,
            "common_shares": 830000,
            "book_valuer_per_share": 29.28,
            "book_valuer_per_share_4q_avg": 30.95,
            "equity": 2429997,
            "current_ratio": 160.46,
            "debt_ratio": 48.49,
            "inventory_turnover_ratio": 2.21,
            "account_receivable_turnover_ratio": 1.62,
            "reinvestment_rate": 99.43,
            "research_to_sale_ratio": 3.35,
            "price_fair": 122.1,
            "eps_avg_yearly": 3.49,
            "eps_latest_yearly": 3.52,
            "eps_growth_yearly": 180.1
        },
        "20231": {
            "year_quarter": 20231,
            "year": 2023,
            "quarter": 1,
            "eps": -0.21,
            "eps_growth_year": -131.82,
            "eps_4q": 0.01,
            "eps_4q_growth_year": -99.85,
            "roe": -0.68,
            "roe_4q": -0.17000000000000037,
            "gross_profit": -18515,
            "gross_margin": -5.29,
            "gross_margin_4q_avg": 2.26,
            "net_income": -17738,
            "net_income_4q": null,
            "revenue": 349779,
            "revenue_4q": null,
            "common_shares": 830000,
            "book_valuer_per_share": 33.19,
            "book_valuer_per_share_4q_avg": 30.75,
            "equity": 2754821,
            "current_ratio": 159.4,
            "debt_ratio": 43.44,
            "inventory_turnover_ratio": 1.99,
            "account_receivable_turnover_ratio": 1.3,
            "reinvestment_rate": 108.71,
            "research_to_sale_ratio": 3.8,
            "price_fair": 117.82,
            "eps_avg_yearly": 3.37,
            "eps_latest_yearly": 3.52,
            "eps_growth_yearly": 191.33
        },
        "20232": {
            "year_quarter": 20232,
            "year": 2023,
            "quarter": 2,
            "eps": 0.43,
            "eps_growth_year": -51.14,
            "eps_4q": -0.44,
            "eps_4q_growth_year": -112.16,
            "roe": 1.32,
            "roe_4q": -1.57,
            "gross_profit": 18947,
            "gross_margin": 4.26,
            "gross_margin_4q_avg": -1.7,
            "net_income": 35949,
            "net_income_4q": null,
            "revenue": 444456,
            "revenue_4q": null,
            "common_shares": 830000,
            "book_valuer_per_share": 32.34,
            "book_valuer_per_share_4q_avg": 31.19,
            "equity": 2684607,
            "current_ratio": 163.89,
            "debt_ratio": 43.12,
            "inventory_turnover_ratio": 2.12,
            "account_receivable_turnover_ratio": 1.59,
            "reinvestment_rate": 88.89,
            "research_to_sale_ratio": 3.11,
            "price_fair": 108.97,
            "eps_avg_yearly": 3.11,
            "eps_latest_yearly": 3.52,
            "eps_growth_yearly": 198.61
        },
        "20233": {
            "year_quarter": 20233,
            "year": 2023,
            "quarter": 3,
            "eps": 0.27,
            "eps_growth_year": null,
            "eps_4q": -0.16,
            "eps_4q_growth_year": -108.02,
            "roe": 0.88,
            "roe_4q": -0.7000000000000002,
            "gross_profit": 33516,
            "gross_margin": 6.66,
            "gross_margin_4q_avg": 1.34,
            "net_income": 22789,
            "net_income_4q": null,
            "revenue": 503243,
            "revenue_4q": null,
            "common_shares": 830000,
            "book_valuer_per_share": 30.11,
            "book_valuer_per_share_4q_avg": 31.23,
            "equity": 2499241,
            "current_ratio": 169.82,
            "debt_ratio": 43.75,
            "inventory_turnover_ratio": 2.02,
            "account_receivable_turnover_ratio": 1.57,
            "reinvestment_rate": 64.89,
            "research_to_sale_ratio": 2.65,
            "price_fair": 92.63,
            "eps_avg_yearly": 2.65,
            "eps_latest_yearly": 1.08,
            "eps_growth_yearly": 184.75
        }
    },
    "months": {
        "2015-09": {
            "month": "2015-09",
            "price": "28.80",
            "revenue": 121659
        },
        "2015-10": {
            "month": "2015-10",
            "price": "27.35",
            "revenue": 132257
        },
        "2015-11": {
            "month": "2015-11",
            "price": "29.31",
            "revenue": 135146
        },
        "2015-12": {
            "month": "2015-12",
            "price": "30.30",
            "revenue": 159590
        },
        "2016-01": {
            "month": "2016-01",
            "price": "29.90",
            "revenue": 154739
        },
        "2016-02": {
            "month": "2016-02",
            "price": "30.46",
            "revenue": 141310
        },
        "2016-03": {
            "month": "2016-03",
            "price": "30.07",
            "revenue": 150908
        },
        "2016-04": {
            "month": "2016-04",
            "price": "30.59",
            "revenue": 143855
        },
        "2016-05": {
            "month": "2016-05",
            "price": "31.34",
            "revenue": 136357
        },
        "2016-06": {
            "month": "2016-06",
            "price": "32.40",
            "revenue": 136062
        },
        "2016-07": {
            "month": "2016-07",
            "price": "33.32",
            "revenue": 133296
        },
        "2016-08": {
            "month": "2016-08",
            "price": "35.30",
            "revenue": 145779
        },
        "2016-09": {
            "month": "2016-09",
            "price": "32.35",
            "revenue": 142322
        },
        "2016-10": {
            "month": "2016-10",
            "price": "36.03",
            "revenue": 131950
        },
        "2016-11": {
            "month": "2016-11",
            "price": "34.57",
            "revenue": 126480
        },
        "2016-12": {
            "month": "2016-12",
            "price": "36.21",
            "revenue": 124703
        },
        "2017-01": {
            "month": "2017-01",
            "price": "35.50",
            "revenue": 118128
        },
        "2017-02": {
            "month": "2017-02",
            "price": "29.48",
            "revenue": 81586
        },
        "2017-03": {
            "month": "2017-03",
            "price": "30.37",
            "revenue": 104623
        },
        "2017-04": {
            "month": "2017-04",
            "price": "29.87",
            "revenue": 99381
        },
        "2017-05": {
            "month": "2017-05",
            "price": "28.58",
            "revenue": 109762
        },
        "2017-06": {
            "month": "2017-06",
            "price": "30.07",
            "revenue": 106107
        },
        "2017-07": {
            "month": "2017-07",
            "price": "32.18",
            "revenue": 111557
        },
        "2017-08": {
            "month": "2017-08",
            "price": "33.67",
            "revenue": 110031
        },
        "2017-09": {
            "month": "2017-09",
            "price": "35.42",
            "revenue": 106024
        },
        "2017-10": {
            "month": "2017-10",
            "price": "36.99",
            "revenue": 115039
        },
        "2017-11": {
            "month": "2017-11",
            "price": "43.65",
            "revenue": 129293
        },
        "2017-12": {
            "month": "2017-12",
            "price": "51.60",
            "revenue": 131397
        },
        "2018-01": {
            "month": "2018-01",
            "price": "65.43",
            "revenue": 137431
        },
        "2018-02": {
            "month": "2018-02",
            "price": "58.58",
            "revenue": 94503
        },
        "2018-03": {
            "month": "2018-03",
            "price": "59.47",
            "revenue": 123972
        },
        "2018-04": {
            "month": "2018-04",
            "price": "52.76",
            "revenue": 120318
        },
        "2018-05": {
            "month": "2018-05",
            "price": "52.14",
            "revenue": 124935
        },
        "2018-06": {
            "month": "2018-06",
            "price": "60.47",
            "revenue": 133985
        },
        "2018-07": {
            "month": "2018-07",
            "price": "61.41",
            "revenue": 152681
        },
        "2018-08": {
            "month": "2018-08",
            "price": "67.64",
            "revenue": 183632
        },
        "2018-09": {
            "month": "2018-09",
            "price": "83.19",
            "revenue": 174716
        },
        "2018-10": {
            "month": "2018-10",
            "price": "80.02",
            "revenue": 206158
        },
        "2018-11": {
            "month": "2018-11",
            "price": "91.30",
            "revenue": 237264
        },
        "2018-12": {
            "month": "2018-12",
            "price": "107.93",
            "revenue": 241413
        },
        "2019-01": {
            "month": "2019-01",
            "price": "94.40",
            "revenue": 250121
        },
        "2019-02": {
            "month": "2019-02",
            "price": "109.12",
            "revenue": 230310
        },
        "2019-03": {
            "month": "2019-03",
            "price": "132.98",
            "revenue": 251804
        },
        "2019-04": {
            "month": "2019-04",
            "price": "135.00",
            "revenue": 255445
        },
        "2019-05": {
            "month": "2019-05",
            "price": "114.52",
            "revenue": 270769
        },
        "2019-06": {
            "month": "2019-06",
            "price": "93.94",
            "revenue": 272604
        },
        "2019-07": {
            "month": "2019-07",
            "price": "104.02",
            "revenue": 250453
        },
        "2019-08": {
            "month": "2019-08",
            "price": "100.17",
            "revenue": 281286
        },
        "2019-09": {
            "month": "2019-09",
            "price": "96.16",
            "revenue": 283217
        },
        "2019-10": {
            "month": "2019-10",
            "price": "92.03",
            "revenue": 251555
        },
        "2019-11": {
            "month": "2019-11",
            "price": "87.53",
            "revenue": 228407
        },
        "2019-12": {
            "month": "2019-12",
            "price": "82.10",
            "revenue": 191184
        },
        "2020-01": {
            "month": "2020-01",
            "price": "77.36",
            "revenue": 163011
        },
        "2020-02": {
            "month": "2020-02",
            "price": "70.67",
            "revenue": 187405
        },
        "2020-03": {
            "month": "2020-03",
            "price": "54.77",
            "revenue": 226713
        },
        "2020-04": {
            "month": "2020-04",
            "price": "53.24",
            "revenue": 237696
        },
        "2020-05": {
            "month": "2020-05",
            "price": "58.64",
            "revenue": 251652
        },
        "2020-06": {
            "month": "2020-06",
            "price": "60.87",
            "revenue": 261409
        },
        "2020-07": {
            "month": "2020-07",
            "price": "58.23",
            "revenue": 262023
        },
        "2020-08": {
            "month": "2020-08",
            "price": "52.05",
            "revenue": 228764
        },
        "2020-09": {
            "month": "2020-09",
            "price": "46.72",
            "revenue": 220044
        },
        "2020-10": {
            "month": "2020-10",
            "price": "45.96",
            "revenue": 203819
        },
        "2020-11": {
            "month": "2020-11",
            "price": "50.44",
            "revenue": 201070
        },
        "2020-12": {
            "month": "2020-12",
            "price": "53.31",
            "revenue": 203247
        },
        "2021-01": {
            "month": "2021-01",
            "price": "59.02",
            "revenue": 231885
        },
        "2021-02": {
            "month": "2021-02",
            "price": "67.17",
            "revenue": 212232
        },
        "2021-03": {
            "month": "2021-03",
            "price": "70.51",
            "revenue": 267663
        },
        "2021-04": {
            "month": "2021-04",
            "price": "66.11",
            "revenue": 273400
        },
        "2021-05": {
            "month": "2021-05",
            "price": "51.09",
            "revenue": 270335
        },
        "2021-06": {
            "month": "2021-06",
            "price": "51.89",
            "revenue": 275417
        },
        "2021-07": {
            "month": "2021-07",
            "price": "65.07",
            "revenue": 280091
        },
        "2021-08": {
            "month": "2021-08",
            "price": "66.68",
            "revenue": 275001
        },
        "2021-09": {
            "month": "2021-09",
            "price": "62.22",
            "revenue": 265458
        },
        "2021-10": {
            "month": "2021-10",
            "price": "55.26",
            "revenue": 240731
        },
        "2021-11": {
            "month": "2021-11",
            "price": "57.52",
            "revenue": 200213
        },
        "2021-12": {
            "month": "2021-12",
            "price": "54.13",
            "revenue": 210433
        },
        "2022-01": {
            "month": "2022-01",
            "price": "53.30",
            "revenue": 210940
        },
        "2022-02": {
            "month": "2022-02",
            "price": "51.81",
            "revenue": 176618
        },
        "2022-03": {
            "month": "2022-03",
            "price": "50.52",
            "revenue": 241453
        },
        "2022-04": {
            "month": "2022-04",
            "price": "48.62",
            "revenue": 260126
        },
        "2022-05": {
            "month": "2022-05",
            "price": "45.94",
            "revenue": 242379
        },
        "2022-06": {
            "month": "2022-06",
            "price": "44.40",
            "revenue": 196443
        },
        "2022-07": {
            "month": "2022-07",
            "price": "38.61",
            "revenue": 123586
        },
        "2022-08": {
            "month": "2022-08",
            "price": "39.95",
            "revenue": 120246
        },
        "2022-09": {
            "month": "2022-09",
            "price": "36.72",
            "revenue": 120706
        },
        "2022-10": {
            "month": "2022-10",
            "price": "29.97",
            "revenue": 121564
        },
        "2022-11": {
            "month": "2022-11",
            "price": "31.40",
            "revenue": 150025
        },
        "2022-12": {
            "month": "2022-12",
            "price": "31.73",
            "revenue": 148751
        },
        "2023-01": {
            "month": "2023-01",
            "price": "30.32",
            "revenue": 101647
        },
        "2023-02": {
            "month": "2023-02",
            "price": "37.37",
            "revenue": 114410
        },
        "2023-03": {
            "month": "2023-03",
            "price": "36.93",
            "revenue": 133722
        },
        "2023-04": {
            "month": "2023-04",
            "price": "36.14",
            "revenue": 140640
        },
        "2023-05": {
            "month": "2023-05",
            "price": "34.79",
            "revenue": 152145
        },
        "2023-06": {
            "month": "2023-06",
            "price": "36.69",
            "revenue": 151671
        },
        "2023-07": {
            "month": "2023-07",
            "price": "36.29",
            "revenue": 156020
        },
        "2023-08": {
            "month": "2023-08",
            "price": "34.39",
            "revenue": 172753
        },
        "2023-09": {
            "month": "2023-09",
            "price": "36.88",
            "revenue": 174470
        },
        "2023-10": {
            "month": "2023-10",
            "price": "36.89",
            "revenue": 172459
        },
        "2023-11": {
            "month": "2023-11",
            "price": "38.34",
            "revenue": 155460
        },
        "2023-12": {
            "month": "2023-12",
            "price": "37.26",
            "revenue": 140036
        }
    }
}
