{
    "summary": {
        "stock_name": "勝品",
        "stock_id": "6556",
        "category": "光電",
        "main_business": "電腦及週邊設備軟硬體、電器及視聽電子產品製造及銷售<br>有線無線通信機械器材製造及銷售<br>電子零組件、電子材料製造及銷售",
        "website_url": "http://www.topviewcorp.com",
        "ceo": "林貞宏",
        "pe_ratio": 13,
        "report_year_from": 2013,
        "report_year_to": 2023,
        "age": 10,
        "eps_negative_percentage": 0,
        "eps_growth_avg": {
            "last_all": 48.56,
            "last_2y": 61.88,
            "last_4y": 48.56,
            "last_8y": null,
            "last_12y": null,
            "last_16y": null,
            "last_20y": null,
            "at_2006_last_3y": null,
            "at_2007_last_3y": null,
            "at_2008_last_3y": null,
            "at_2009_last_3y": null,
            "at_2010_last_3y": null,
            "at_2011_last_3y": null,
            "at_2012_last_3y": null,
            "at_2013_last_3y": null,
            "at_2014_last_3y": null,
            "at_2015_last_3y": null,
            "at_2016_last_3y": null,
            "at_2017_last_3y": null,
            "at_2018_last_3y": null,
            "at_2019_last_3y": null,
            "at_2020_last_3y": null,
            "at_2021_last_3y": 35.7,
            "at_2022_last_3y": 67.66,
            "at_2023_last_3y": 67.66,
            "at_2006_last_all": null,
            "at_2007_last_all": null,
            "at_2008_last_all": null,
            "at_2009_last_all": null,
            "at_2010_last_all": null,
            "at_2011_last_all": null,
            "at_2012_last_all": null,
            "at_2013_last_all": null,
            "at_2014_last_all": null,
            "at_2015_last_all": null,
            "at_2016_last_all": null,
            "at_2017_last_all": null,
            "at_2018_last_all": null,
            "at_2019_last_all": 28.58,
            "at_2020_last_all": 14.42,
            "at_2021_last_all": 35.7,
            "at_2022_last_all": 48.56,
            "at_2023_last_all": 48.56
        },
        "latest_eps": 9.97,
        "latest_price": 125,
        "latest_roe": 25.07,
        "latest_gross_margin": 28.44,
        "latest_equity": 1250064,
        "latest_revenue": 543604,
        "latest_gross_profit": 154585,
        "latest_net_income": 57872,
        "latest_debt_ratio": 47.81,
        "latest_current_ratio": 150.17,
        "latest_account_receivable_turnover_ratio": 0.94,
        "latest_inventory_turnover_ratio": 0.68,
        "latest_reinvestment_rate": -23.21,
        "latest_research_to_sale_ratio": 5.62
    },
    "eps_dividends": {
        "2001": {
            "cash": 0,
            "stock": 0,
            "eps": 0
        },
        "2002": {
            "cash": 0,
            "stock": 0,
            "eps": 0
        },
        "2003": {
            "cash": 0,
            "stock": 0,
            "eps": 0
        },
        "2004": {
            "cash": 0,
            "stock": 0,
            "eps": 0
        },
        "2005": {
            "cash": 0,
            "stock": 0,
            "eps": 0
        },
        "2006": {
            "cash": 0,
            "stock": 0,
            "eps": 0
        },
        "2007": {
            "cash": 0,
            "stock": 0,
            "eps": 0
        },
        "2008": {
            "cash": 0,
            "stock": 0,
            "eps": 0
        },
        "2009": {
            "cash": 0,
            "stock": 0,
            "eps": 0
        },
        "2010": {
            "cash": 0,
            "stock": 0,
            "eps": 0
        },
        "2011": {
            "cash": 0,
            "stock": 0,
            "eps": 0
        },
        "2012": {
            "cash": 0,
            "stock": 0,
            "eps": 0
        },
        "2013": {
            "cash": 0,
            "stock": 0,
            "eps": 0
        },
        "2014": {
            "cash": 0,
            "stock": 0,
            "eps": 0
        },
        "2015": {
            "cash": 0,
            "stock": 0,
            "eps": 0
        },
        "2016": {
            "cash": 3,
            "stock": 0,
            "eps": 0
        },
        "2017": {
            "cash": 2,
            "stock": 0,
            "eps": 1.94
        },
        "2018": {
            "cash": 2,
            "stock": 0,
            "eps": 1.4
        },
        "2019": {
            "cash": 1,
            "stock": 0,
            "eps": 2.59
        },
        "2020": {
            "cash": 2,
            "stock": 0,
            "eps": 2.23
        },
        "2021": {
            "cash": 2,
            "stock": 0,
            "eps": 4.45
        },
        "2022": {
            "cash": 3,
            "stock": 0,
            "eps": 9.91
        },
        "2023": {
            "cash": 5,
            "stock": 0,
            "eps": 1.92
        }
    },
    "dividends": {
        "2016-08-16": {
            "cash": 2.5,
            "stock": 0
        },
        "2017-08-15": {
            "cash": 2,
            "stock": 0
        },
        "2018-08-20": {
            "cash": 2,
            "stock": 0
        },
        "2019-07-19": {
            "cash": 1.2,
            "stock": 0
        },
        "2020-08-10": {
            "cash": 1.8,
            "stock": 0
        },
        "2021-08-20": {
            "cash": 2,
            "stock": 0
        },
        "2022-08-10": {
            "cash": 3.2,
            "stock": 0
        },
        "2023-03-03": {
            "cash": 5,
            "stock": 0
        }
    },
    "prices": {
        "200101": "無",
        "200102": "無",
        "200103": "無",
        "200104": "無",
        "200105": "無",
        "200106": "無",
        "200107": "無",
        "200108": "無",
        "200109": "無",
        "200110": "無",
        "200111": "無",
        "200112": "無",
        "200201": "無",
        "200202": "無",
        "200203": "無",
        "200204": "無",
        "200205": "無",
        "200206": "無",
        "200207": "無",
        "200208": "無",
        "200209": "無",
        "200210": "無",
        "200211": "無",
        "200212": "無",
        "200301": "無",
        "200302": "無",
        "200303": "無",
        "200304": "無",
        "200305": "無",
        "200306": "無",
        "200307": "無",
        "200308": "無",
        "200309": "無",
        "200310": "無",
        "200311": "無",
        "200312": "無",
        "200401": "無",
        "200402": "無",
        "200403": "無",
        "200404": "無",
        "200405": "無",
        "200406": "無",
        "200407": "無",
        "200408": "無",
        "200409": "無",
        "200410": "無",
        "200411": "無",
        "200412": "無",
        "200501": "無",
        "200502": "無",
        "200503": "無",
        "200504": "無",
        "200505": "無",
        "200506": "無",
        "200507": "無",
        "200508": "無",
        "200509": "無",
        "200510": "無",
        "200511": "無",
        "200512": "無",
        "200601": "無",
        "200602": "無",
        "200603": "無",
        "200604": "無",
        "200605": "無",
        "200606": "無",
        "200607": "無",
        "200608": "無",
        "200609": "無",
        "200610": "無",
        "200611": "無",
        "200612": "無",
        "200701": "無",
        "200702": "無",
        "200703": "無",
        "200704": "無",
        "200705": "無",
        "200706": "無",
        "200707": "無",
        "200708": "無",
        "200709": "無",
        "200710": "無",
        "200711": "無",
        "200712": "無",
        "200801": "無",
        "200802": "無",
        "200803": "無",
        "200804": "無",
        "200805": "無",
        "200806": "無",
        "200807": "無",
        "200808": "無",
        "200809": "無",
        "200810": "無",
        "200811": "無",
        "200812": "無",
        "200901": "無",
        "200902": "無",
        "200903": "無",
        "200904": "無",
        "200905": "無",
        "200906": "無",
        "200907": "無",
        "200908": "無",
        "200909": "無",
        "200910": "無",
        "200911": "無",
        "200912": "無",
        "201001": "無",
        "201002": "無",
        "201003": "無",
        "201004": "無",
        "201005": "無",
        "201006": "無",
        "201007": "無",
        "201008": "無",
        "201009": "無",
        "201010": "無",
        "201011": "無",
        "201012": "無",
        "201101": "無",
        "201102": "無",
        "201103": "無",
        "201104": "無",
        "201105": "無",
        "201106": "無",
        "201107": "無",
        "201108": "無",
        "201109": "無",
        "201110": "無",
        "201111": "無",
        "201112": "無",
        "201201": "無",
        "201202": "無",
        "201203": "無",
        "201204": "無",
        "201205": "無",
        "201206": "無",
        "201207": "無",
        "201208": "無",
        "201209": "無",
        "201210": "無",
        "201211": "無",
        "201212": "無",
        "201301": "無",
        "201302": "無",
        "201303": "無",
        "201304": "無",
        "201305": "無",
        "201306": "無",
        "201307": "無",
        "201308": "無",
        "201309": "無",
        "201310": "無",
        "201311": "無",
        "201312": "無",
        "201401": "無",
        "201402": "無",
        "201403": "無",
        "201404": "無",
        "201405": "無",
        "201406": "無",
        "201407": "無",
        "201408": "無",
        "201409": "無",
        "201410": "無",
        "201411": "無",
        "201412": "無",
        "201501": "無",
        "201502": "無",
        "201503": "無",
        "201504": "無",
        "201505": "無",
        "201506": "無",
        "201507": "無",
        "201508": "無",
        "201509": "無",
        "201510": "無",
        "201511": "無",
        "201512": "無",
        "201601": "40.69",
        "201602": "40.04",
        "201603": "43.97",
        "201604": "49.22",
        "201605": "46.93",
        "201606": "44.71",
        "201607": "45.03",
        "201608": "43.67",
        "201609": "44.92",
        "201610": "43.00",
        "201611": "41.48",
        "201612": "44.06",
        "201701": "48.43",
        "201702": "47.82",
        "201703": "56.95",
        "201704": "56.47",
        "201705": "56.17",
        "201706": "50.71",
        "201707": "45.00",
        "201708": "43.41",
        "201709": "50.08",
        "201710": "47.18",
        "201711": "41.30",
        "201712": "36.87",
        "201801": "38.19",
        "201802": "36.08",
        "201803": "34.82",
        "201804": "32.70",
        "201805": "31.17",
        "201806": "31.40",
        "201807": "32.62",
        "201808": "30.44",
        "201809": "30.01",
        "201810": "28.02",
        "201811": "23.61",
        "201812": "23.79",
        "201901": "27.49",
        "201902": "32.55",
        "201903": "33.50",
        "201904": "32.51",
        "201905": "37.15",
        "201906": "40.80",
        "201907": "44.06",
        "201908": "46.26",
        "201909": "46.50",
        "201910": "46.37",
        "201911": "46.75",
        "201912": "46.36",
        "202001": "45.67",
        "202002": "45.87",
        "202003": "46.50",
        "202004": "45.64",
        "202005": "45.94",
        "202006": "45.52",
        "202007": "46.55",
        "202008": "45.43",
        "202009": "45.03",
        "202010": "44.54",
        "202011": "43.28",
        "202012": "43.08",
        "202101": "41.11",
        "202102": "41.27",
        "202103": "40.89",
        "202104": "41.08",
        "202105": "41.33",
        "202106": "43.02",
        "202107": "47.55",
        "202108": "47.68",
        "202109": "47.20",
        "202110": "46.26",
        "202111": "47.53",
        "202112": "66.76",
        "202201": "68.41",
        "202202": "67.09",
        "202203": "59.60",
        "202204": "61.48",
        "202205": "60.64",
        "202206": "59.56",
        "202207": "59.21",
        "202208": "64.66",
        "202209": "71.47",
        "202210": "68.96",
        "202211": "109.29",
        "202212": "125.25",
        "202301": "102.69",
        "202302": "135.00",
        "202303": "170.54",
        "202304": "144.94",
        "202305": "127.27"
    },
    "quarters": {
        "20011": {
            "year_quarter": 20011,
            "year": 2001,
            "quarter": 1,
            "eps": null,
            "eps_growth_year": null,
            "eps_4q": null,
            "eps_4q_growth_year": null,
            "roe": null,
            "roe_4q": 0,
            "gross_profit": null,
            "gross_margin": null,
            "gross_margin_4q_avg": 0,
            "net_income": null,
            "revenue": null,
            "common_shares": null,
            "book_valuer_per_share": null,
            "book_valuer_per_share_4q_avg": 0,
            "equity": null,
            "current_ratio": null,
            "debt_ratio": null,
            "inventory_turnover_ratio": null,
            "account_receivable_turnover_ratio": null,
            "reinvestment_rate": null,
            "research_to_sale_ratio": null,
            "price_fair": 0,
            "eps_avg_yearly": 0,
            "eps_latest_yearly": 0,
            "eps_growth_yearly": 0
        },
        "20012": {
            "year_quarter": 20012,
            "year": 2001,
            "quarter": 2,
            "eps": null,
            "eps_growth_year": null,
            "eps_4q": null,
            "eps_4q_growth_year": null,
            "roe": null,
            "roe_4q": 0,
            "gross_profit": null,
            "gross_margin": null,
            "gross_margin_4q_avg": 0,
            "net_income": null,
            "revenue": null,
            "common_shares": null,
            "book_valuer_per_share": null,
            "book_valuer_per_share_4q_avg": 0,
            "equity": null,
            "current_ratio": null,
            "debt_ratio": null,
            "inventory_turnover_ratio": null,
            "account_receivable_turnover_ratio": null,
            "reinvestment_rate": null,
            "research_to_sale_ratio": null,
            "price_fair": 0,
            "eps_avg_yearly": 0,
            "eps_latest_yearly": 0,
            "eps_growth_yearly": 0
        },
        "20013": {
            "year_quarter": 20013,
            "year": 2001,
            "quarter": 3,
            "eps": null,
            "eps_growth_year": null,
            "eps_4q": null,
            "eps_4q_growth_year": null,
            "roe": null,
            "roe_4q": 0,
            "gross_profit": null,
            "gross_margin": null,
            "gross_margin_4q_avg": 0,
            "net_income": null,
            "revenue": null,
            "common_shares": null,
            "book_valuer_per_share": null,
            "book_valuer_per_share_4q_avg": 0,
            "equity": null,
            "current_ratio": null,
            "debt_ratio": null,
            "inventory_turnover_ratio": null,
            "account_receivable_turnover_ratio": null,
            "reinvestment_rate": null,
            "research_to_sale_ratio": null,
            "price_fair": 0,
            "eps_avg_yearly": 0,
            "eps_latest_yearly": 0,
            "eps_growth_yearly": 0
        },
        "20014": {
            "year_quarter": 20014,
            "year": 2001,
            "quarter": 4,
            "eps": null,
            "eps_growth_year": null,
            "eps_4q": null,
            "eps_4q_growth_year": null,
            "roe": null,
            "roe_4q": 0,
            "gross_profit": null,
            "gross_margin": null,
            "gross_margin_4q_avg": 0,
            "net_income": null,
            "revenue": null,
            "common_shares": null,
            "book_valuer_per_share": null,
            "book_valuer_per_share_4q_avg": 0,
            "equity": null,
            "current_ratio": null,
            "debt_ratio": null,
            "inventory_turnover_ratio": null,
            "account_receivable_turnover_ratio": null,
            "reinvestment_rate": null,
            "research_to_sale_ratio": null,
            "price_fair": 0,
            "eps_avg_yearly": 0,
            "eps_latest_yearly": 0,
            "eps_growth_yearly": 0
        },
        "20021": {
            "year_quarter": 20021,
            "year": 2002,
            "quarter": 1,
            "eps": null,
            "eps_growth_year": null,
            "eps_4q": null,
            "eps_4q_growth_year": null,
            "roe": null,
            "roe_4q": 0,
            "gross_profit": null,
            "gross_margin": null,
            "gross_margin_4q_avg": 0,
            "net_income": null,
            "revenue": null,
            "common_shares": null,
            "book_valuer_per_share": null,
            "book_valuer_per_share_4q_avg": 0,
            "equity": null,
            "current_ratio": null,
            "debt_ratio": null,
            "inventory_turnover_ratio": null,
            "account_receivable_turnover_ratio": null,
            "reinvestment_rate": null,
            "research_to_sale_ratio": null,
            "price_fair": 0,
            "eps_avg_yearly": 0,
            "eps_latest_yearly": 0,
            "eps_growth_yearly": 0
        },
        "20022": {
            "year_quarter": 20022,
            "year": 2002,
            "quarter": 2,
            "eps": null,
            "eps_growth_year": null,
            "eps_4q": null,
            "eps_4q_growth_year": null,
            "roe": null,
            "roe_4q": 0,
            "gross_profit": null,
            "gross_margin": null,
            "gross_margin_4q_avg": 0,
            "net_income": null,
            "revenue": null,
            "common_shares": null,
            "book_valuer_per_share": null,
            "book_valuer_per_share_4q_avg": 0,
            "equity": null,
            "current_ratio": null,
            "debt_ratio": null,
            "inventory_turnover_ratio": null,
            "account_receivable_turnover_ratio": null,
            "reinvestment_rate": null,
            "research_to_sale_ratio": null,
            "price_fair": 0,
            "eps_avg_yearly": 0,
            "eps_latest_yearly": 0,
            "eps_growth_yearly": 0
        },
        "20023": {
            "year_quarter": 20023,
            "year": 2002,
            "quarter": 3,
            "eps": null,
            "eps_growth_year": null,
            "eps_4q": null,
            "eps_4q_growth_year": null,
            "roe": null,
            "roe_4q": 0,
            "gross_profit": null,
            "gross_margin": null,
            "gross_margin_4q_avg": 0,
            "net_income": null,
            "revenue": null,
            "common_shares": null,
            "book_valuer_per_share": null,
            "book_valuer_per_share_4q_avg": 0,
            "equity": null,
            "current_ratio": null,
            "debt_ratio": null,
            "inventory_turnover_ratio": null,
            "account_receivable_turnover_ratio": null,
            "reinvestment_rate": null,
            "research_to_sale_ratio": null,
            "price_fair": 0,
            "eps_avg_yearly": 0,
            "eps_latest_yearly": 0,
            "eps_growth_yearly": 0
        },
        "20024": {
            "year_quarter": 20024,
            "year": 2002,
            "quarter": 4,
            "eps": null,
            "eps_growth_year": null,
            "eps_4q": null,
            "eps_4q_growth_year": null,
            "roe": null,
            "roe_4q": 0,
            "gross_profit": null,
            "gross_margin": null,
            "gross_margin_4q_avg": 0,
            "net_income": null,
            "revenue": null,
            "common_shares": null,
            "book_valuer_per_share": null,
            "book_valuer_per_share_4q_avg": 0,
            "equity": null,
            "current_ratio": null,
            "debt_ratio": null,
            "inventory_turnover_ratio": null,
            "account_receivable_turnover_ratio": null,
            "reinvestment_rate": null,
            "research_to_sale_ratio": null,
            "price_fair": 0,
            "eps_avg_yearly": 0,
            "eps_latest_yearly": 0,
            "eps_growth_yearly": 0
        },
        "20031": {
            "year_quarter": 20031,
            "year": 2003,
            "quarter": 1,
            "eps": null,
            "eps_growth_year": null,
            "eps_4q": null,
            "eps_4q_growth_year": null,
            "roe": null,
            "roe_4q": 0,
            "gross_profit": null,
            "gross_margin": null,
            "gross_margin_4q_avg": 0,
            "net_income": null,
            "revenue": null,
            "common_shares": null,
            "book_valuer_per_share": null,
            "book_valuer_per_share_4q_avg": 0,
            "equity": null,
            "current_ratio": null,
            "debt_ratio": null,
            "inventory_turnover_ratio": null,
            "account_receivable_turnover_ratio": null,
            "reinvestment_rate": null,
            "research_to_sale_ratio": null,
            "price_fair": 0,
            "eps_avg_yearly": 0,
            "eps_latest_yearly": 0,
            "eps_growth_yearly": 0
        },
        "20032": {
            "year_quarter": 20032,
            "year": 2003,
            "quarter": 2,
            "eps": null,
            "eps_growth_year": null,
            "eps_4q": null,
            "eps_4q_growth_year": null,
            "roe": null,
            "roe_4q": 0,
            "gross_profit": null,
            "gross_margin": null,
            "gross_margin_4q_avg": 0,
            "net_income": null,
            "revenue": null,
            "common_shares": null,
            "book_valuer_per_share": null,
            "book_valuer_per_share_4q_avg": 0,
            "equity": null,
            "current_ratio": null,
            "debt_ratio": null,
            "inventory_turnover_ratio": null,
            "account_receivable_turnover_ratio": null,
            "reinvestment_rate": null,
            "research_to_sale_ratio": null,
            "price_fair": 0,
            "eps_avg_yearly": 0,
            "eps_latest_yearly": 0,
            "eps_growth_yearly": 0
        },
        "20033": {
            "year_quarter": 20033,
            "year": 2003,
            "quarter": 3,
            "eps": null,
            "eps_growth_year": null,
            "eps_4q": null,
            "eps_4q_growth_year": null,
            "roe": null,
            "roe_4q": 0,
            "gross_profit": null,
            "gross_margin": null,
            "gross_margin_4q_avg": 0,
            "net_income": null,
            "revenue": null,
            "common_shares": null,
            "book_valuer_per_share": null,
            "book_valuer_per_share_4q_avg": 0,
            "equity": null,
            "current_ratio": null,
            "debt_ratio": null,
            "inventory_turnover_ratio": null,
            "account_receivable_turnover_ratio": null,
            "reinvestment_rate": null,
            "research_to_sale_ratio": null,
            "price_fair": 0,
            "eps_avg_yearly": 0,
            "eps_latest_yearly": 0,
            "eps_growth_yearly": 0
        },
        "20034": {
            "year_quarter": 20034,
            "year": 2003,
            "quarter": 4,
            "eps": null,
            "eps_growth_year": null,
            "eps_4q": null,
            "eps_4q_growth_year": null,
            "roe": null,
            "roe_4q": 0,
            "gross_profit": null,
            "gross_margin": null,
            "gross_margin_4q_avg": 0,
            "net_income": null,
            "revenue": null,
            "common_shares": null,
            "book_valuer_per_share": null,
            "book_valuer_per_share_4q_avg": 0,
            "equity": null,
            "current_ratio": null,
            "debt_ratio": null,
            "inventory_turnover_ratio": null,
            "account_receivable_turnover_ratio": null,
            "reinvestment_rate": null,
            "research_to_sale_ratio": null,
            "price_fair": 0,
            "eps_avg_yearly": 0,
            "eps_latest_yearly": 0,
            "eps_growth_yearly": 0
        },
        "20041": {
            "year_quarter": 20041,
            "year": 2004,
            "quarter": 1,
            "eps": null,
            "eps_growth_year": null,
            "eps_4q": null,
            "eps_4q_growth_year": null,
            "roe": null,
            "roe_4q": 0,
            "gross_profit": null,
            "gross_margin": null,
            "gross_margin_4q_avg": 0,
            "net_income": null,
            "revenue": null,
            "common_shares": null,
            "book_valuer_per_share": null,
            "book_valuer_per_share_4q_avg": 0,
            "equity": null,
            "current_ratio": null,
            "debt_ratio": null,
            "inventory_turnover_ratio": null,
            "account_receivable_turnover_ratio": null,
            "reinvestment_rate": null,
            "research_to_sale_ratio": null,
            "price_fair": 0,
            "eps_avg_yearly": 0,
            "eps_latest_yearly": 0,
            "eps_growth_yearly": 0
        },
        "20042": {
            "year_quarter": 20042,
            "year": 2004,
            "quarter": 2,
            "eps": null,
            "eps_growth_year": null,
            "eps_4q": null,
            "eps_4q_growth_year": null,
            "roe": null,
            "roe_4q": 0,
            "gross_profit": null,
            "gross_margin": null,
            "gross_margin_4q_avg": 0,
            "net_income": null,
            "revenue": null,
            "common_shares": null,
            "book_valuer_per_share": null,
            "book_valuer_per_share_4q_avg": 0,
            "equity": null,
            "current_ratio": null,
            "debt_ratio": null,
            "inventory_turnover_ratio": null,
            "account_receivable_turnover_ratio": null,
            "reinvestment_rate": null,
            "research_to_sale_ratio": null,
            "price_fair": 0,
            "eps_avg_yearly": 0,
            "eps_latest_yearly": 0,
            "eps_growth_yearly": 0
        },
        "20043": {
            "year_quarter": 20043,
            "year": 2004,
            "quarter": 3,
            "eps": null,
            "eps_growth_year": null,
            "eps_4q": null,
            "eps_4q_growth_year": null,
            "roe": null,
            "roe_4q": 0,
            "gross_profit": null,
            "gross_margin": null,
            "gross_margin_4q_avg": 0,
            "net_income": null,
            "revenue": null,
            "common_shares": null,
            "book_valuer_per_share": null,
            "book_valuer_per_share_4q_avg": 0,
            "equity": null,
            "current_ratio": null,
            "debt_ratio": null,
            "inventory_turnover_ratio": null,
            "account_receivable_turnover_ratio": null,
            "reinvestment_rate": null,
            "research_to_sale_ratio": null,
            "price_fair": 0,
            "eps_avg_yearly": 0,
            "eps_latest_yearly": 0,
            "eps_growth_yearly": 0
        },
        "20044": {
            "year_quarter": 20044,
            "year": 2004,
            "quarter": 4,
            "eps": null,
            "eps_growth_year": null,
            "eps_4q": null,
            "eps_4q_growth_year": null,
            "roe": null,
            "roe_4q": 0,
            "gross_profit": null,
            "gross_margin": null,
            "gross_margin_4q_avg": 0,
            "net_income": null,
            "revenue": null,
            "common_shares": null,
            "book_valuer_per_share": null,
            "book_valuer_per_share_4q_avg": 0,
            "equity": null,
            "current_ratio": null,
            "debt_ratio": null,
            "inventory_turnover_ratio": null,
            "account_receivable_turnover_ratio": null,
            "reinvestment_rate": null,
            "research_to_sale_ratio": null,
            "price_fair": 0,
            "eps_avg_yearly": 0,
            "eps_latest_yearly": 0,
            "eps_growth_yearly": 0
        },
        "20051": {
            "year_quarter": 20051,
            "year": 2005,
            "quarter": 1,
            "eps": null,
            "eps_growth_year": null,
            "eps_4q": null,
            "eps_4q_growth_year": null,
            "roe": null,
            "roe_4q": 0,
            "gross_profit": null,
            "gross_margin": null,
            "gross_margin_4q_avg": 0,
            "net_income": null,
            "revenue": null,
            "common_shares": null,
            "book_valuer_per_share": null,
            "book_valuer_per_share_4q_avg": 0,
            "equity": null,
            "current_ratio": null,
            "debt_ratio": null,
            "inventory_turnover_ratio": null,
            "account_receivable_turnover_ratio": null,
            "reinvestment_rate": null,
            "research_to_sale_ratio": null,
            "price_fair": 0,
            "eps_avg_yearly": 0,
            "eps_latest_yearly": 0,
            "eps_growth_yearly": 0
        },
        "20052": {
            "year_quarter": 20052,
            "year": 2005,
            "quarter": 2,
            "eps": null,
            "eps_growth_year": null,
            "eps_4q": null,
            "eps_4q_growth_year": null,
            "roe": null,
            "roe_4q": 0,
            "gross_profit": null,
            "gross_margin": null,
            "gross_margin_4q_avg": 0,
            "net_income": null,
            "revenue": null,
            "common_shares": null,
            "book_valuer_per_share": null,
            "book_valuer_per_share_4q_avg": 0,
            "equity": null,
            "current_ratio": null,
            "debt_ratio": null,
            "inventory_turnover_ratio": null,
            "account_receivable_turnover_ratio": null,
            "reinvestment_rate": null,
            "research_to_sale_ratio": null,
            "price_fair": 0,
            "eps_avg_yearly": 0,
            "eps_latest_yearly": 0,
            "eps_growth_yearly": 0
        },
        "20053": {
            "year_quarter": 20053,
            "year": 2005,
            "quarter": 3,
            "eps": null,
            "eps_growth_year": null,
            "eps_4q": null,
            "eps_4q_growth_year": null,
            "roe": null,
            "roe_4q": 0,
            "gross_profit": null,
            "gross_margin": null,
            "gross_margin_4q_avg": 0,
            "net_income": null,
            "revenue": null,
            "common_shares": null,
            "book_valuer_per_share": null,
            "book_valuer_per_share_4q_avg": 0,
            "equity": null,
            "current_ratio": null,
            "debt_ratio": null,
            "inventory_turnover_ratio": null,
            "account_receivable_turnover_ratio": null,
            "reinvestment_rate": null,
            "research_to_sale_ratio": null,
            "price_fair": 0,
            "eps_avg_yearly": 0,
            "eps_latest_yearly": 0,
            "eps_growth_yearly": 0
        },
        "20054": {
            "year_quarter": 20054,
            "year": 2005,
            "quarter": 4,
            "eps": null,
            "eps_growth_year": null,
            "eps_4q": null,
            "eps_4q_growth_year": null,
            "roe": null,
            "roe_4q": 0,
            "gross_profit": null,
            "gross_margin": null,
            "gross_margin_4q_avg": 0,
            "net_income": null,
            "revenue": null,
            "common_shares": null,
            "book_valuer_per_share": null,
            "book_valuer_per_share_4q_avg": 0,
            "equity": null,
            "current_ratio": null,
            "debt_ratio": null,
            "inventory_turnover_ratio": null,
            "account_receivable_turnover_ratio": null,
            "reinvestment_rate": null,
            "research_to_sale_ratio": null,
            "price_fair": 0,
            "eps_avg_yearly": 0,
            "eps_latest_yearly": 0,
            "eps_growth_yearly": 0
        },
        "20061": {
            "year_quarter": 20061,
            "year": 2006,
            "quarter": 1,
            "eps": null,
            "eps_growth_year": null,
            "eps_4q": null,
            "eps_4q_growth_year": null,
            "roe": null,
            "roe_4q": 0,
            "gross_profit": null,
            "gross_margin": null,
            "gross_margin_4q_avg": 0,
            "net_income": null,
            "revenue": null,
            "common_shares": null,
            "book_valuer_per_share": null,
            "book_valuer_per_share_4q_avg": 0,
            "equity": null,
            "current_ratio": null,
            "debt_ratio": null,
            "inventory_turnover_ratio": null,
            "account_receivable_turnover_ratio": null,
            "reinvestment_rate": null,
            "research_to_sale_ratio": null,
            "price_fair": 0,
            "eps_avg_yearly": 0,
            "eps_latest_yearly": 0,
            "eps_growth_yearly": 0
        },
        "20062": {
            "year_quarter": 20062,
            "year": 2006,
            "quarter": 2,
            "eps": null,
            "eps_growth_year": null,
            "eps_4q": null,
            "eps_4q_growth_year": null,
            "roe": null,
            "roe_4q": 0,
            "gross_profit": null,
            "gross_margin": null,
            "gross_margin_4q_avg": 0,
            "net_income": null,
            "revenue": null,
            "common_shares": null,
            "book_valuer_per_share": null,
            "book_valuer_per_share_4q_avg": 0,
            "equity": null,
            "current_ratio": null,
            "debt_ratio": null,
            "inventory_turnover_ratio": null,
            "account_receivable_turnover_ratio": null,
            "reinvestment_rate": null,
            "research_to_sale_ratio": null,
            "price_fair": 0,
            "eps_avg_yearly": 0,
            "eps_latest_yearly": 0,
            "eps_growth_yearly": 0
        },
        "20063": {
            "year_quarter": 20063,
            "year": 2006,
            "quarter": 3,
            "eps": null,
            "eps_growth_year": null,
            "eps_4q": null,
            "eps_4q_growth_year": null,
            "roe": null,
            "roe_4q": 0,
            "gross_profit": null,
            "gross_margin": null,
            "gross_margin_4q_avg": 0,
            "net_income": null,
            "revenue": null,
            "common_shares": null,
            "book_valuer_per_share": null,
            "book_valuer_per_share_4q_avg": 0,
            "equity": null,
            "current_ratio": null,
            "debt_ratio": null,
            "inventory_turnover_ratio": null,
            "account_receivable_turnover_ratio": null,
            "reinvestment_rate": null,
            "research_to_sale_ratio": null,
            "price_fair": 0,
            "eps_avg_yearly": 0,
            "eps_latest_yearly": 0,
            "eps_growth_yearly": 0
        },
        "20064": {
            "year_quarter": 20064,
            "year": 2006,
            "quarter": 4,
            "eps": null,
            "eps_growth_year": null,
            "eps_4q": null,
            "eps_4q_growth_year": null,
            "roe": null,
            "roe_4q": 0,
            "gross_profit": null,
            "gross_margin": null,
            "gross_margin_4q_avg": 0,
            "net_income": null,
            "revenue": null,
            "common_shares": null,
            "book_valuer_per_share": null,
            "book_valuer_per_share_4q_avg": 0,
            "equity": null,
            "current_ratio": null,
            "debt_ratio": null,
            "inventory_turnover_ratio": null,
            "account_receivable_turnover_ratio": null,
            "reinvestment_rate": null,
            "research_to_sale_ratio": null,
            "price_fair": 0,
            "eps_avg_yearly": 0,
            "eps_latest_yearly": 0,
            "eps_growth_yearly": 0
        },
        "20071": {
            "year_quarter": 20071,
            "year": 2007,
            "quarter": 1,
            "eps": null,
            "eps_growth_year": null,
            "eps_4q": null,
            "eps_4q_growth_year": null,
            "roe": null,
            "roe_4q": 0,
            "gross_profit": null,
            "gross_margin": null,
            "gross_margin_4q_avg": 0,
            "net_income": null,
            "revenue": null,
            "common_shares": null,
            "book_valuer_per_share": null,
            "book_valuer_per_share_4q_avg": 0,
            "equity": null,
            "current_ratio": null,
            "debt_ratio": null,
            "inventory_turnover_ratio": null,
            "account_receivable_turnover_ratio": null,
            "reinvestment_rate": null,
            "research_to_sale_ratio": null,
            "price_fair": 0,
            "eps_avg_yearly": 0,
            "eps_latest_yearly": 0,
            "eps_growth_yearly": 0
        },
        "20072": {
            "year_quarter": 20072,
            "year": 2007,
            "quarter": 2,
            "eps": null,
            "eps_growth_year": null,
            "eps_4q": null,
            "eps_4q_growth_year": null,
            "roe": null,
            "roe_4q": 0,
            "gross_profit": null,
            "gross_margin": null,
            "gross_margin_4q_avg": 0,
            "net_income": null,
            "revenue": null,
            "common_shares": null,
            "book_valuer_per_share": null,
            "book_valuer_per_share_4q_avg": 0,
            "equity": null,
            "current_ratio": null,
            "debt_ratio": null,
            "inventory_turnover_ratio": null,
            "account_receivable_turnover_ratio": null,
            "reinvestment_rate": null,
            "research_to_sale_ratio": null,
            "price_fair": 0,
            "eps_avg_yearly": 0,
            "eps_latest_yearly": 0,
            "eps_growth_yearly": 0
        },
        "20073": {
            "year_quarter": 20073,
            "year": 2007,
            "quarter": 3,
            "eps": null,
            "eps_growth_year": null,
            "eps_4q": null,
            "eps_4q_growth_year": null,
            "roe": null,
            "roe_4q": 0,
            "gross_profit": null,
            "gross_margin": null,
            "gross_margin_4q_avg": 0,
            "net_income": null,
            "revenue": null,
            "common_shares": null,
            "book_valuer_per_share": null,
            "book_valuer_per_share_4q_avg": 0,
            "equity": null,
            "current_ratio": null,
            "debt_ratio": null,
            "inventory_turnover_ratio": null,
            "account_receivable_turnover_ratio": null,
            "reinvestment_rate": null,
            "research_to_sale_ratio": null,
            "price_fair": 0,
            "eps_avg_yearly": 0,
            "eps_latest_yearly": 0,
            "eps_growth_yearly": 0
        },
        "20074": {
            "year_quarter": 20074,
            "year": 2007,
            "quarter": 4,
            "eps": null,
            "eps_growth_year": null,
            "eps_4q": null,
            "eps_4q_growth_year": null,
            "roe": null,
            "roe_4q": 0,
            "gross_profit": null,
            "gross_margin": null,
            "gross_margin_4q_avg": 0,
            "net_income": null,
            "revenue": null,
            "common_shares": null,
            "book_valuer_per_share": null,
            "book_valuer_per_share_4q_avg": 0,
            "equity": null,
            "current_ratio": null,
            "debt_ratio": null,
            "inventory_turnover_ratio": null,
            "account_receivable_turnover_ratio": null,
            "reinvestment_rate": null,
            "research_to_sale_ratio": null,
            "price_fair": 0,
            "eps_avg_yearly": 0,
            "eps_latest_yearly": 0,
            "eps_growth_yearly": 0
        },
        "20081": {
            "year_quarter": 20081,
            "year": 2008,
            "quarter": 1,
            "eps": null,
            "eps_growth_year": null,
            "eps_4q": null,
            "eps_4q_growth_year": null,
            "roe": null,
            "roe_4q": 0,
            "gross_profit": null,
            "gross_margin": null,
            "gross_margin_4q_avg": 0,
            "net_income": null,
            "revenue": null,
            "common_shares": null,
            "book_valuer_per_share": null,
            "book_valuer_per_share_4q_avg": 0,
            "equity": null,
            "current_ratio": null,
            "debt_ratio": null,
            "inventory_turnover_ratio": null,
            "account_receivable_turnover_ratio": null,
            "reinvestment_rate": null,
            "research_to_sale_ratio": null,
            "price_fair": 0,
            "eps_avg_yearly": 0,
            "eps_latest_yearly": 0,
            "eps_growth_yearly": 0
        },
        "20082": {
            "year_quarter": 20082,
            "year": 2008,
            "quarter": 2,
            "eps": null,
            "eps_growth_year": null,
            "eps_4q": null,
            "eps_4q_growth_year": null,
            "roe": null,
            "roe_4q": 0,
            "gross_profit": null,
            "gross_margin": null,
            "gross_margin_4q_avg": 0,
            "net_income": null,
            "revenue": null,
            "common_shares": null,
            "book_valuer_per_share": null,
            "book_valuer_per_share_4q_avg": 0,
            "equity": null,
            "current_ratio": null,
            "debt_ratio": null,
            "inventory_turnover_ratio": null,
            "account_receivable_turnover_ratio": null,
            "reinvestment_rate": null,
            "research_to_sale_ratio": null,
            "price_fair": 0,
            "eps_avg_yearly": 0,
            "eps_latest_yearly": 0,
            "eps_growth_yearly": 0
        },
        "20083": {
            "year_quarter": 20083,
            "year": 2008,
            "quarter": 3,
            "eps": null,
            "eps_growth_year": null,
            "eps_4q": null,
            "eps_4q_growth_year": null,
            "roe": null,
            "roe_4q": 0,
            "gross_profit": null,
            "gross_margin": null,
            "gross_margin_4q_avg": 0,
            "net_income": null,
            "revenue": null,
            "common_shares": null,
            "book_valuer_per_share": null,
            "book_valuer_per_share_4q_avg": 0,
            "equity": null,
            "current_ratio": null,
            "debt_ratio": null,
            "inventory_turnover_ratio": null,
            "account_receivable_turnover_ratio": null,
            "reinvestment_rate": null,
            "research_to_sale_ratio": null,
            "price_fair": 0,
            "eps_avg_yearly": 0,
            "eps_latest_yearly": 0,
            "eps_growth_yearly": 0
        },
        "20084": {
            "year_quarter": 20084,
            "year": 2008,
            "quarter": 4,
            "eps": null,
            "eps_growth_year": null,
            "eps_4q": null,
            "eps_4q_growth_year": null,
            "roe": null,
            "roe_4q": 0,
            "gross_profit": null,
            "gross_margin": null,
            "gross_margin_4q_avg": 0,
            "net_income": null,
            "revenue": null,
            "common_shares": null,
            "book_valuer_per_share": null,
            "book_valuer_per_share_4q_avg": 0,
            "equity": null,
            "current_ratio": null,
            "debt_ratio": null,
            "inventory_turnover_ratio": null,
            "account_receivable_turnover_ratio": null,
            "reinvestment_rate": null,
            "research_to_sale_ratio": null,
            "price_fair": 0,
            "eps_avg_yearly": 0,
            "eps_latest_yearly": 0,
            "eps_growth_yearly": 0
        },
        "20091": {
            "year_quarter": 20091,
            "year": 2009,
            "quarter": 1,
            "eps": null,
            "eps_growth_year": null,
            "eps_4q": null,
            "eps_4q_growth_year": null,
            "roe": null,
            "roe_4q": 0,
            "gross_profit": null,
            "gross_margin": null,
            "gross_margin_4q_avg": 0,
            "net_income": null,
            "revenue": null,
            "common_shares": null,
            "book_valuer_per_share": null,
            "book_valuer_per_share_4q_avg": 0,
            "equity": null,
            "current_ratio": null,
            "debt_ratio": null,
            "inventory_turnover_ratio": null,
            "account_receivable_turnover_ratio": null,
            "reinvestment_rate": null,
            "research_to_sale_ratio": null,
            "price_fair": 0,
            "eps_avg_yearly": 0,
            "eps_latest_yearly": 0,
            "eps_growth_yearly": 0
        },
        "20092": {
            "year_quarter": 20092,
            "year": 2009,
            "quarter": 2,
            "eps": null,
            "eps_growth_year": null,
            "eps_4q": null,
            "eps_4q_growth_year": null,
            "roe": null,
            "roe_4q": 0,
            "gross_profit": null,
            "gross_margin": null,
            "gross_margin_4q_avg": 0,
            "net_income": null,
            "revenue": null,
            "common_shares": null,
            "book_valuer_per_share": null,
            "book_valuer_per_share_4q_avg": 0,
            "equity": null,
            "current_ratio": null,
            "debt_ratio": null,
            "inventory_turnover_ratio": null,
            "account_receivable_turnover_ratio": null,
            "reinvestment_rate": null,
            "research_to_sale_ratio": null,
            "price_fair": 0,
            "eps_avg_yearly": 0,
            "eps_latest_yearly": 0,
            "eps_growth_yearly": 0
        },
        "20093": {
            "year_quarter": 20093,
            "year": 2009,
            "quarter": 3,
            "eps": null,
            "eps_growth_year": null,
            "eps_4q": null,
            "eps_4q_growth_year": null,
            "roe": null,
            "roe_4q": 0,
            "gross_profit": null,
            "gross_margin": null,
            "gross_margin_4q_avg": 0,
            "net_income": null,
            "revenue": null,
            "common_shares": null,
            "book_valuer_per_share": null,
            "book_valuer_per_share_4q_avg": 0,
            "equity": null,
            "current_ratio": null,
            "debt_ratio": null,
            "inventory_turnover_ratio": null,
            "account_receivable_turnover_ratio": null,
            "reinvestment_rate": null,
            "research_to_sale_ratio": null,
            "price_fair": 0,
            "eps_avg_yearly": 0,
            "eps_latest_yearly": 0,
            "eps_growth_yearly": 0
        },
        "20094": {
            "year_quarter": 20094,
            "year": 2009,
            "quarter": 4,
            "eps": null,
            "eps_growth_year": null,
            "eps_4q": null,
            "eps_4q_growth_year": null,
            "roe": null,
            "roe_4q": 0,
            "gross_profit": null,
            "gross_margin": null,
            "gross_margin_4q_avg": 0,
            "net_income": null,
            "revenue": null,
            "common_shares": null,
            "book_valuer_per_share": null,
            "book_valuer_per_share_4q_avg": 0,
            "equity": null,
            "current_ratio": null,
            "debt_ratio": null,
            "inventory_turnover_ratio": null,
            "account_receivable_turnover_ratio": null,
            "reinvestment_rate": null,
            "research_to_sale_ratio": null,
            "price_fair": 0,
            "eps_avg_yearly": 0,
            "eps_latest_yearly": 0,
            "eps_growth_yearly": 0
        },
        "20101": {
            "year_quarter": 20101,
            "year": 2010,
            "quarter": 1,
            "eps": null,
            "eps_growth_year": null,
            "eps_4q": null,
            "eps_4q_growth_year": null,
            "roe": null,
            "roe_4q": 0,
            "gross_profit": null,
            "gross_margin": null,
            "gross_margin_4q_avg": 0,
            "net_income": null,
            "revenue": null,
            "common_shares": null,
            "book_valuer_per_share": null,
            "book_valuer_per_share_4q_avg": 0,
            "equity": null,
            "current_ratio": null,
            "debt_ratio": null,
            "inventory_turnover_ratio": null,
            "account_receivable_turnover_ratio": null,
            "reinvestment_rate": null,
            "research_to_sale_ratio": null,
            "price_fair": 0,
            "eps_avg_yearly": 0,
            "eps_latest_yearly": 0,
            "eps_growth_yearly": 0
        },
        "20102": {
            "year_quarter": 20102,
            "year": 2010,
            "quarter": 2,
            "eps": null,
            "eps_growth_year": null,
            "eps_4q": null,
            "eps_4q_growth_year": null,
            "roe": null,
            "roe_4q": 0,
            "gross_profit": null,
            "gross_margin": null,
            "gross_margin_4q_avg": 0,
            "net_income": null,
            "revenue": null,
            "common_shares": null,
            "book_valuer_per_share": null,
            "book_valuer_per_share_4q_avg": 0,
            "equity": null,
            "current_ratio": null,
            "debt_ratio": null,
            "inventory_turnover_ratio": null,
            "account_receivable_turnover_ratio": null,
            "reinvestment_rate": null,
            "research_to_sale_ratio": null,
            "price_fair": 0,
            "eps_avg_yearly": 0,
            "eps_latest_yearly": 0,
            "eps_growth_yearly": 0
        },
        "20103": {
            "year_quarter": 20103,
            "year": 2010,
            "quarter": 3,
            "eps": null,
            "eps_growth_year": null,
            "eps_4q": null,
            "eps_4q_growth_year": null,
            "roe": null,
            "roe_4q": 0,
            "gross_profit": null,
            "gross_margin": null,
            "gross_margin_4q_avg": 0,
            "net_income": null,
            "revenue": null,
            "common_shares": null,
            "book_valuer_per_share": null,
            "book_valuer_per_share_4q_avg": 0,
            "equity": null,
            "current_ratio": null,
            "debt_ratio": null,
            "inventory_turnover_ratio": null,
            "account_receivable_turnover_ratio": null,
            "reinvestment_rate": null,
            "research_to_sale_ratio": null,
            "price_fair": 0,
            "eps_avg_yearly": 0,
            "eps_latest_yearly": 0,
            "eps_growth_yearly": 0
        },
        "20104": {
            "year_quarter": 20104,
            "year": 2010,
            "quarter": 4,
            "eps": null,
            "eps_growth_year": null,
            "eps_4q": null,
            "eps_4q_growth_year": null,
            "roe": null,
            "roe_4q": 0,
            "gross_profit": null,
            "gross_margin": null,
            "gross_margin_4q_avg": 0,
            "net_income": null,
            "revenue": null,
            "common_shares": null,
            "book_valuer_per_share": null,
            "book_valuer_per_share_4q_avg": 0,
            "equity": null,
            "current_ratio": null,
            "debt_ratio": null,
            "inventory_turnover_ratio": null,
            "account_receivable_turnover_ratio": null,
            "reinvestment_rate": null,
            "research_to_sale_ratio": null,
            "price_fair": 0,
            "eps_avg_yearly": 0,
            "eps_latest_yearly": 0,
            "eps_growth_yearly": 0
        },
        "20111": {
            "year_quarter": 20111,
            "year": 2011,
            "quarter": 1,
            "eps": null,
            "eps_growth_year": null,
            "eps_4q": null,
            "eps_4q_growth_year": null,
            "roe": null,
            "roe_4q": 0,
            "gross_profit": null,
            "gross_margin": null,
            "gross_margin_4q_avg": 0,
            "net_income": null,
            "revenue": null,
            "common_shares": null,
            "book_valuer_per_share": null,
            "book_valuer_per_share_4q_avg": 0,
            "equity": null,
            "current_ratio": null,
            "debt_ratio": null,
            "inventory_turnover_ratio": null,
            "account_receivable_turnover_ratio": null,
            "reinvestment_rate": null,
            "research_to_sale_ratio": null,
            "price_fair": 0,
            "eps_avg_yearly": 0,
            "eps_latest_yearly": 0,
            "eps_growth_yearly": 0
        },
        "20112": {
            "year_quarter": 20112,
            "year": 2011,
            "quarter": 2,
            "eps": null,
            "eps_growth_year": null,
            "eps_4q": null,
            "eps_4q_growth_year": null,
            "roe": null,
            "roe_4q": 0,
            "gross_profit": null,
            "gross_margin": null,
            "gross_margin_4q_avg": 0,
            "net_income": null,
            "revenue": null,
            "common_shares": null,
            "book_valuer_per_share": null,
            "book_valuer_per_share_4q_avg": 0,
            "equity": null,
            "current_ratio": null,
            "debt_ratio": null,
            "inventory_turnover_ratio": null,
            "account_receivable_turnover_ratio": null,
            "reinvestment_rate": null,
            "research_to_sale_ratio": null,
            "price_fair": 0,
            "eps_avg_yearly": 0,
            "eps_latest_yearly": 0,
            "eps_growth_yearly": 0
        },
        "20113": {
            "year_quarter": 20113,
            "year": 2011,
            "quarter": 3,
            "eps": null,
            "eps_growth_year": null,
            "eps_4q": null,
            "eps_4q_growth_year": null,
            "roe": null,
            "roe_4q": 0,
            "gross_profit": null,
            "gross_margin": null,
            "gross_margin_4q_avg": 0,
            "net_income": null,
            "revenue": null,
            "common_shares": null,
            "book_valuer_per_share": null,
            "book_valuer_per_share_4q_avg": 0,
            "equity": null,
            "current_ratio": null,
            "debt_ratio": null,
            "inventory_turnover_ratio": null,
            "account_receivable_turnover_ratio": null,
            "reinvestment_rate": null,
            "research_to_sale_ratio": null,
            "price_fair": 0,
            "eps_avg_yearly": 0,
            "eps_latest_yearly": 0,
            "eps_growth_yearly": 0
        },
        "20114": {
            "year_quarter": 20114,
            "year": 2011,
            "quarter": 4,
            "eps": null,
            "eps_growth_year": null,
            "eps_4q": null,
            "eps_4q_growth_year": null,
            "roe": null,
            "roe_4q": 0,
            "gross_profit": null,
            "gross_margin": null,
            "gross_margin_4q_avg": 0,
            "net_income": null,
            "revenue": null,
            "common_shares": null,
            "book_valuer_per_share": null,
            "book_valuer_per_share_4q_avg": 0,
            "equity": null,
            "current_ratio": null,
            "debt_ratio": null,
            "inventory_turnover_ratio": null,
            "account_receivable_turnover_ratio": null,
            "reinvestment_rate": null,
            "research_to_sale_ratio": null,
            "price_fair": 0,
            "eps_avg_yearly": 0,
            "eps_latest_yearly": 0,
            "eps_growth_yearly": 0
        },
        "20121": {
            "year_quarter": 20121,
            "year": 2012,
            "quarter": 1,
            "eps": null,
            "eps_growth_year": null,
            "eps_4q": null,
            "eps_4q_growth_year": null,
            "roe": null,
            "roe_4q": 0,
            "gross_profit": null,
            "gross_margin": null,
            "gross_margin_4q_avg": 0,
            "net_income": null,
            "revenue": null,
            "common_shares": null,
            "book_valuer_per_share": null,
            "book_valuer_per_share_4q_avg": 0,
            "equity": null,
            "current_ratio": null,
            "debt_ratio": null,
            "inventory_turnover_ratio": null,
            "account_receivable_turnover_ratio": null,
            "reinvestment_rate": null,
            "research_to_sale_ratio": null,
            "price_fair": 0,
            "eps_avg_yearly": 0,
            "eps_latest_yearly": 0,
            "eps_growth_yearly": 0
        },
        "20122": {
            "year_quarter": 20122,
            "year": 2012,
            "quarter": 2,
            "eps": null,
            "eps_growth_year": null,
            "eps_4q": null,
            "eps_4q_growth_year": null,
            "roe": null,
            "roe_4q": 0,
            "gross_profit": null,
            "gross_margin": null,
            "gross_margin_4q_avg": 0,
            "net_income": null,
            "revenue": null,
            "common_shares": null,
            "book_valuer_per_share": null,
            "book_valuer_per_share_4q_avg": 0,
            "equity": null,
            "current_ratio": null,
            "debt_ratio": null,
            "inventory_turnover_ratio": null,
            "account_receivable_turnover_ratio": null,
            "reinvestment_rate": null,
            "research_to_sale_ratio": null,
            "price_fair": 0,
            "eps_avg_yearly": 0,
            "eps_latest_yearly": 0,
            "eps_growth_yearly": 0
        },
        "20123": {
            "year_quarter": 20123,
            "year": 2012,
            "quarter": 3,
            "eps": null,
            "eps_growth_year": null,
            "eps_4q": null,
            "eps_4q_growth_year": null,
            "roe": null,
            "roe_4q": 0,
            "gross_profit": null,
            "gross_margin": null,
            "gross_margin_4q_avg": 0,
            "net_income": null,
            "revenue": null,
            "common_shares": null,
            "book_valuer_per_share": null,
            "book_valuer_per_share_4q_avg": 0,
            "equity": null,
            "current_ratio": null,
            "debt_ratio": null,
            "inventory_turnover_ratio": null,
            "account_receivable_turnover_ratio": null,
            "reinvestment_rate": null,
            "research_to_sale_ratio": null,
            "price_fair": 0,
            "eps_avg_yearly": 0,
            "eps_latest_yearly": 0,
            "eps_growth_yearly": 0
        },
        "20124": {
            "year_quarter": 20124,
            "year": 2012,
            "quarter": 4,
            "eps": null,
            "eps_growth_year": null,
            "eps_4q": null,
            "eps_4q_growth_year": null,
            "roe": null,
            "roe_4q": 0,
            "gross_profit": null,
            "gross_margin": null,
            "gross_margin_4q_avg": 0,
            "net_income": null,
            "revenue": null,
            "common_shares": null,
            "book_valuer_per_share": null,
            "book_valuer_per_share_4q_avg": 0,
            "equity": null,
            "current_ratio": null,
            "debt_ratio": null,
            "inventory_turnover_ratio": null,
            "account_receivable_turnover_ratio": null,
            "reinvestment_rate": null,
            "research_to_sale_ratio": null,
            "price_fair": 0,
            "eps_avg_yearly": 0,
            "eps_latest_yearly": 0,
            "eps_growth_yearly": 0
        },
        "20131": {
            "year_quarter": 20131,
            "year": 2013,
            "quarter": 1,
            "eps": null,
            "eps_growth_year": null,
            "eps_4q": null,
            "eps_4q_growth_year": null,
            "roe": null,
            "roe_4q": 0,
            "gross_profit": null,
            "gross_margin": null,
            "gross_margin_4q_avg": 0,
            "net_income": null,
            "revenue": null,
            "common_shares": null,
            "book_valuer_per_share": null,
            "book_valuer_per_share_4q_avg": 0,
            "equity": null,
            "current_ratio": null,
            "debt_ratio": null,
            "inventory_turnover_ratio": null,
            "account_receivable_turnover_ratio": null,
            "reinvestment_rate": null,
            "research_to_sale_ratio": null,
            "price_fair": 0,
            "eps_avg_yearly": 0,
            "eps_latest_yearly": 0,
            "eps_growth_yearly": 0
        },
        "20132": {
            "year_quarter": 20132,
            "year": 2013,
            "quarter": 2,
            "eps": null,
            "eps_growth_year": null,
            "eps_4q": null,
            "eps_4q_growth_year": null,
            "roe": null,
            "roe_4q": 0,
            "gross_profit": null,
            "gross_margin": null,
            "gross_margin_4q_avg": 0,
            "net_income": null,
            "revenue": null,
            "common_shares": null,
            "book_valuer_per_share": null,
            "book_valuer_per_share_4q_avg": 0,
            "equity": null,
            "current_ratio": null,
            "debt_ratio": null,
            "inventory_turnover_ratio": null,
            "account_receivable_turnover_ratio": null,
            "reinvestment_rate": null,
            "research_to_sale_ratio": null,
            "price_fair": 0,
            "eps_avg_yearly": 0,
            "eps_latest_yearly": 0,
            "eps_growth_yearly": 0
        },
        "20133": {
            "year_quarter": 20133,
            "year": 2013,
            "quarter": 3,
            "eps": null,
            "eps_growth_year": null,
            "eps_4q": null,
            "eps_4q_growth_year": null,
            "roe": null,
            "roe_4q": 0,
            "gross_profit": null,
            "gross_margin": null,
            "gross_margin_4q_avg": 0,
            "net_income": null,
            "revenue": null,
            "common_shares": null,
            "book_valuer_per_share": null,
            "book_valuer_per_share_4q_avg": 0,
            "equity": null,
            "current_ratio": null,
            "debt_ratio": null,
            "inventory_turnover_ratio": null,
            "account_receivable_turnover_ratio": null,
            "reinvestment_rate": null,
            "research_to_sale_ratio": null,
            "price_fair": 0,
            "eps_avg_yearly": 0,
            "eps_latest_yearly": 0,
            "eps_growth_yearly": 0
        },
        "20134": {
            "year_quarter": 20134,
            "year": 2013,
            "quarter": 4,
            "eps": null,
            "eps_growth_year": null,
            "eps_4q": null,
            "eps_4q_growth_year": null,
            "roe": null,
            "roe_4q": 0,
            "gross_profit": null,
            "gross_margin": null,
            "gross_margin_4q_avg": 0,
            "net_income": null,
            "revenue": null,
            "common_shares": null,
            "book_valuer_per_share": null,
            "book_valuer_per_share_4q_avg": 0,
            "equity": null,
            "current_ratio": null,
            "debt_ratio": null,
            "inventory_turnover_ratio": null,
            "account_receivable_turnover_ratio": null,
            "reinvestment_rate": null,
            "research_to_sale_ratio": null,
            "price_fair": 0,
            "eps_avg_yearly": 0,
            "eps_latest_yearly": 0,
            "eps_growth_yearly": 0
        },
        "20141": {
            "year_quarter": 20141,
            "year": 2014,
            "quarter": 1,
            "eps": null,
            "eps_growth_year": null,
            "eps_4q": null,
            "eps_4q_growth_year": null,
            "roe": null,
            "roe_4q": 0,
            "gross_profit": null,
            "gross_margin": null,
            "gross_margin_4q_avg": 0,
            "net_income": null,
            "revenue": null,
            "common_shares": null,
            "book_valuer_per_share": null,
            "book_valuer_per_share_4q_avg": 0,
            "equity": null,
            "current_ratio": null,
            "debt_ratio": null,
            "inventory_turnover_ratio": null,
            "account_receivable_turnover_ratio": null,
            "reinvestment_rate": null,
            "research_to_sale_ratio": null,
            "price_fair": 0,
            "eps_avg_yearly": 0,
            "eps_latest_yearly": 0,
            "eps_growth_yearly": 0
        },
        "20142": {
            "year_quarter": 20142,
            "year": 2014,
            "quarter": 2,
            "eps": null,
            "eps_growth_year": null,
            "eps_4q": null,
            "eps_4q_growth_year": null,
            "roe": null,
            "roe_4q": 0,
            "gross_profit": null,
            "gross_margin": null,
            "gross_margin_4q_avg": 0,
            "net_income": null,
            "revenue": null,
            "common_shares": 200000,
            "book_valuer_per_share": null,
            "book_valuer_per_share_4q_avg": 0,
            "equity": 616930,
            "current_ratio": null,
            "debt_ratio": null,
            "inventory_turnover_ratio": null,
            "account_receivable_turnover_ratio": null,
            "reinvestment_rate": null,
            "research_to_sale_ratio": null,
            "price_fair": 0,
            "eps_avg_yearly": 0,
            "eps_latest_yearly": 0,
            "eps_growth_yearly": 0
        },
        "20143": {
            "year_quarter": 20143,
            "year": 2014,
            "quarter": 3,
            "eps": null,
            "eps_growth_year": null,
            "eps_4q": null,
            "eps_4q_growth_year": null,
            "roe": null,
            "roe_4q": 0,
            "gross_profit": null,
            "gross_margin": null,
            "gross_margin_4q_avg": 0,
            "net_income": null,
            "revenue": null,
            "common_shares": null,
            "book_valuer_per_share": null,
            "book_valuer_per_share_4q_avg": 0,
            "equity": null,
            "current_ratio": null,
            "debt_ratio": null,
            "inventory_turnover_ratio": null,
            "account_receivable_turnover_ratio": null,
            "reinvestment_rate": null,
            "research_to_sale_ratio": null,
            "price_fair": 0,
            "eps_avg_yearly": 0,
            "eps_latest_yearly": 0,
            "eps_growth_yearly": 0
        },
        "20144": {
            "year_quarter": 20144,
            "year": 2014,
            "quarter": 4,
            "eps": null,
            "eps_growth_year": null,
            "eps_4q": null,
            "eps_4q_growth_year": null,
            "roe": null,
            "roe_4q": 0,
            "gross_profit": null,
            "gross_margin": null,
            "gross_margin_4q_avg": 0,
            "net_income": null,
            "revenue": null,
            "common_shares": 200000,
            "book_valuer_per_share": null,
            "book_valuer_per_share_4q_avg": 0,
            "equity": 752992,
            "current_ratio": null,
            "debt_ratio": null,
            "inventory_turnover_ratio": null,
            "account_receivable_turnover_ratio": null,
            "reinvestment_rate": null,
            "research_to_sale_ratio": null,
            "price_fair": 0,
            "eps_avg_yearly": 0,
            "eps_latest_yearly": 0,
            "eps_growth_yearly": 0
        },
        "20151": {
            "year_quarter": 20151,
            "year": 2015,
            "quarter": 1,
            "eps": null,
            "eps_growth_year": null,
            "eps_4q": null,
            "eps_4q_growth_year": null,
            "roe": null,
            "roe_4q": 0,
            "gross_profit": null,
            "gross_margin": null,
            "gross_margin_4q_avg": 0,
            "net_income": null,
            "revenue": null,
            "common_shares": null,
            "book_valuer_per_share": null,
            "book_valuer_per_share_4q_avg": 0,
            "equity": null,
            "current_ratio": null,
            "debt_ratio": null,
            "inventory_turnover_ratio": null,
            "account_receivable_turnover_ratio": null,
            "reinvestment_rate": null,
            "research_to_sale_ratio": null,
            "price_fair": 0,
            "eps_avg_yearly": 0,
            "eps_latest_yearly": 0,
            "eps_growth_yearly": 0
        },
        "20152": {
            "year_quarter": 20152,
            "year": 2015,
            "quarter": 2,
            "eps": null,
            "eps_growth_year": null,
            "eps_4q": null,
            "eps_4q_growth_year": null,
            "roe": null,
            "roe_4q": 0,
            "gross_profit": null,
            "gross_margin": null,
            "gross_margin_4q_avg": 0,
            "net_income": null,
            "revenue": null,
            "common_shares": 210000,
            "book_valuer_per_share": 34.68,
            "book_valuer_per_share_4q_avg": 8.67,
            "equity": 751496,
            "current_ratio": 135.38,
            "debt_ratio": 60.72,
            "inventory_turnover_ratio": null,
            "account_receivable_turnover_ratio": null,
            "reinvestment_rate": null,
            "research_to_sale_ratio": null,
            "price_fair": 0,
            "eps_avg_yearly": 0,
            "eps_latest_yearly": 0,
            "eps_growth_yearly": 0
        },
        "20153": {
            "year_quarter": 20153,
            "year": 2015,
            "quarter": 3,
            "eps": null,
            "eps_growth_year": null,
            "eps_4q": null,
            "eps_4q_growth_year": null,
            "roe": null,
            "roe_4q": 0,
            "gross_profit": null,
            "gross_margin": null,
            "gross_margin_4q_avg": 0,
            "net_income": null,
            "revenue": null,
            "common_shares": null,
            "book_valuer_per_share": null,
            "book_valuer_per_share_4q_avg": 8.67,
            "equity": null,
            "current_ratio": null,
            "debt_ratio": null,
            "inventory_turnover_ratio": null,
            "account_receivable_turnover_ratio": null,
            "reinvestment_rate": null,
            "research_to_sale_ratio": null,
            "price_fair": 0,
            "eps_avg_yearly": 0,
            "eps_latest_yearly": 0,
            "eps_growth_yearly": 0
        },
        "20154": {
            "year_quarter": 20154,
            "year": 2015,
            "quarter": 4,
            "eps": null,
            "eps_growth_year": null,
            "eps_4q": null,
            "eps_4q_growth_year": null,
            "roe": null,
            "roe_4q": 0,
            "gross_profit": null,
            "gross_margin": null,
            "gross_margin_4q_avg": 0,
            "net_income": null,
            "revenue": null,
            "common_shares": 210000,
            "book_valuer_per_share": 36.9,
            "book_valuer_per_share_4q_avg": 17.9,
            "equity": 801174,
            "current_ratio": 142.06,
            "debt_ratio": 58.58,
            "inventory_turnover_ratio": null,
            "account_receivable_turnover_ratio": null,
            "reinvestment_rate": null,
            "research_to_sale_ratio": null,
            "price_fair": 0,
            "eps_avg_yearly": 0,
            "eps_latest_yearly": 0,
            "eps_growth_yearly": 0
        },
        "20161": {
            "year_quarter": 20161,
            "year": 2016,
            "quarter": 1,
            "eps": null,
            "eps_growth_year": null,
            "eps_4q": null,
            "eps_4q_growth_year": null,
            "roe": null,
            "roe_4q": 0,
            "gross_profit": null,
            "gross_margin": null,
            "gross_margin_4q_avg": 0,
            "net_income": null,
            "revenue": null,
            "common_shares": null,
            "book_valuer_per_share": null,
            "book_valuer_per_share_4q_avg": 17.9,
            "equity": null,
            "current_ratio": null,
            "debt_ratio": null,
            "inventory_turnover_ratio": null,
            "account_receivable_turnover_ratio": null,
            "reinvestment_rate": null,
            "research_to_sale_ratio": null,
            "price_fair": 0,
            "eps_avg_yearly": 0,
            "eps_latest_yearly": 0,
            "eps_growth_yearly": 0
        },
        "20162": {
            "year_quarter": 20162,
            "year": 2016,
            "quarter": 2,
            "eps": null,
            "eps_growth_year": null,
            "eps_4q": null,
            "eps_4q_growth_year": null,
            "roe": null,
            "roe_4q": 0,
            "gross_profit": null,
            "gross_margin": null,
            "gross_margin_4q_avg": 0,
            "net_income": null,
            "revenue": null,
            "common_shares": 210000,
            "book_valuer_per_share": 35.05,
            "book_valuer_per_share_4q_avg": 17.99,
            "equity": 759681,
            "current_ratio": 138.68,
            "debt_ratio": 57.43,
            "inventory_turnover_ratio": null,
            "account_receivable_turnover_ratio": null,
            "reinvestment_rate": null,
            "research_to_sale_ratio": null,
            "price_fair": 0,
            "eps_avg_yearly": 0,
            "eps_latest_yearly": 0,
            "eps_growth_yearly": 0
        },
        "20163": {
            "year_quarter": 20163,
            "year": 2016,
            "quarter": 3,
            "eps": null,
            "eps_growth_year": null,
            "eps_4q": null,
            "eps_4q_growth_year": null,
            "roe": null,
            "roe_4q": 0,
            "gross_profit": null,
            "gross_margin": null,
            "gross_margin_4q_avg": 0,
            "net_income": null,
            "revenue": null,
            "common_shares": null,
            "book_valuer_per_share": null,
            "book_valuer_per_share_4q_avg": 17.99,
            "equity": null,
            "current_ratio": null,
            "debt_ratio": null,
            "inventory_turnover_ratio": null,
            "account_receivable_turnover_ratio": null,
            "reinvestment_rate": null,
            "research_to_sale_ratio": null,
            "price_fair": 0,
            "eps_avg_yearly": 0,
            "eps_latest_yearly": 0,
            "eps_growth_yearly": 0
        },
        "20164": {
            "year_quarter": 20164,
            "year": 2016,
            "quarter": 4,
            "eps": null,
            "eps_growth_year": null,
            "eps_4q": null,
            "eps_4q_growth_year": null,
            "roe": null,
            "roe_4q": 0,
            "gross_profit": null,
            "gross_margin": null,
            "gross_margin_4q_avg": 0,
            "net_income": null,
            "revenue": null,
            "common_shares": 210000,
            "book_valuer_per_share": 36.6,
            "book_valuer_per_share_4q_avg": 17.91,
            "equity": 790713,
            "current_ratio": 131.05,
            "debt_ratio": 59.82,
            "inventory_turnover_ratio": null,
            "account_receivable_turnover_ratio": null,
            "reinvestment_rate": null,
            "research_to_sale_ratio": null,
            "price_fair": 0,
            "eps_avg_yearly": 0,
            "eps_latest_yearly": 0,
            "eps_growth_yearly": 0
        },
        "20171": {
            "year_quarter": 20171,
            "year": 2017,
            "quarter": 1,
            "eps": 0.49,
            "eps_growth_year": null,
            "eps_4q": null,
            "eps_4q_growth_year": null,
            "roe": 1.1,
            "roe_4q": 1.1,
            "gross_profit": 136271,
            "gross_margin": 33.66,
            "gross_margin_4q_avg": 8.42,
            "net_income": 8688,
            "revenue": 404835,
            "common_shares": 210000,
            "book_valuer_per_share": 36.8,
            "book_valuer_per_share_4q_avg": 27.11,
            "equity": 792546,
            "current_ratio": 130.74,
            "debt_ratio": 58.96,
            "inventory_turnover_ratio": 1.41,
            "account_receivable_turnover_ratio": 1.35,
            "reinvestment_rate": null,
            "research_to_sale_ratio": 8.08,
            "price_fair": 0,
            "eps_avg_yearly": 0,
            "eps_latest_yearly": 0,
            "eps_growth_yearly": 0
        },
        "20172": {
            "year_quarter": 20172,
            "year": 2017,
            "quarter": 2,
            "eps": -0.32,
            "eps_growth_year": null,
            "eps_4q": null,
            "eps_4q_growth_year": null,
            "roe": -1.07,
            "roe_4q": 0.030000000000000027,
            "gross_profit": 56018,
            "gross_margin": 26.22,
            "gross_margin_4q_avg": 14.97,
            "net_income": -8232,
            "revenue": 213617,
            "common_shares": 210000,
            "book_valuer_per_share": 34.56,
            "book_valuer_per_share_4q_avg": 26.99,
            "equity": 743908,
            "current_ratio": 124.24,
            "debt_ratio": 59.14,
            "inventory_turnover_ratio": 0.83,
            "account_receivable_turnover_ratio": 0.9,
            "reinvestment_rate": null,
            "research_to_sale_ratio": 14.03,
            "price_fair": 0,
            "eps_avg_yearly": 0,
            "eps_latest_yearly": 0,
            "eps_growth_yearly": 0
        },
        "20173": {
            "year_quarter": 20173,
            "year": 2017,
            "quarter": 3,
            "eps": 2.1,
            "eps_growth_year": null,
            "eps_4q": null,
            "eps_4q_growth_year": null,
            "roe": 5.59,
            "roe_4q": 5.619999999999999,
            "gross_profit": 78647,
            "gross_margin": 27.96,
            "gross_margin_4q_avg": 21.96,
            "net_income": 43225,
            "revenue": 281323,
            "common_shares": 210000,
            "book_valuer_per_share": 37.42,
            "book_valuer_per_share_4q_avg": 36.35,
            "equity": 803027,
            "current_ratio": 140.92,
            "debt_ratio": 56.18,
            "inventory_turnover_ratio": 1.21,
            "account_receivable_turnover_ratio": 1.46,
            "reinvestment_rate": null,
            "research_to_sale_ratio": 11.37,
            "price_fair": 0,
            "eps_avg_yearly": 0,
            "eps_latest_yearly": 0,
            "eps_growth_yearly": 0
        },
        "20174": {
            "year_quarter": 20174,
            "year": 2017,
            "quarter": 4,
            "eps": -0.33,
            "eps_growth_year": null,
            "eps_4q": 1.74,
            "eps_4q_growth_year": null,
            "roe": -1,
            "roe_4q": 4.619999999999999,
            "gross_profit": 62748,
            "gross_margin": 21.81,
            "gross_margin_4q_avg": 27.41,
            "net_income": -8312,
            "revenue": 287729,
            "common_shares": 230000,
            "book_valuer_per_share": 36.79,
            "book_valuer_per_share_4q_avg": 36.39,
            "equity": 862481,
            "current_ratio": 144.25,
            "debt_ratio": 54.25,
            "inventory_turnover_ratio": 1.48,
            "account_receivable_turnover_ratio": 1.27,
            "reinvestment_rate": null,
            "research_to_sale_ratio": 12.81,
            "price_fair": 0,
            "eps_avg_yearly": 0,
            "eps_latest_yearly": 0,
            "eps_growth_yearly": 0
        },
        "20181": {
            "year_quarter": 20181,
            "year": 2018,
            "quarter": 1,
            "eps": -0.72,
            "eps_growth_year": -246.94,
            "eps_4q": 0.58,
            "eps_4q_growth_year": null,
            "roe": -2.05,
            "roe_4q": 1.47,
            "gross_profit": 61833,
            "gross_margin": 26.33,
            "gross_margin_4q_avg": 25.58,
            "net_income": -17528,
            "revenue": 234865,
            "common_shares": 230000,
            "book_valuer_per_share": 36.07,
            "book_valuer_per_share_4q_avg": 36.21,
            "equity": 844695,
            "current_ratio": 134.13,
            "debt_ratio": 57.37,
            "inventory_turnover_ratio": 0.96,
            "account_receivable_turnover_ratio": 1.2,
            "reinvestment_rate": null,
            "research_to_sale_ratio": 13.09,
            "price_fair": 0,
            "eps_avg_yearly": 0,
            "eps_latest_yearly": 0,
            "eps_growth_yearly": 0
        },
        "20182": {
            "year_quarter": 20182,
            "year": 2018,
            "quarter": 2,
            "eps": 0.83,
            "eps_growth_year": null,
            "eps_4q": 1.7,
            "eps_4q_growth_year": null,
            "roe": 2.18,
            "roe_4q": 4.720000000000001,
            "gross_profit": 61050,
            "gross_margin": 23.55,
            "gross_margin_4q_avg": 24.91,
            "net_income": 18079,
            "revenue": 259272,
            "common_shares": 230000,
            "book_valuer_per_share": 34.91,
            "book_valuer_per_share_4q_avg": 36.3,
            "equity": 817644,
            "current_ratio": 131.98,
            "debt_ratio": 56.96,
            "inventory_turnover_ratio": 1.06,
            "account_receivable_turnover_ratio": 1.3,
            "reinvestment_rate": null,
            "research_to_sale_ratio": 12.46,
            "price_fair": 0,
            "eps_avg_yearly": 0,
            "eps_latest_yearly": 0,
            "eps_growth_yearly": 0
        },
        "20183": {
            "year_quarter": 20183,
            "year": 2018,
            "quarter": 3,
            "eps": 0.5,
            "eps_growth_year": -76.19,
            "eps_4q": 0.28,
            "eps_4q_growth_year": null,
            "roe": 1.38,
            "roe_4q": 0.5100000000000002,
            "gross_profit": 83946,
            "gross_margin": 26.83,
            "gross_margin_4q_avg": 24.63,
            "net_income": 11401,
            "revenue": 312824,
            "common_shares": 230000,
            "book_valuer_per_share": 35.42,
            "book_valuer_per_share_4q_avg": 35.8,
            "equity": 829109,
            "current_ratio": 136.19,
            "debt_ratio": 55.38,
            "inventory_turnover_ratio": 1.22,
            "account_receivable_turnover_ratio": 1.24,
            "reinvestment_rate": null,
            "research_to_sale_ratio": 10.04,
            "price_fair": 6,
            "eps_avg_yearly": 2,
            "eps_latest_yearly": 2,
            "eps_growth_yearly": -159.04
        },
        "20184": {
            "year_quarter": 20184,
            "year": 2018,
            "quarter": 4,
            "eps": 0.79,
            "eps_growth_year": null,
            "eps_4q": 1.4,
            "eps_4q_growth_year": -19.87,
            "roe": 2.1,
            "roe_4q": 3.6100000000000003,
            "gross_profit": 85895,
            "gross_margin": 25.76,
            "gross_margin_4q_avg": 25.62,
            "net_income": 17548,
            "revenue": 333380,
            "common_shares": 230000,
            "book_valuer_per_share": 36.18,
            "book_valuer_per_share_4q_avg": 35.65,
            "equity": 846119,
            "current_ratio": 139.28,
            "debt_ratio": 54.43,
            "inventory_turnover_ratio": 1.29,
            "account_receivable_turnover_ratio": 1.09,
            "reinvestment_rate": null,
            "research_to_sale_ratio": 9.48,
            "price_fair": 90.3,
            "eps_avg_yearly": 2.58,
            "eps_latest_yearly": 3.16,
            "eps_growth_yearly": 36.48
        },
        "20191": {
            "year_quarter": 20191,
            "year": 2019,
            "quarter": 1,
            "eps": 0.57,
            "eps_growth_year": null,
            "eps_4q": 2.68,
            "eps_4q_growth_year": 365.96,
            "roe": 1.48,
            "roe_4q": 7.140000000000001,
            "gross_profit": 82743,
            "gross_margin": 26.2,
            "gross_margin_4q_avg": 25.59,
            "net_income": 12601,
            "revenue": 315765,
            "common_shares": 230000,
            "book_valuer_per_share": 36.75,
            "book_valuer_per_share_4q_avg": 35.82,
            "equity": 858784,
            "current_ratio": 142.35,
            "debt_ratio": 53.05,
            "inventory_turnover_ratio": 1.29,
            "account_receivable_turnover_ratio": 0.95,
            "reinvestment_rate": null,
            "research_to_sale_ratio": 9.75,
            "price_fair": 7.44,
            "eps_avg_yearly": 2.48,
            "eps_latest_yearly": 2.28,
            "eps_growth_yearly": -12.81
        },
        "20192": {
            "year_quarter": 20192,
            "year": 2019,
            "quarter": 2,
            "eps": 0.79,
            "eps_growth_year": -4.82,
            "eps_4q": 2.65,
            "eps_4q_growth_year": 55.97,
            "roe": 2.06,
            "roe_4q": 7.0200000000000005,
            "gross_profit": 86320,
            "gross_margin": 29.2,
            "gross_margin_4q_avg": 27,
            "net_income": 17549,
            "revenue": 295664,
            "common_shares": 230000,
            "book_valuer_per_share": 36.34,
            "book_valuer_per_share_4q_avg": 36.17,
            "equity": 848881,
            "current_ratio": 137.53,
            "debt_ratio": 54.4,
            "inventory_turnover_ratio": 1.13,
            "account_receivable_turnover_ratio": 0.88,
            "reinvestment_rate": null,
            "research_to_sale_ratio": 10.45,
            "price_fair": 92.75,
            "eps_avg_yearly": 2.65,
            "eps_latest_yearly": 3.16,
            "eps_growth_yearly": 28.99
        },
        "20193": {
            "year_quarter": 20193,
            "year": 2019,
            "quarter": 3,
            "eps": 0.81,
            "eps_growth_year": 62,
            "eps_4q": 2.45,
            "eps_4q_growth_year": 778.52,
            "roe": 2.16,
            "roe_4q": 7.800000000000001,
            "gross_profit": 97482,
            "gross_margin": 29.25,
            "gross_margin_4q_avg": 27.6,
            "net_income": 20433,
            "revenue": 333327,
            "common_shares": 287500,
            "book_valuer_per_share": 35.8,
            "book_valuer_per_share_4q_avg": 36.27,
            "equity": 1041799,
            "current_ratio": 160.84,
            "debt_ratio": 47.24,
            "inventory_turnover_ratio": 1.1,
            "account_receivable_turnover_ratio": 0.93,
            "reinvestment_rate": null,
            "research_to_sale_ratio": 10.23,
            "price_fair": 96.88,
            "eps_avg_yearly": 2.77,
            "eps_latest_yearly": 3.24,
            "eps_growth_yearly": 25.22
        },
        "20194": {
            "year_quarter": 20194,
            "year": 2019,
            "quarter": 4,
            "eps": 0.42,
            "eps_growth_year": -47.28,
            "eps_4q": 2.23,
            "eps_4q_growth_year": 59.81,
            "roe": 1.07,
            "roe_4q": 6.770000000000001,
            "gross_profit": 92815,
            "gross_margin": 26.17,
            "gross_margin_4q_avg": 27.71,
            "net_income": 11174,
            "revenue": 354651,
            "common_shares": 287500,
            "book_valuer_per_share": 36.18,
            "book_valuer_per_share_4q_avg": 36.27,
            "equity": 1051532,
            "current_ratio": 161.97,
            "debt_ratio": 46.96,
            "inventory_turnover_ratio": 1.03,
            "account_receivable_turnover_ratio": 0.91,
            "reinvestment_rate": null,
            "research_to_sale_ratio": 8.81,
            "price_fair": 7.76,
            "eps_avg_yearly": 2.59,
            "eps_latest_yearly": 1.68,
            "eps_growth_yearly": -11.08
        },
        "20201": {
            "year_quarter": 20201,
            "year": 2020,
            "quarter": 1,
            "eps": 1.26,
            "eps_growth_year": 121.05,
            "eps_4q": 3.04,
            "eps_4q_growth_year": 13.32,
            "roe": 3.31,
            "roe_4q": 8.6,
            "gross_profit": 118741,
            "gross_margin": 26.39,
            "gross_margin_4q_avg": 27.75,
            "net_income": 35389,
            "revenue": 449969,
            "common_shares": 287500,
            "book_valuer_per_share": 37.44,
            "book_valuer_per_share_4q_avg": 36.44,
            "equity": 1087012,
            "current_ratio": 162.54,
            "debt_ratio": 45.99,
            "inventory_turnover_ratio": 1.21,
            "account_receivable_turnover_ratio": 0.99,
            "reinvestment_rate": null,
            "research_to_sale_ratio": 7.81,
            "price_fair": 102.8,
            "eps_avg_yearly": 2.94,
            "eps_latest_yearly": 5.04,
            "eps_growth_yearly": 104.78
        },
        "20202": {
            "year_quarter": 20202,
            "year": 2020,
            "quarter": 2,
            "eps": 0.52,
            "eps_growth_year": -34.18,
            "eps_4q": 2.93,
            "eps_4q_growth_year": 10.79,
            "roe": 1.36,
            "roe_4q": 7.9,
            "gross_profit": 89412,
            "gross_margin": 24.74,
            "gross_margin_4q_avg": 26.64,
            "net_income": 14579,
            "revenue": 361401,
            "common_shares": 287500,
            "book_valuer_per_share": 36.16,
            "book_valuer_per_share_4q_avg": 36.4,
            "equity": 1049473,
            "current_ratio": 161.07,
            "debt_ratio": 45.4,
            "inventory_turnover_ratio": 1.01,
            "account_receivable_turnover_ratio": 0.85,
            "reinvestment_rate": null,
            "research_to_sale_ratio": 8.91,
            "price_fair": 99.05,
            "eps_avg_yearly": 2.83,
            "eps_latest_yearly": 2.08,
            "eps_growth_yearly": 62.32
        },
        "20203": {
            "year_quarter": 20203,
            "year": 2020,
            "quarter": 3,
            "eps": 0.11,
            "eps_growth_year": -86.42,
            "eps_4q": 2.31,
            "eps_4q_growth_year": -5.67,
            "roe": 0.31,
            "roe_4q": 6.050000000000001,
            "gross_profit": 72890,
            "gross_margin": 19.42,
            "gross_margin_4q_avg": 24.18,
            "net_income": 3284,
            "revenue": 375364,
            "common_shares": 287500,
            "book_valuer_per_share": 36.26,
            "book_valuer_per_share_4q_avg": 36.51,
            "equity": 1052407,
            "current_ratio": 167.37,
            "debt_ratio": 42.65,
            "inventory_turnover_ratio": 1.27,
            "account_receivable_turnover_ratio": 1.06,
            "reinvestment_rate": null,
            "research_to_sale_ratio": 8.35,
            "price_fair": 77.84,
            "eps_avg_yearly": 2.56,
            "eps_latest_yearly": 0.44,
            "eps_growth_yearly": 20.35
        },
        "20204": {
            "year_quarter": 20204,
            "year": 2020,
            "quarter": 4,
            "eps": 0.34,
            "eps_growth_year": -17.96,
            "eps_4q": 2.23,
            "eps_4q_growth_year": 0.08,
            "roe": 0.89,
            "roe_4q": 5.87,
            "gross_profit": 85678,
            "gross_margin": 22.13,
            "gross_margin_4q_avg": 23.17,
            "net_income": 9451,
            "revenue": 387170,
            "common_shares": 287500,
            "book_valuer_per_share": 36.55,
            "book_valuer_per_share_4q_avg": 36.6,
            "equity": 1059977,
            "current_ratio": 151.25,
            "debt_ratio": 44.97,
            "inventory_turnover_ratio": 1.33,
            "account_receivable_turnover_ratio": 1.06,
            "reinvestment_rate": -83.65,
            "research_to_sale_ratio": 9.43,
            "price_fair": 85.54,
            "eps_avg_yearly": 2.44,
            "eps_latest_yearly": 1.36,
            "eps_growth_yearly": 101.95
        },
        "20211": {
            "year_quarter": 20211,
            "year": 2021,
            "quarter": 1,
            "eps": 0.64,
            "eps_growth_year": -49.21,
            "eps_4q": 1.61,
            "eps_4q_growth_year": -47,
            "roe": 1.76,
            "roe_4q": 4.32,
            "gross_profit": 99174,
            "gross_margin": 21.95,
            "gross_margin_4q_avg": 22.06,
            "net_income": 18826,
            "revenue": 451831,
            "common_shares": 287500,
            "book_valuer_per_share": 37.19,
            "book_valuer_per_share_4q_avg": 36.54,
            "equity": 1078927,
            "current_ratio": 148.32,
            "debt_ratio": 46.39,
            "inventory_turnover_ratio": 1.36,
            "account_receivable_turnover_ratio": 1.13,
            "reinvestment_rate": -79.26,
            "research_to_sale_ratio": 8.32,
            "price_fair": 85.91,
            "eps_avg_yearly": 2.45,
            "eps_latest_yearly": 2.56,
            "eps_growth_yearly": 124.77
        },
        "20212": {
            "year_quarter": 20212,
            "year": 2021,
            "quarter": 2,
            "eps": 1.02,
            "eps_growth_year": 96.15,
            "eps_4q": 2.12,
            "eps_4q_growth_year": -27.74,
            "roe": 2.68,
            "roe_4q": 5.64,
            "gross_profit": 120290,
            "gross_margin": 25.17,
            "gross_margin_4q_avg": 22.17,
            "net_income": 29286,
            "revenue": 477835,
            "common_shares": 287500,
            "book_valuer_per_share": 38.21,
            "book_valuer_per_share_4q_avg": 37.05,
            "equity": 1107757,
            "current_ratio": 144.65,
            "debt_ratio": 48.6,
            "inventory_turnover_ratio": 1.07,
            "account_receivable_turnover_ratio": 1.05,
            "reinvestment_rate": -68.47,
            "research_to_sale_ratio": 8.23,
            "price_fair": 90.65,
            "eps_avg_yearly": 2.59,
            "eps_latest_yearly": 4.08,
            "eps_growth_yearly": 134.17
        },
        "20213": {
            "year_quarter": 20213,
            "year": 2021,
            "quarter": 3,
            "eps": 1.46,
            "eps_growth_year": 1227.27,
            "eps_4q": 3.47,
            "eps_4q_growth_year": 50.24,
            "roe": 3.84,
            "roe_4q": 9.17,
            "gross_profit": 137625,
            "gross_margin": 26.43,
            "gross_margin_4q_avg": 23.92,
            "net_income": 42217,
            "revenue": 520621,
            "common_shares": 287500,
            "book_valuer_per_share": 37.67,
            "book_valuer_per_share_4q_avg": 37.41,
            "equity": 1092457,
            "current_ratio": 139.17,
            "debt_ratio": 50.38,
            "inventory_turnover_ratio": 0.89,
            "account_receivable_turnover_ratio": 1.06,
            "reinvestment_rate": -55.46,
            "research_to_sale_ratio": 7.74,
            "price_fair": 99.4,
            "eps_avg_yearly": 2.84,
            "eps_latest_yearly": 5.84,
            "eps_growth_yearly": 137.12
        },
        "20214": {
            "year_quarter": 20214,
            "year": 2021,
            "quarter": 4,
            "eps": 1.33,
            "eps_growth_year": 290.17,
            "eps_4q": 4.46,
            "eps_4q_growth_year": 99.6,
            "roe": 3.58,
            "roe_4q": 11.86,
            "gross_profit": 131439,
            "gross_margin": 24.13,
            "gross_margin_4q_avg": 24.42,
            "net_income": 39803,
            "revenue": 544819,
            "common_shares": 287500,
            "book_valuer_per_share": 39.01,
            "book_valuer_per_share_4q_avg": 38.02,
            "equity": 1132332,
            "current_ratio": 142.72,
            "debt_ratio": 50.05,
            "inventory_turnover_ratio": 0.81,
            "account_receivable_turnover_ratio": 1.05,
            "reinvestment_rate": -44.45,
            "research_to_sale_ratio": 7.72,
            "price_fair": 105.6,
            "eps_avg_yearly": 3.02,
            "eps_latest_yearly": 5.32,
            "eps_growth_yearly": 124.78
        },
        "20221": {
            "year_quarter": 20221,
            "year": 2022,
            "quarter": 1,
            "eps": 1.85,
            "eps_growth_year": 189.06,
            "eps_4q": 5.67,
            "eps_4q_growth_year": 251.82,
            "roe": 4.9,
            "roe_4q": 15,
            "gross_profit": 152799,
            "gross_margin": 27.13,
            "gross_margin_4q_avg": 25.72,
            "net_income": 54640,
            "revenue": 563163,
            "common_shares": 287500,
            "book_valuer_per_share": 37.68,
            "book_valuer_per_share_4q_avg": 38.14,
            "equity": 1095769,
            "current_ratio": 134.81,
            "debt_ratio": 52.79,
            "inventory_turnover_ratio": 0.74,
            "account_receivable_turnover_ratio": 0.93,
            "reinvestment_rate": -34.66,
            "research_to_sale_ratio": 8.31,
            "price_fair": 115.83,
            "eps_avg_yearly": 3.31,
            "eps_latest_yearly": 7.4,
            "eps_growth_yearly": 126.89
        },
        "20222": {
            "year_quarter": 20222,
            "year": 2022,
            "quarter": 2,
            "eps": 2.25,
            "eps_growth_year": 120.59,
            "eps_4q": 6.9,
            "eps_4q_growth_year": 225.61,
            "roe": 5.78,
            "roe_4q": 18.1,
            "gross_profit": 156004,
            "gross_margin": 29.08,
            "gross_margin_4q_avg": 26.69,
            "net_income": 65306,
            "revenue": 536549,
            "common_shares": 287500,
            "book_valuer_per_share": 39.94,
            "book_valuer_per_share_4q_avg": 38.58,
            "equity": 1162054,
            "current_ratio": 144.05,
            "debt_ratio": 49.8,
            "inventory_turnover_ratio": 0.68,
            "account_receivable_turnover_ratio": 0.82,
            "reinvestment_rate": -32.97,
            "research_to_sale_ratio": 8.3,
            "price_fair": 128.28,
            "eps_avg_yearly": 3.67,
            "eps_latest_yearly": 9,
            "eps_growth_yearly": 124.36
        },
        "20223": {
            "year_quarter": 20223,
            "year": 2022,
            "quarter": 3,
            "eps": 3.16,
            "eps_growth_year": 116.44,
            "eps_4q": 8.59,
            "eps_4q_growth_year": 147.64,
            "roe": 7.73,
            "roe_4q": 21.990000000000002,
            "gross_profit": 174782,
            "gross_margin": 30.28,
            "gross_margin_4q_avg": 27.66,
            "net_income": 93539,
            "revenue": 577204,
            "common_shares": 287500,
            "book_valuer_per_share": 43.13,
            "book_valuer_per_share_4q_avg": 39.94,
            "equity": 1257741,
            "current_ratio": 155.26,
            "debt_ratio": 47.38,
            "inventory_turnover_ratio": 0.75,
            "account_receivable_turnover_ratio": 0.9,
            "reinvestment_rate": -26.65,
            "research_to_sale_ratio": 7.37,
            "price_fair": 151.55,
            "eps_avg_yearly": 4.33,
            "eps_latest_yearly": 12.64,
            "eps_growth_yearly": 144.41
        },
        "20224": {
            "year_quarter": 20224,
            "year": 2022,
            "quarter": 4,
            "eps": 2.65,
            "eps_growth_year": 98.69,
            "eps_4q": 9.91,
            "eps_4q_growth_year": 122.11,
            "roe": 5.96,
            "roe_4q": 24.370000000000005,
            "gross_profit": 193127,
            "gross_margin": 33.55,
            "gross_margin_4q_avg": 30.01,
            "net_income": 77337,
            "revenue": 575557,
            "common_shares": 287500,
            "book_valuer_per_share": 45.84,
            "book_valuer_per_share_4q_avg": 41.65,
            "equity": 1336218,
            "current_ratio": 160.62,
            "debt_ratio": 46.01,
            "inventory_turnover_ratio": 0.69,
            "account_receivable_turnover_ratio": 0.89,
            "reinvestment_rate": -23.79,
            "research_to_sale_ratio": 6.07,
            "price_fair": 167.83,
            "eps_avg_yearly": 4.8,
            "eps_latest_yearly": 10.6,
            "eps_growth_yearly": 125.88
        },
        "20231": {
            "year_quarter": 20231,
            "year": 2023,
            "quarter": 1,
            "eps": 1.92,
            "eps_growth_year": 3.78,
            "eps_4q": 9.97,
            "eps_4q_growth_year": 75.84,
            "roe": 4.48,
            "roe_4q": 23.950000000000003,
            "gross_profit": 154585,
            "gross_margin": 28.44,
            "gross_margin_4q_avg": 30.34,
            "net_income": 57872,
            "revenue": 543604,
            "common_shares": 287500,
            "book_valuer_per_share": 42.75,
            "book_valuer_per_share_4q_avg": 42.92,
            "equity": 1250064,
            "current_ratio": 150.17,
            "debt_ratio": 47.81,
            "inventory_turnover_ratio": 0.68,
            "account_receivable_turnover_ratio": 0.94,
            "reinvestment_rate": -23.21,
            "research_to_sale_ratio": 5.62,
            "price_fair": 179.64,
            "eps_avg_yearly": 5.13,
            "eps_latest_yearly": 7.68,
            "eps_growth_yearly": 125.95
        }
    },
    "months": {
        "2016-01": {
            "month": "2016-01",
            "price": "40.69",
            "revenue": 129884
        },
        "2016-02": {
            "month": "2016-02",
            "price": "40.04",
            "revenue": 96941
        },
        "2016-03": {
            "month": "2016-03",
            "price": "43.97",
            "revenue": 110504
        },
        "2016-04": {
            "month": "2016-04",
            "price": "49.22",
            "revenue": 91241
        },
        "2016-05": {
            "month": "2016-05",
            "price": "46.93",
            "revenue": 90908
        },
        "2016-06": {
            "month": "2016-06",
            "price": "44.71",
            "revenue": 94020
        },
        "2016-07": {
            "month": "2016-07",
            "price": "45.03",
            "revenue": 100576
        },
        "2016-08": {
            "month": "2016-08",
            "price": "43.67",
            "revenue": 100473
        },
        "2016-09": {
            "month": "2016-09",
            "price": "44.92",
            "revenue": 116927
        },
        "2016-10": {
            "month": "2016-10",
            "price": "43.00",
            "revenue": 120733
        },
        "2016-11": {
            "month": "2016-11",
            "price": "41.48",
            "revenue": 141004
        },
        "2016-12": {
            "month": "2016-12",
            "price": "44.06",
            "revenue": 136693
        },
        "2017-01": {
            "month": "2017-01",
            "price": "48.43",
            "revenue": 147449
        },
        "2017-02": {
            "month": "2017-02",
            "price": "47.82",
            "revenue": 131434
        },
        "2017-03": {
            "month": "2017-03",
            "price": "56.95",
            "revenue": 125967
        },
        "2017-04": {
            "month": "2017-04",
            "price": "56.47",
            "revenue": 87604
        },
        "2017-05": {
            "month": "2017-05",
            "price": "56.17",
            "revenue": 69278
        },
        "2017-06": {
            "month": "2017-06",
            "price": "50.71",
            "revenue": 55911
        },
        "2017-07": {
            "month": "2017-07",
            "price": "45.00",
            "revenue": 75435
        },
        "2017-08": {
            "month": "2017-08",
            "price": "43.41",
            "revenue": 99855
        },
        "2017-09": {
            "month": "2017-09",
            "price": "50.08",
            "revenue": 106109
        },
        "2017-10": {
            "month": "2017-10",
            "price": "47.18",
            "revenue": 95057
        },
        "2017-11": {
            "month": "2017-11",
            "price": "41.30",
            "revenue": 93180
        },
        "2017-12": {
            "month": "2017-12",
            "price": "36.87",
            "revenue": 99573
        },
        "2018-01": {
            "month": "2018-01",
            "price": "38.19",
            "revenue": 86287
        },
        "2018-02": {
            "month": "2018-02",
            "price": "36.08",
            "revenue": 64526
        },
        "2018-03": {
            "month": "2018-03",
            "price": "34.82",
            "revenue": 84086
        },
        "2018-04": {
            "month": "2018-04",
            "price": "32.70",
            "revenue": 76120
        },
        "2018-05": {
            "month": "2018-05",
            "price": "31.17",
            "revenue": 90605
        },
        "2018-06": {
            "month": "2018-06",
            "price": "31.40",
            "revenue": 92495
        },
        "2018-07": {
            "month": "2018-07",
            "price": "32.62",
            "revenue": 101055
        },
        "2018-08": {
            "month": "2018-08",
            "price": "30.44",
            "revenue": 104465
        },
        "2018-09": {
            "month": "2018-09",
            "price": "30.01",
            "revenue": 107318
        },
        "2018-10": {
            "month": "2018-10",
            "price": "28.02",
            "revenue": 107477
        },
        "2018-11": {
            "month": "2018-11",
            "price": "23.61",
            "revenue": 108794
        },
        "2018-12": {
            "month": "2018-12",
            "price": "23.79",
            "revenue": 117256
        },
        "2019-01": {
            "month": "2019-01",
            "price": "27.49",
            "revenue": 131428
        },
        "2019-02": {
            "month": "2019-02",
            "price": "32.55",
            "revenue": 82021
        },
        "2019-03": {
            "month": "2019-03",
            "price": "33.50",
            "revenue": 102316
        },
        "2019-04": {
            "month": "2019-04",
            "price": "32.51",
            "revenue": 94168
        },
        "2019-05": {
            "month": "2019-05",
            "price": "37.15",
            "revenue": 97811
        },
        "2019-06": {
            "month": "2019-06",
            "price": "40.80",
            "revenue": 103685
        },
        "2019-07": {
            "month": "2019-07",
            "price": "44.06",
            "revenue": 102986
        },
        "2019-08": {
            "month": "2019-08",
            "price": "46.26",
            "revenue": 110502
        },
        "2019-09": {
            "month": "2019-09",
            "price": "46.50",
            "revenue": 119885
        },
        "2019-10": {
            "month": "2019-10",
            "price": "46.37",
            "revenue": 129830
        },
        "2019-11": {
            "month": "2019-11",
            "price": "46.75",
            "revenue": 111302
        },
        "2019-12": {
            "month": "2019-12",
            "price": "46.36",
            "revenue": 113519
        },
        "2020-01": {
            "month": "2020-01",
            "price": "45.67",
            "revenue": 171662
        },
        "2020-02": {
            "month": "2020-02",
            "price": "45.87",
            "revenue": 140754
        },
        "2020-03": {
            "month": "2020-03",
            "price": "46.50",
            "revenue": 137553
        },
        "2020-04": {
            "month": "2020-04",
            "price": "45.64",
            "revenue": 114981
        },
        "2020-05": {
            "month": "2020-05",
            "price": "45.94",
            "revenue": 117628
        },
        "2020-06": {
            "month": "2020-06",
            "price": "45.52",
            "revenue": 128792
        },
        "2020-07": {
            "month": "2020-07",
            "price": "46.55",
            "revenue": 114109
        },
        "2020-08": {
            "month": "2020-08",
            "price": "45.43",
            "revenue": 125062
        },
        "2020-09": {
            "month": "2020-09",
            "price": "45.03",
            "revenue": 136191
        },
        "2020-10": {
            "month": "2020-10",
            "price": "44.54",
            "revenue": 127861
        },
        "2020-11": {
            "month": "2020-11",
            "price": "43.28",
            "revenue": 123078
        },
        "2020-12": {
            "month": "2020-12",
            "price": "43.08",
            "revenue": 136234
        },
        "2021-01": {
            "month": "2021-01",
            "price": "41.11",
            "revenue": 163696
        },
        "2021-02": {
            "month": "2021-02",
            "price": "41.27",
            "revenue": 132343
        },
        "2021-03": {
            "month": "2021-03",
            "price": "40.89",
            "revenue": 155792
        },
        "2021-04": {
            "month": "2021-04",
            "price": "41.08",
            "revenue": 149342
        },
        "2021-05": {
            "month": "2021-05",
            "price": "41.33",
            "revenue": 168384
        },
        "2021-06": {
            "month": "2021-06",
            "price": "43.02",
            "revenue": 160109
        },
        "2021-07": {
            "month": "2021-07",
            "price": "47.55",
            "revenue": 176461
        },
        "2021-08": {
            "month": "2021-08",
            "price": "47.68",
            "revenue": 171288
        },
        "2021-09": {
            "month": "2021-09",
            "price": "47.20",
            "revenue": 172872
        },
        "2021-10": {
            "month": "2021-10",
            "price": "46.26",
            "revenue": 180681
        },
        "2021-11": {
            "month": "2021-11",
            "price": "47.53",
            "revenue": 182399
        },
        "2021-12": {
            "month": "2021-12",
            "price": "66.76",
            "revenue": 181739
        },
        "2022-01": {
            "month": "2022-01",
            "price": "68.41",
            "revenue": 214800
        },
        "2022-02": {
            "month": "2022-02",
            "price": "67.09",
            "revenue": 132920
        },
        "2022-03": {
            "month": "2022-03",
            "price": "59.60",
            "revenue": 218779
        },
        "2022-04": {
            "month": "2022-04",
            "price": "61.48",
            "revenue": 175467
        },
        "2022-05": {
            "month": "2022-05",
            "price": "60.64",
            "revenue": 182839
        },
        "2022-06": {
            "month": "2022-06",
            "price": "59.56",
            "revenue": 178596
        },
        "2022-07": {
            "month": "2022-07",
            "price": "59.21",
            "revenue": 171147
        },
        "2022-08": {
            "month": "2022-08",
            "price": "64.66",
            "revenue": 217985
        },
        "2022-09": {
            "month": "2022-09",
            "price": "71.47",
            "revenue": 188072
        },
        "2022-10": {
            "month": "2022-10",
            "price": "68.96",
            "revenue": 202616
        },
        "2022-11": {
            "month": "2022-11",
            "price": "109.29",
            "revenue": 201716
        },
        "2022-12": {
            "month": "2022-12",
            "price": "125.25",
            "revenue": 171377
        },
        "2023-01": {
            "month": "2023-01",
            "price": "102.69",
            "revenue": 189774
        },
        "2023-02": {
            "month": "2023-02",
            "price": "135.00",
            "revenue": 170199
        },
        "2023-03": {
            "month": "2023-03",
            "price": "170.54",
            "revenue": 183631
        },
        "2023-04": {
            "month": "2023-04",
            "price": "144.94",
            "revenue": 162974
        }
    }
}
