{
    "summary": {
        "stock_name": "欣普羅",
        "stock_id": "6560",
        "category": "光電",
        "main_business": "各類影像相關產品之設計、生產及銷售<br>各類影像處理系統之設計、生產及銷售<br>各類安全監控系統之設計、生產及銷售",
        "website_url": "http://www.appropho.com",
        "ceo": "陳義文",
        "pe_ratio": -122,
        "report_year_from": 2014,
        "report_year_to": 2023,
        "age": 10,
        "eps_negative_percentage": 13,
        "eps_growth_avg": {
            "last_all": -28.33,
            "last_2y": -39.51,
            "last_4y": -13.99,
            "last_8y": null,
            "last_12y": null,
            "last_16y": null,
            "last_20y": null,
            "at_2006_last_3y": null,
            "at_2007_last_3y": null,
            "at_2008_last_3y": null,
            "at_2009_last_3y": null,
            "at_2010_last_3y": null,
            "at_2011_last_3y": null,
            "at_2012_last_3y": null,
            "at_2013_last_3y": null,
            "at_2014_last_3y": null,
            "at_2015_last_3y": null,
            "at_2016_last_3y": null,
            "at_2017_last_3y": null,
            "at_2018_last_3y": null,
            "at_2019_last_3y": null,
            "at_2020_last_3y": -17.14,
            "at_2021_last_3y": 36.83,
            "at_2022_last_3y": 6.35,
            "at_2023_last_3y": -4.64,
            "at_2024_last_3y": -4.64,
            "at_2006_last_all": null,
            "at_2007_last_all": null,
            "at_2008_last_all": null,
            "at_2009_last_all": null,
            "at_2010_last_all": null,
            "at_2011_last_all": null,
            "at_2012_last_all": null,
            "at_2013_last_all": null,
            "at_2014_last_all": null,
            "at_2015_last_all": null,
            "at_2016_last_all": null,
            "at_2017_last_all": null,
            "at_2018_last_all": -100,
            "at_2019_last_all": -75.71,
            "at_2020_last_all": -17.14,
            "at_2021_last_all": 2.62,
            "at_2022_last_all": -14.92,
            "at_2023_last_all": -28.33,
            "at_2024_last_all": -28.33
        },
        "latest_eps": -0.25,
        "latest_price": 30.6,
        "latest_roe": -1.31,
        "latest_gross_margin": 30.63,
        "latest_equity": 472012,
        "latest_revenue": 38278,
        "latest_gross_profit": 11723,
        "latest_net_income": 8224,
        "latest_debt_ratio": 10.09,
        "latest_current_ratio": 918.7,
        "latest_account_receivable_turnover_ratio": 1.29,
        "latest_inventory_turnover_ratio": 0.47,
        "latest_reinvestment_rate": -2.64,
        "latest_research_to_sale_ratio": 34.24
    },
    "eps_dividends": {
        "2001": {
            "cash": 0,
            "stock": 0,
            "eps": 0
        },
        "2002": {
            "cash": 0,
            "stock": 0,
            "eps": 0
        },
        "2003": {
            "cash": 0,
            "stock": 0,
            "eps": 0
        },
        "2004": {
            "cash": 0,
            "stock": 0,
            "eps": 0
        },
        "2005": {
            "cash": 0,
            "stock": 0,
            "eps": 0
        },
        "2006": {
            "cash": 0,
            "stock": 0,
            "eps": 0
        },
        "2007": {
            "cash": 0,
            "stock": 0,
            "eps": 0
        },
        "2008": {
            "cash": 0,
            "stock": 0,
            "eps": 0
        },
        "2009": {
            "cash": 0,
            "stock": 0,
            "eps": 0
        },
        "2010": {
            "cash": 0,
            "stock": 0,
            "eps": 0
        },
        "2011": {
            "cash": 0,
            "stock": 0,
            "eps": 0
        },
        "2012": {
            "cash": 0,
            "stock": 0,
            "eps": 0
        },
        "2013": {
            "cash": 0,
            "stock": 0,
            "eps": 0
        },
        "2014": {
            "cash": 0,
            "stock": 0,
            "eps": 0
        },
        "2015": {
            "cash": 2.5,
            "stock": 0,
            "eps": 0
        },
        "2016": {
            "cash": 2.5,
            "stock": 0,
            "eps": 1.14
        },
        "2017": {
            "cash": 2,
            "stock": 0,
            "eps": -0.72
        },
        "2018": {
            "cash": 0,
            "stock": 0,
            "eps": 3.54
        },
        "2019": {
            "cash": 3,
            "stock": 0,
            "eps": 1.72
        },
        "2020": {
            "cash": 2,
            "stock": 0,
            "eps": 6.22
        },
        "2021": {
            "cash": 3,
            "stock": 1.5,
            "eps": 10.07
        },
        "2022": {
            "cash": 5,
            "stock": 2.5,
            "eps": 1.5
        },
        "2023": {
            "cash": 1,
            "stock": 0,
            "eps": 0.07
        }
    },
    "dividends": {
        "2015-05-21": {
            "cash": 2.5,
            "stock": 0
        },
        "2016-09-05": {
            "cash": 2.5,
            "stock": 0
        },
        "2017-09-05": {
            "cash": 2,
            "stock": 0
        },
        "2019-09-23": {
            "cash": 3,
            "stock": 0
        },
        "2020-09-07": {
            "cash": 2,
            "stock": 0
        },
        "2021-09-29": {
            "cash": 3,
            "stock": 1.5
        },
        "2022-08-12": {
            "cash": 5,
            "stock": 2.5
        },
        "2023-09-19": {
            "cash": 1,
            "stock": 0
        }
    },
    "prices": {
        "200101": "無",
        "200102": "無",
        "200103": "無",
        "200104": "無",
        "200105": "無",
        "200106": "無",
        "200107": "無",
        "200108": "無",
        "200109": "無",
        "200110": "無",
        "200111": "無",
        "200112": "無",
        "200201": "無",
        "200202": "無",
        "200203": "無",
        "200204": "無",
        "200205": "無",
        "200206": "無",
        "200207": "無",
        "200208": "無",
        "200209": "無",
        "200210": "無",
        "200211": "無",
        "200212": "無",
        "200301": "無",
        "200302": "無",
        "200303": "無",
        "200304": "無",
        "200305": "無",
        "200306": "無",
        "200307": "無",
        "200308": "無",
        "200309": "無",
        "200310": "無",
        "200311": "無",
        "200312": "無",
        "200401": "無",
        "200402": "無",
        "200403": "無",
        "200404": "無",
        "200405": "無",
        "200406": "無",
        "200407": "無",
        "200408": "無",
        "200409": "無",
        "200410": "無",
        "200411": "無",
        "200412": "無",
        "200501": "無",
        "200502": "無",
        "200503": "無",
        "200504": "無",
        "200505": "無",
        "200506": "無",
        "200507": "無",
        "200508": "無",
        "200509": "無",
        "200510": "無",
        "200511": "無",
        "200512": "無",
        "200601": "無",
        "200602": "無",
        "200603": "無",
        "200604": "無",
        "200605": "無",
        "200606": "無",
        "200607": "無",
        "200608": "無",
        "200609": "無",
        "200610": "無",
        "200611": "無",
        "200612": "無",
        "200701": "無",
        "200702": "無",
        "200703": "無",
        "200704": "無",
        "200705": "無",
        "200706": "無",
        "200707": "無",
        "200708": "無",
        "200709": "無",
        "200710": "無",
        "200711": "無",
        "200712": "無",
        "200801": "無",
        "200802": "無",
        "200803": "無",
        "200804": "無",
        "200805": "無",
        "200806": "無",
        "200807": "無",
        "200808": "無",
        "200809": "無",
        "200810": "無",
        "200811": "無",
        "200812": "無",
        "200901": "無",
        "200902": "無",
        "200903": "無",
        "200904": "無",
        "200905": "無",
        "200906": "無",
        "200907": "無",
        "200908": "無",
        "200909": "無",
        "200910": "無",
        "200911": "無",
        "200912": "無",
        "201001": "無",
        "201002": "無",
        "201003": "無",
        "201004": "無",
        "201005": "無",
        "201006": "無",
        "201007": "無",
        "201008": "無",
        "201009": "無",
        "201010": "無",
        "201011": "無",
        "201012": "無",
        "201101": "無",
        "201102": "無",
        "201103": "無",
        "201104": "無",
        "201105": "無",
        "201106": "無",
        "201107": "無",
        "201108": "無",
        "201109": "無",
        "201110": "無",
        "201111": "無",
        "201112": "無",
        "201201": "無",
        "201202": "無",
        "201203": "無",
        "201204": "無",
        "201205": "無",
        "201206": "無",
        "201207": "無",
        "201208": "無",
        "201209": "無",
        "201210": "無",
        "201211": "無",
        "201212": "無",
        "201301": "無",
        "201302": "無",
        "201303": "無",
        "201304": "無",
        "201305": "無",
        "201306": "無",
        "201307": "無",
        "201308": "無",
        "201309": "無",
        "201310": "無",
        "201311": "無",
        "201312": "無",
        "201401": "無",
        "201402": "無",
        "201403": "無",
        "201404": "無",
        "201405": "無",
        "201406": "無",
        "201407": "無",
        "201408": "無",
        "201409": "無",
        "201410": "無",
        "201411": "無",
        "201412": "無",
        "201501": "無",
        "201502": "無",
        "201503": "無",
        "201504": "無",
        "201505": "無",
        "201506": "無",
        "201507": "無",
        "201508": "無",
        "201509": "無",
        "201510": "無",
        "201511": "無",
        "201512": "無",
        "201601": "44.60",
        "201602": "43.61",
        "201603": "41.77",
        "201604": "40.03",
        "201605": "37.22",
        "201606": "36.74",
        "201607": "36.37",
        "201608": "36.27",
        "201609": "38.64",
        "201610": "39.91",
        "201611": "39.10",
        "201612": "40.34",
        "201701": "46.43",
        "201702": "91.17",
        "201703": "97.00",
        "201704": "77.87",
        "201705": "57.66",
        "201706": "70.97",
        "201707": "59.28",
        "201708": "50.49",
        "201709": "47.26",
        "201710": "40.09",
        "201711": "36.98",
        "201712": "34.47",
        "201801": "37.02",
        "201802": "45.72",
        "201803": "48.21",
        "201804": "50.38",
        "201805": "61.95",
        "201806": "67.14",
        "201807": "60.85",
        "201808": "57.04",
        "201809": "47.27",
        "201810": "40.72",
        "201811": "39.75",
        "201812": "41.67",
        "201901": "45.44",
        "201902": "45.77",
        "201903": "45.36",
        "201904": "45.11",
        "201905": "49.30",
        "201906": "48.91",
        "201907": "45.95",
        "201908": "41.83",
        "201909": "38.45",
        "201910": "36.92",
        "201911": "32.67",
        "201912": "34.14",
        "202001": "32.50",
        "202002": "29.78",
        "202003": "27.92",
        "202004": "28.19",
        "202005": "29.68",
        "202006": "31.50",
        "202007": "37.03",
        "202008": "52.07",
        "202009": "67.85",
        "202010": "68.98",
        "202011": "93.30",
        "202012": "96.17",
        "202101": "84.52",
        "202102": "87.63",
        "202103": "99.97",
        "202104": "118.68",
        "202105": "103.58",
        "202106": "107.37",
        "202107": "106.70",
        "202108": "103.99",
        "202109": "87.24",
        "202110": "79.94",
        "202111": "86.84",
        "202112": "78.46",
        "202201": "70.56",
        "202202": "67.83",
        "202203": "76.60",
        "202204": "69.81",
        "202205": "62.67",
        "202206": "55.52",
        "202207": "38.15",
        "202208": "36.56",
        "202209": "36.03",
        "202210": "32.44",
        "202211": "33.29",
        "202212": "36.44",
        "202301": "34.45",
        "202302": "34.37",
        "202303": "37.09",
        "202304": "36.81",
        "202305": "34.26",
        "202306": "33.17",
        "202307": "32.33",
        "202308": "30.33",
        "202309": "29.24",
        "202310": "29.12",
        "202311": "30.32",
        "202312": "32.37"
    },
    "quarters": {
        "20011": {
            "year_quarter": 20011,
            "year": 2001,
            "quarter": 1,
            "eps": null,
            "eps_growth_year": null,
            "eps_4q": null,
            "eps_4q_growth_year": null,
            "roe": null,
            "roe_4q": 0,
            "gross_profit": null,
            "gross_margin": null,
            "gross_margin_4q_avg": 0,
            "net_income": null,
            "net_income_4q": null,
            "revenue": null,
            "revenue_4q": null,
            "common_shares": null,
            "book_valuer_per_share": null,
            "book_valuer_per_share_4q_avg": 0,
            "equity": null,
            "current_ratio": null,
            "debt_ratio": null,
            "inventory_turnover_ratio": null,
            "account_receivable_turnover_ratio": null,
            "reinvestment_rate": null,
            "research_to_sale_ratio": null,
            "price_fair": 0,
            "eps_avg_yearly": 0,
            "eps_latest_yearly": 0,
            "eps_growth_yearly": 0
        },
        "20012": {
            "year_quarter": 20012,
            "year": 2001,
            "quarter": 2,
            "eps": null,
            "eps_growth_year": null,
            "eps_4q": null,
            "eps_4q_growth_year": null,
            "roe": null,
            "roe_4q": 0,
            "gross_profit": null,
            "gross_margin": null,
            "gross_margin_4q_avg": 0,
            "net_income": null,
            "net_income_4q": null,
            "revenue": null,
            "revenue_4q": null,
            "common_shares": null,
            "book_valuer_per_share": null,
            "book_valuer_per_share_4q_avg": 0,
            "equity": null,
            "current_ratio": null,
            "debt_ratio": null,
            "inventory_turnover_ratio": null,
            "account_receivable_turnover_ratio": null,
            "reinvestment_rate": null,
            "research_to_sale_ratio": null,
            "price_fair": 0,
            "eps_avg_yearly": 0,
            "eps_latest_yearly": 0,
            "eps_growth_yearly": 0
        },
        "20013": {
            "year_quarter": 20013,
            "year": 2001,
            "quarter": 3,
            "eps": null,
            "eps_growth_year": null,
            "eps_4q": null,
            "eps_4q_growth_year": null,
            "roe": null,
            "roe_4q": 0,
            "gross_profit": null,
            "gross_margin": null,
            "gross_margin_4q_avg": 0,
            "net_income": null,
            "net_income_4q": null,
            "revenue": null,
            "revenue_4q": null,
            "common_shares": null,
            "book_valuer_per_share": null,
            "book_valuer_per_share_4q_avg": 0,
            "equity": null,
            "current_ratio": null,
            "debt_ratio": null,
            "inventory_turnover_ratio": null,
            "account_receivable_turnover_ratio": null,
            "reinvestment_rate": null,
            "research_to_sale_ratio": null,
            "price_fair": 0,
            "eps_avg_yearly": 0,
            "eps_latest_yearly": 0,
            "eps_growth_yearly": 0
        },
        "20014": {
            "year_quarter": 20014,
            "year": 2001,
            "quarter": 4,
            "eps": null,
            "eps_growth_year": null,
            "eps_4q": null,
            "eps_4q_growth_year": null,
            "roe": null,
            "roe_4q": 0,
            "gross_profit": null,
            "gross_margin": null,
            "gross_margin_4q_avg": 0,
            "net_income": null,
            "net_income_4q": null,
            "revenue": null,
            "revenue_4q": null,
            "common_shares": null,
            "book_valuer_per_share": null,
            "book_valuer_per_share_4q_avg": 0,
            "equity": null,
            "current_ratio": null,
            "debt_ratio": null,
            "inventory_turnover_ratio": null,
            "account_receivable_turnover_ratio": null,
            "reinvestment_rate": null,
            "research_to_sale_ratio": null,
            "price_fair": 0,
            "eps_avg_yearly": 0,
            "eps_latest_yearly": 0,
            "eps_growth_yearly": 0
        },
        "20021": {
            "year_quarter": 20021,
            "year": 2002,
            "quarter": 1,
            "eps": null,
            "eps_growth_year": null,
            "eps_4q": null,
            "eps_4q_growth_year": null,
            "roe": null,
            "roe_4q": 0,
            "gross_profit": null,
            "gross_margin": null,
            "gross_margin_4q_avg": 0,
            "net_income": null,
            "net_income_4q": null,
            "revenue": null,
            "revenue_4q": null,
            "common_shares": null,
            "book_valuer_per_share": null,
            "book_valuer_per_share_4q_avg": 0,
            "equity": null,
            "current_ratio": null,
            "debt_ratio": null,
            "inventory_turnover_ratio": null,
            "account_receivable_turnover_ratio": null,
            "reinvestment_rate": null,
            "research_to_sale_ratio": null,
            "price_fair": 0,
            "eps_avg_yearly": 0,
            "eps_latest_yearly": 0,
            "eps_growth_yearly": 0
        },
        "20022": {
            "year_quarter": 20022,
            "year": 2002,
            "quarter": 2,
            "eps": null,
            "eps_growth_year": null,
            "eps_4q": null,
            "eps_4q_growth_year": null,
            "roe": null,
            "roe_4q": 0,
            "gross_profit": null,
            "gross_margin": null,
            "gross_margin_4q_avg": 0,
            "net_income": null,
            "net_income_4q": null,
            "revenue": null,
            "revenue_4q": null,
            "common_shares": null,
            "book_valuer_per_share": null,
            "book_valuer_per_share_4q_avg": 0,
            "equity": null,
            "current_ratio": null,
            "debt_ratio": null,
            "inventory_turnover_ratio": null,
            "account_receivable_turnover_ratio": null,
            "reinvestment_rate": null,
            "research_to_sale_ratio": null,
            "price_fair": 0,
            "eps_avg_yearly": 0,
            "eps_latest_yearly": 0,
            "eps_growth_yearly": 0
        },
        "20023": {
            "year_quarter": 20023,
            "year": 2002,
            "quarter": 3,
            "eps": null,
            "eps_growth_year": null,
            "eps_4q": null,
            "eps_4q_growth_year": null,
            "roe": null,
            "roe_4q": 0,
            "gross_profit": null,
            "gross_margin": null,
            "gross_margin_4q_avg": 0,
            "net_income": null,
            "net_income_4q": null,
            "revenue": null,
            "revenue_4q": null,
            "common_shares": null,
            "book_valuer_per_share": null,
            "book_valuer_per_share_4q_avg": 0,
            "equity": null,
            "current_ratio": null,
            "debt_ratio": null,
            "inventory_turnover_ratio": null,
            "account_receivable_turnover_ratio": null,
            "reinvestment_rate": null,
            "research_to_sale_ratio": null,
            "price_fair": 0,
            "eps_avg_yearly": 0,
            "eps_latest_yearly": 0,
            "eps_growth_yearly": 0
        },
        "20024": {
            "year_quarter": 20024,
            "year": 2002,
            "quarter": 4,
            "eps": null,
            "eps_growth_year": null,
            "eps_4q": null,
            "eps_4q_growth_year": null,
            "roe": null,
            "roe_4q": 0,
            "gross_profit": null,
            "gross_margin": null,
            "gross_margin_4q_avg": 0,
            "net_income": null,
            "net_income_4q": null,
            "revenue": null,
            "revenue_4q": null,
            "common_shares": null,
            "book_valuer_per_share": null,
            "book_valuer_per_share_4q_avg": 0,
            "equity": null,
            "current_ratio": null,
            "debt_ratio": null,
            "inventory_turnover_ratio": null,
            "account_receivable_turnover_ratio": null,
            "reinvestment_rate": null,
            "research_to_sale_ratio": null,
            "price_fair": 0,
            "eps_avg_yearly": 0,
            "eps_latest_yearly": 0,
            "eps_growth_yearly": 0
        },
        "20031": {
            "year_quarter": 20031,
            "year": 2003,
            "quarter": 1,
            "eps": null,
            "eps_growth_year": null,
            "eps_4q": null,
            "eps_4q_growth_year": null,
            "roe": null,
            "roe_4q": 0,
            "gross_profit": null,
            "gross_margin": null,
            "gross_margin_4q_avg": 0,
            "net_income": null,
            "net_income_4q": null,
            "revenue": null,
            "revenue_4q": null,
            "common_shares": null,
            "book_valuer_per_share": null,
            "book_valuer_per_share_4q_avg": 0,
            "equity": null,
            "current_ratio": null,
            "debt_ratio": null,
            "inventory_turnover_ratio": null,
            "account_receivable_turnover_ratio": null,
            "reinvestment_rate": null,
            "research_to_sale_ratio": null,
            "price_fair": 0,
            "eps_avg_yearly": 0,
            "eps_latest_yearly": 0,
            "eps_growth_yearly": 0
        },
        "20032": {
            "year_quarter": 20032,
            "year": 2003,
            "quarter": 2,
            "eps": null,
            "eps_growth_year": null,
            "eps_4q": null,
            "eps_4q_growth_year": null,
            "roe": null,
            "roe_4q": 0,
            "gross_profit": null,
            "gross_margin": null,
            "gross_margin_4q_avg": 0,
            "net_income": null,
            "net_income_4q": null,
            "revenue": null,
            "revenue_4q": null,
            "common_shares": null,
            "book_valuer_per_share": null,
            "book_valuer_per_share_4q_avg": 0,
            "equity": null,
            "current_ratio": null,
            "debt_ratio": null,
            "inventory_turnover_ratio": null,
            "account_receivable_turnover_ratio": null,
            "reinvestment_rate": null,
            "research_to_sale_ratio": null,
            "price_fair": 0,
            "eps_avg_yearly": 0,
            "eps_latest_yearly": 0,
            "eps_growth_yearly": 0
        },
        "20033": {
            "year_quarter": 20033,
            "year": 2003,
            "quarter": 3,
            "eps": null,
            "eps_growth_year": null,
            "eps_4q": null,
            "eps_4q_growth_year": null,
            "roe": null,
            "roe_4q": 0,
            "gross_profit": null,
            "gross_margin": null,
            "gross_margin_4q_avg": 0,
            "net_income": null,
            "net_income_4q": null,
            "revenue": null,
            "revenue_4q": null,
            "common_shares": null,
            "book_valuer_per_share": null,
            "book_valuer_per_share_4q_avg": 0,
            "equity": null,
            "current_ratio": null,
            "debt_ratio": null,
            "inventory_turnover_ratio": null,
            "account_receivable_turnover_ratio": null,
            "reinvestment_rate": null,
            "research_to_sale_ratio": null,
            "price_fair": 0,
            "eps_avg_yearly": 0,
            "eps_latest_yearly": 0,
            "eps_growth_yearly": 0
        },
        "20034": {
            "year_quarter": 20034,
            "year": 2003,
            "quarter": 4,
            "eps": null,
            "eps_growth_year": null,
            "eps_4q": null,
            "eps_4q_growth_year": null,
            "roe": null,
            "roe_4q": 0,
            "gross_profit": null,
            "gross_margin": null,
            "gross_margin_4q_avg": 0,
            "net_income": null,
            "net_income_4q": null,
            "revenue": null,
            "revenue_4q": null,
            "common_shares": null,
            "book_valuer_per_share": null,
            "book_valuer_per_share_4q_avg": 0,
            "equity": null,
            "current_ratio": null,
            "debt_ratio": null,
            "inventory_turnover_ratio": null,
            "account_receivable_turnover_ratio": null,
            "reinvestment_rate": null,
            "research_to_sale_ratio": null,
            "price_fair": 0,
            "eps_avg_yearly": 0,
            "eps_latest_yearly": 0,
            "eps_growth_yearly": 0
        },
        "20041": {
            "year_quarter": 20041,
            "year": 2004,
            "quarter": 1,
            "eps": null,
            "eps_growth_year": null,
            "eps_4q": null,
            "eps_4q_growth_year": null,
            "roe": null,
            "roe_4q": 0,
            "gross_profit": null,
            "gross_margin": null,
            "gross_margin_4q_avg": 0,
            "net_income": null,
            "net_income_4q": null,
            "revenue": null,
            "revenue_4q": null,
            "common_shares": null,
            "book_valuer_per_share": null,
            "book_valuer_per_share_4q_avg": 0,
            "equity": null,
            "current_ratio": null,
            "debt_ratio": null,
            "inventory_turnover_ratio": null,
            "account_receivable_turnover_ratio": null,
            "reinvestment_rate": null,
            "research_to_sale_ratio": null,
            "price_fair": 0,
            "eps_avg_yearly": 0,
            "eps_latest_yearly": 0,
            "eps_growth_yearly": 0
        },
        "20042": {
            "year_quarter": 20042,
            "year": 2004,
            "quarter": 2,
            "eps": null,
            "eps_growth_year": null,
            "eps_4q": null,
            "eps_4q_growth_year": null,
            "roe": null,
            "roe_4q": 0,
            "gross_profit": null,
            "gross_margin": null,
            "gross_margin_4q_avg": 0,
            "net_income": null,
            "net_income_4q": null,
            "revenue": null,
            "revenue_4q": null,
            "common_shares": null,
            "book_valuer_per_share": null,
            "book_valuer_per_share_4q_avg": 0,
            "equity": null,
            "current_ratio": null,
            "debt_ratio": null,
            "inventory_turnover_ratio": null,
            "account_receivable_turnover_ratio": null,
            "reinvestment_rate": null,
            "research_to_sale_ratio": null,
            "price_fair": 0,
            "eps_avg_yearly": 0,
            "eps_latest_yearly": 0,
            "eps_growth_yearly": 0
        },
        "20043": {
            "year_quarter": 20043,
            "year": 2004,
            "quarter": 3,
            "eps": null,
            "eps_growth_year": null,
            "eps_4q": null,
            "eps_4q_growth_year": null,
            "roe": null,
            "roe_4q": 0,
            "gross_profit": null,
            "gross_margin": null,
            "gross_margin_4q_avg": 0,
            "net_income": null,
            "net_income_4q": null,
            "revenue": null,
            "revenue_4q": null,
            "common_shares": null,
            "book_valuer_per_share": null,
            "book_valuer_per_share_4q_avg": 0,
            "equity": null,
            "current_ratio": null,
            "debt_ratio": null,
            "inventory_turnover_ratio": null,
            "account_receivable_turnover_ratio": null,
            "reinvestment_rate": null,
            "research_to_sale_ratio": null,
            "price_fair": 0,
            "eps_avg_yearly": 0,
            "eps_latest_yearly": 0,
            "eps_growth_yearly": 0
        },
        "20044": {
            "year_quarter": 20044,
            "year": 2004,
            "quarter": 4,
            "eps": null,
            "eps_growth_year": null,
            "eps_4q": null,
            "eps_4q_growth_year": null,
            "roe": null,
            "roe_4q": 0,
            "gross_profit": null,
            "gross_margin": null,
            "gross_margin_4q_avg": 0,
            "net_income": null,
            "net_income_4q": null,
            "revenue": null,
            "revenue_4q": null,
            "common_shares": null,
            "book_valuer_per_share": null,
            "book_valuer_per_share_4q_avg": 0,
            "equity": null,
            "current_ratio": null,
            "debt_ratio": null,
            "inventory_turnover_ratio": null,
            "account_receivable_turnover_ratio": null,
            "reinvestment_rate": null,
            "research_to_sale_ratio": null,
            "price_fair": 0,
            "eps_avg_yearly": 0,
            "eps_latest_yearly": 0,
            "eps_growth_yearly": 0
        },
        "20051": {
            "year_quarter": 20051,
            "year": 2005,
            "quarter": 1,
            "eps": null,
            "eps_growth_year": null,
            "eps_4q": null,
            "eps_4q_growth_year": null,
            "roe": null,
            "roe_4q": 0,
            "gross_profit": null,
            "gross_margin": null,
            "gross_margin_4q_avg": 0,
            "net_income": null,
            "net_income_4q": null,
            "revenue": null,
            "revenue_4q": null,
            "common_shares": null,
            "book_valuer_per_share": null,
            "book_valuer_per_share_4q_avg": 0,
            "equity": null,
            "current_ratio": null,
            "debt_ratio": null,
            "inventory_turnover_ratio": null,
            "account_receivable_turnover_ratio": null,
            "reinvestment_rate": null,
            "research_to_sale_ratio": null,
            "price_fair": 0,
            "eps_avg_yearly": 0,
            "eps_latest_yearly": 0,
            "eps_growth_yearly": 0
        },
        "20052": {
            "year_quarter": 20052,
            "year": 2005,
            "quarter": 2,
            "eps": null,
            "eps_growth_year": null,
            "eps_4q": null,
            "eps_4q_growth_year": null,
            "roe": null,
            "roe_4q": 0,
            "gross_profit": null,
            "gross_margin": null,
            "gross_margin_4q_avg": 0,
            "net_income": null,
            "net_income_4q": null,
            "revenue": null,
            "revenue_4q": null,
            "common_shares": null,
            "book_valuer_per_share": null,
            "book_valuer_per_share_4q_avg": 0,
            "equity": null,
            "current_ratio": null,
            "debt_ratio": null,
            "inventory_turnover_ratio": null,
            "account_receivable_turnover_ratio": null,
            "reinvestment_rate": null,
            "research_to_sale_ratio": null,
            "price_fair": 0,
            "eps_avg_yearly": 0,
            "eps_latest_yearly": 0,
            "eps_growth_yearly": 0
        },
        "20053": {
            "year_quarter": 20053,
            "year": 2005,
            "quarter": 3,
            "eps": null,
            "eps_growth_year": null,
            "eps_4q": null,
            "eps_4q_growth_year": null,
            "roe": null,
            "roe_4q": 0,
            "gross_profit": null,
            "gross_margin": null,
            "gross_margin_4q_avg": 0,
            "net_income": null,
            "net_income_4q": null,
            "revenue": null,
            "revenue_4q": null,
            "common_shares": null,
            "book_valuer_per_share": null,
            "book_valuer_per_share_4q_avg": 0,
            "equity": null,
            "current_ratio": null,
            "debt_ratio": null,
            "inventory_turnover_ratio": null,
            "account_receivable_turnover_ratio": null,
            "reinvestment_rate": null,
            "research_to_sale_ratio": null,
            "price_fair": 0,
            "eps_avg_yearly": 0,
            "eps_latest_yearly": 0,
            "eps_growth_yearly": 0
        },
        "20054": {
            "year_quarter": 20054,
            "year": 2005,
            "quarter": 4,
            "eps": null,
            "eps_growth_year": null,
            "eps_4q": null,
            "eps_4q_growth_year": null,
            "roe": null,
            "roe_4q": 0,
            "gross_profit": null,
            "gross_margin": null,
            "gross_margin_4q_avg": 0,
            "net_income": null,
            "net_income_4q": null,
            "revenue": null,
            "revenue_4q": null,
            "common_shares": null,
            "book_valuer_per_share": null,
            "book_valuer_per_share_4q_avg": 0,
            "equity": null,
            "current_ratio": null,
            "debt_ratio": null,
            "inventory_turnover_ratio": null,
            "account_receivable_turnover_ratio": null,
            "reinvestment_rate": null,
            "research_to_sale_ratio": null,
            "price_fair": 0,
            "eps_avg_yearly": 0,
            "eps_latest_yearly": 0,
            "eps_growth_yearly": 0
        },
        "20061": {
            "year_quarter": 20061,
            "year": 2006,
            "quarter": 1,
            "eps": null,
            "eps_growth_year": null,
            "eps_4q": null,
            "eps_4q_growth_year": null,
            "roe": null,
            "roe_4q": 0,
            "gross_profit": null,
            "gross_margin": null,
            "gross_margin_4q_avg": 0,
            "net_income": null,
            "net_income_4q": null,
            "revenue": null,
            "revenue_4q": null,
            "common_shares": null,
            "book_valuer_per_share": null,
            "book_valuer_per_share_4q_avg": 0,
            "equity": null,
            "current_ratio": null,
            "debt_ratio": null,
            "inventory_turnover_ratio": null,
            "account_receivable_turnover_ratio": null,
            "reinvestment_rate": null,
            "research_to_sale_ratio": null,
            "price_fair": 0,
            "eps_avg_yearly": 0,
            "eps_latest_yearly": 0,
            "eps_growth_yearly": 0
        },
        "20062": {
            "year_quarter": 20062,
            "year": 2006,
            "quarter": 2,
            "eps": null,
            "eps_growth_year": null,
            "eps_4q": null,
            "eps_4q_growth_year": null,
            "roe": null,
            "roe_4q": 0,
            "gross_profit": null,
            "gross_margin": null,
            "gross_margin_4q_avg": 0,
            "net_income": null,
            "net_income_4q": null,
            "revenue": null,
            "revenue_4q": null,
            "common_shares": null,
            "book_valuer_per_share": null,
            "book_valuer_per_share_4q_avg": 0,
            "equity": null,
            "current_ratio": null,
            "debt_ratio": null,
            "inventory_turnover_ratio": null,
            "account_receivable_turnover_ratio": null,
            "reinvestment_rate": null,
            "research_to_sale_ratio": null,
            "price_fair": 0,
            "eps_avg_yearly": 0,
            "eps_latest_yearly": 0,
            "eps_growth_yearly": 0
        },
        "20063": {
            "year_quarter": 20063,
            "year": 2006,
            "quarter": 3,
            "eps": null,
            "eps_growth_year": null,
            "eps_4q": null,
            "eps_4q_growth_year": null,
            "roe": null,
            "roe_4q": 0,
            "gross_profit": null,
            "gross_margin": null,
            "gross_margin_4q_avg": 0,
            "net_income": null,
            "net_income_4q": null,
            "revenue": null,
            "revenue_4q": null,
            "common_shares": null,
            "book_valuer_per_share": null,
            "book_valuer_per_share_4q_avg": 0,
            "equity": null,
            "current_ratio": null,
            "debt_ratio": null,
            "inventory_turnover_ratio": null,
            "account_receivable_turnover_ratio": null,
            "reinvestment_rate": null,
            "research_to_sale_ratio": null,
            "price_fair": 0,
            "eps_avg_yearly": 0,
            "eps_latest_yearly": 0,
            "eps_growth_yearly": 0
        },
        "20064": {
            "year_quarter": 20064,
            "year": 2006,
            "quarter": 4,
            "eps": null,
            "eps_growth_year": null,
            "eps_4q": null,
            "eps_4q_growth_year": null,
            "roe": null,
            "roe_4q": 0,
            "gross_profit": null,
            "gross_margin": null,
            "gross_margin_4q_avg": 0,
            "net_income": null,
            "net_income_4q": null,
            "revenue": null,
            "revenue_4q": null,
            "common_shares": null,
            "book_valuer_per_share": null,
            "book_valuer_per_share_4q_avg": 0,
            "equity": null,
            "current_ratio": null,
            "debt_ratio": null,
            "inventory_turnover_ratio": null,
            "account_receivable_turnover_ratio": null,
            "reinvestment_rate": null,
            "research_to_sale_ratio": null,
            "price_fair": 0,
            "eps_avg_yearly": 0,
            "eps_latest_yearly": 0,
            "eps_growth_yearly": 0
        },
        "20071": {
            "year_quarter": 20071,
            "year": 2007,
            "quarter": 1,
            "eps": null,
            "eps_growth_year": null,
            "eps_4q": null,
            "eps_4q_growth_year": null,
            "roe": null,
            "roe_4q": 0,
            "gross_profit": null,
            "gross_margin": null,
            "gross_margin_4q_avg": 0,
            "net_income": null,
            "net_income_4q": null,
            "revenue": null,
            "revenue_4q": null,
            "common_shares": null,
            "book_valuer_per_share": null,
            "book_valuer_per_share_4q_avg": 0,
            "equity": null,
            "current_ratio": null,
            "debt_ratio": null,
            "inventory_turnover_ratio": null,
            "account_receivable_turnover_ratio": null,
            "reinvestment_rate": null,
            "research_to_sale_ratio": null,
            "price_fair": 0,
            "eps_avg_yearly": 0,
            "eps_latest_yearly": 0,
            "eps_growth_yearly": 0
        },
        "20072": {
            "year_quarter": 20072,
            "year": 2007,
            "quarter": 2,
            "eps": null,
            "eps_growth_year": null,
            "eps_4q": null,
            "eps_4q_growth_year": null,
            "roe": null,
            "roe_4q": 0,
            "gross_profit": null,
            "gross_margin": null,
            "gross_margin_4q_avg": 0,
            "net_income": null,
            "net_income_4q": null,
            "revenue": null,
            "revenue_4q": null,
            "common_shares": null,
            "book_valuer_per_share": null,
            "book_valuer_per_share_4q_avg": 0,
            "equity": null,
            "current_ratio": null,
            "debt_ratio": null,
            "inventory_turnover_ratio": null,
            "account_receivable_turnover_ratio": null,
            "reinvestment_rate": null,
            "research_to_sale_ratio": null,
            "price_fair": 0,
            "eps_avg_yearly": 0,
            "eps_latest_yearly": 0,
            "eps_growth_yearly": 0
        },
        "20073": {
            "year_quarter": 20073,
            "year": 2007,
            "quarter": 3,
            "eps": null,
            "eps_growth_year": null,
            "eps_4q": null,
            "eps_4q_growth_year": null,
            "roe": null,
            "roe_4q": 0,
            "gross_profit": null,
            "gross_margin": null,
            "gross_margin_4q_avg": 0,
            "net_income": null,
            "net_income_4q": null,
            "revenue": null,
            "revenue_4q": null,
            "common_shares": null,
            "book_valuer_per_share": null,
            "book_valuer_per_share_4q_avg": 0,
            "equity": null,
            "current_ratio": null,
            "debt_ratio": null,
            "inventory_turnover_ratio": null,
            "account_receivable_turnover_ratio": null,
            "reinvestment_rate": null,
            "research_to_sale_ratio": null,
            "price_fair": 0,
            "eps_avg_yearly": 0,
            "eps_latest_yearly": 0,
            "eps_growth_yearly": 0
        },
        "20074": {
            "year_quarter": 20074,
            "year": 2007,
            "quarter": 4,
            "eps": null,
            "eps_growth_year": null,
            "eps_4q": null,
            "eps_4q_growth_year": null,
            "roe": null,
            "roe_4q": 0,
            "gross_profit": null,
            "gross_margin": null,
            "gross_margin_4q_avg": 0,
            "net_income": null,
            "net_income_4q": null,
            "revenue": null,
            "revenue_4q": null,
            "common_shares": null,
            "book_valuer_per_share": null,
            "book_valuer_per_share_4q_avg": 0,
            "equity": null,
            "current_ratio": null,
            "debt_ratio": null,
            "inventory_turnover_ratio": null,
            "account_receivable_turnover_ratio": null,
            "reinvestment_rate": null,
            "research_to_sale_ratio": null,
            "price_fair": 0,
            "eps_avg_yearly": 0,
            "eps_latest_yearly": 0,
            "eps_growth_yearly": 0
        },
        "20081": {
            "year_quarter": 20081,
            "year": 2008,
            "quarter": 1,
            "eps": null,
            "eps_growth_year": null,
            "eps_4q": null,
            "eps_4q_growth_year": null,
            "roe": null,
            "roe_4q": 0,
            "gross_profit": null,
            "gross_margin": null,
            "gross_margin_4q_avg": 0,
            "net_income": null,
            "net_income_4q": null,
            "revenue": null,
            "revenue_4q": null,
            "common_shares": null,
            "book_valuer_per_share": null,
            "book_valuer_per_share_4q_avg": 0,
            "equity": null,
            "current_ratio": null,
            "debt_ratio": null,
            "inventory_turnover_ratio": null,
            "account_receivable_turnover_ratio": null,
            "reinvestment_rate": null,
            "research_to_sale_ratio": null,
            "price_fair": 0,
            "eps_avg_yearly": 0,
            "eps_latest_yearly": 0,
            "eps_growth_yearly": 0
        },
        "20082": {
            "year_quarter": 20082,
            "year": 2008,
            "quarter": 2,
            "eps": null,
            "eps_growth_year": null,
            "eps_4q": null,
            "eps_4q_growth_year": null,
            "roe": null,
            "roe_4q": 0,
            "gross_profit": null,
            "gross_margin": null,
            "gross_margin_4q_avg": 0,
            "net_income": null,
            "net_income_4q": null,
            "revenue": null,
            "revenue_4q": null,
            "common_shares": null,
            "book_valuer_per_share": null,
            "book_valuer_per_share_4q_avg": 0,
            "equity": null,
            "current_ratio": null,
            "debt_ratio": null,
            "inventory_turnover_ratio": null,
            "account_receivable_turnover_ratio": null,
            "reinvestment_rate": null,
            "research_to_sale_ratio": null,
            "price_fair": 0,
            "eps_avg_yearly": 0,
            "eps_latest_yearly": 0,
            "eps_growth_yearly": 0
        },
        "20083": {
            "year_quarter": 20083,
            "year": 2008,
            "quarter": 3,
            "eps": null,
            "eps_growth_year": null,
            "eps_4q": null,
            "eps_4q_growth_year": null,
            "roe": null,
            "roe_4q": 0,
            "gross_profit": null,
            "gross_margin": null,
            "gross_margin_4q_avg": 0,
            "net_income": null,
            "net_income_4q": null,
            "revenue": null,
            "revenue_4q": null,
            "common_shares": null,
            "book_valuer_per_share": null,
            "book_valuer_per_share_4q_avg": 0,
            "equity": null,
            "current_ratio": null,
            "debt_ratio": null,
            "inventory_turnover_ratio": null,
            "account_receivable_turnover_ratio": null,
            "reinvestment_rate": null,
            "research_to_sale_ratio": null,
            "price_fair": 0,
            "eps_avg_yearly": 0,
            "eps_latest_yearly": 0,
            "eps_growth_yearly": 0
        },
        "20084": {
            "year_quarter": 20084,
            "year": 2008,
            "quarter": 4,
            "eps": null,
            "eps_growth_year": null,
            "eps_4q": null,
            "eps_4q_growth_year": null,
            "roe": null,
            "roe_4q": 0,
            "gross_profit": null,
            "gross_margin": null,
            "gross_margin_4q_avg": 0,
            "net_income": null,
            "net_income_4q": null,
            "revenue": null,
            "revenue_4q": null,
            "common_shares": null,
            "book_valuer_per_share": null,
            "book_valuer_per_share_4q_avg": 0,
            "equity": null,
            "current_ratio": null,
            "debt_ratio": null,
            "inventory_turnover_ratio": null,
            "account_receivable_turnover_ratio": null,
            "reinvestment_rate": null,
            "research_to_sale_ratio": null,
            "price_fair": 0,
            "eps_avg_yearly": 0,
            "eps_latest_yearly": 0,
            "eps_growth_yearly": 0
        },
        "20091": {
            "year_quarter": 20091,
            "year": 2009,
            "quarter": 1,
            "eps": null,
            "eps_growth_year": null,
            "eps_4q": null,
            "eps_4q_growth_year": null,
            "roe": null,
            "roe_4q": 0,
            "gross_profit": null,
            "gross_margin": null,
            "gross_margin_4q_avg": 0,
            "net_income": null,
            "net_income_4q": null,
            "revenue": null,
            "revenue_4q": null,
            "common_shares": null,
            "book_valuer_per_share": null,
            "book_valuer_per_share_4q_avg": 0,
            "equity": null,
            "current_ratio": null,
            "debt_ratio": null,
            "inventory_turnover_ratio": null,
            "account_receivable_turnover_ratio": null,
            "reinvestment_rate": null,
            "research_to_sale_ratio": null,
            "price_fair": 0,
            "eps_avg_yearly": 0,
            "eps_latest_yearly": 0,
            "eps_growth_yearly": 0
        },
        "20092": {
            "year_quarter": 20092,
            "year": 2009,
            "quarter": 2,
            "eps": null,
            "eps_growth_year": null,
            "eps_4q": null,
            "eps_4q_growth_year": null,
            "roe": null,
            "roe_4q": 0,
            "gross_profit": null,
            "gross_margin": null,
            "gross_margin_4q_avg": 0,
            "net_income": null,
            "net_income_4q": null,
            "revenue": null,
            "revenue_4q": null,
            "common_shares": null,
            "book_valuer_per_share": null,
            "book_valuer_per_share_4q_avg": 0,
            "equity": null,
            "current_ratio": null,
            "debt_ratio": null,
            "inventory_turnover_ratio": null,
            "account_receivable_turnover_ratio": null,
            "reinvestment_rate": null,
            "research_to_sale_ratio": null,
            "price_fair": 0,
            "eps_avg_yearly": 0,
            "eps_latest_yearly": 0,
            "eps_growth_yearly": 0
        },
        "20093": {
            "year_quarter": 20093,
            "year": 2009,
            "quarter": 3,
            "eps": null,
            "eps_growth_year": null,
            "eps_4q": null,
            "eps_4q_growth_year": null,
            "roe": null,
            "roe_4q": 0,
            "gross_profit": null,
            "gross_margin": null,
            "gross_margin_4q_avg": 0,
            "net_income": null,
            "net_income_4q": null,
            "revenue": null,
            "revenue_4q": null,
            "common_shares": null,
            "book_valuer_per_share": null,
            "book_valuer_per_share_4q_avg": 0,
            "equity": null,
            "current_ratio": null,
            "debt_ratio": null,
            "inventory_turnover_ratio": null,
            "account_receivable_turnover_ratio": null,
            "reinvestment_rate": null,
            "research_to_sale_ratio": null,
            "price_fair": 0,
            "eps_avg_yearly": 0,
            "eps_latest_yearly": 0,
            "eps_growth_yearly": 0
        },
        "20094": {
            "year_quarter": 20094,
            "year": 2009,
            "quarter": 4,
            "eps": null,
            "eps_growth_year": null,
            "eps_4q": null,
            "eps_4q_growth_year": null,
            "roe": null,
            "roe_4q": 0,
            "gross_profit": null,
            "gross_margin": null,
            "gross_margin_4q_avg": 0,
            "net_income": null,
            "net_income_4q": null,
            "revenue": null,
            "revenue_4q": null,
            "common_shares": null,
            "book_valuer_per_share": null,
            "book_valuer_per_share_4q_avg": 0,
            "equity": null,
            "current_ratio": null,
            "debt_ratio": null,
            "inventory_turnover_ratio": null,
            "account_receivable_turnover_ratio": null,
            "reinvestment_rate": null,
            "research_to_sale_ratio": null,
            "price_fair": 0,
            "eps_avg_yearly": 0,
            "eps_latest_yearly": 0,
            "eps_growth_yearly": 0
        },
        "20101": {
            "year_quarter": 20101,
            "year": 2010,
            "quarter": 1,
            "eps": null,
            "eps_growth_year": null,
            "eps_4q": null,
            "eps_4q_growth_year": null,
            "roe": null,
            "roe_4q": 0,
            "gross_profit": null,
            "gross_margin": null,
            "gross_margin_4q_avg": 0,
            "net_income": null,
            "net_income_4q": null,
            "revenue": null,
            "revenue_4q": null,
            "common_shares": null,
            "book_valuer_per_share": null,
            "book_valuer_per_share_4q_avg": 0,
            "equity": null,
            "current_ratio": null,
            "debt_ratio": null,
            "inventory_turnover_ratio": null,
            "account_receivable_turnover_ratio": null,
            "reinvestment_rate": null,
            "research_to_sale_ratio": null,
            "price_fair": 0,
            "eps_avg_yearly": 0,
            "eps_latest_yearly": 0,
            "eps_growth_yearly": 0
        },
        "20102": {
            "year_quarter": 20102,
            "year": 2010,
            "quarter": 2,
            "eps": null,
            "eps_growth_year": null,
            "eps_4q": null,
            "eps_4q_growth_year": null,
            "roe": null,
            "roe_4q": 0,
            "gross_profit": null,
            "gross_margin": null,
            "gross_margin_4q_avg": 0,
            "net_income": null,
            "net_income_4q": null,
            "revenue": null,
            "revenue_4q": null,
            "common_shares": null,
            "book_valuer_per_share": null,
            "book_valuer_per_share_4q_avg": 0,
            "equity": null,
            "current_ratio": null,
            "debt_ratio": null,
            "inventory_turnover_ratio": null,
            "account_receivable_turnover_ratio": null,
            "reinvestment_rate": null,
            "research_to_sale_ratio": null,
            "price_fair": 0,
            "eps_avg_yearly": 0,
            "eps_latest_yearly": 0,
            "eps_growth_yearly": 0
        },
        "20103": {
            "year_quarter": 20103,
            "year": 2010,
            "quarter": 3,
            "eps": null,
            "eps_growth_year": null,
            "eps_4q": null,
            "eps_4q_growth_year": null,
            "roe": null,
            "roe_4q": 0,
            "gross_profit": null,
            "gross_margin": null,
            "gross_margin_4q_avg": 0,
            "net_income": null,
            "net_income_4q": null,
            "revenue": null,
            "revenue_4q": null,
            "common_shares": null,
            "book_valuer_per_share": null,
            "book_valuer_per_share_4q_avg": 0,
            "equity": null,
            "current_ratio": null,
            "debt_ratio": null,
            "inventory_turnover_ratio": null,
            "account_receivable_turnover_ratio": null,
            "reinvestment_rate": null,
            "research_to_sale_ratio": null,
            "price_fair": 0,
            "eps_avg_yearly": 0,
            "eps_latest_yearly": 0,
            "eps_growth_yearly": 0
        },
        "20104": {
            "year_quarter": 20104,
            "year": 2010,
            "quarter": 4,
            "eps": null,
            "eps_growth_year": null,
            "eps_4q": null,
            "eps_4q_growth_year": null,
            "roe": null,
            "roe_4q": 0,
            "gross_profit": null,
            "gross_margin": null,
            "gross_margin_4q_avg": 0,
            "net_income": null,
            "net_income_4q": null,
            "revenue": null,
            "revenue_4q": null,
            "common_shares": null,
            "book_valuer_per_share": null,
            "book_valuer_per_share_4q_avg": 0,
            "equity": null,
            "current_ratio": null,
            "debt_ratio": null,
            "inventory_turnover_ratio": null,
            "account_receivable_turnover_ratio": null,
            "reinvestment_rate": null,
            "research_to_sale_ratio": null,
            "price_fair": 0,
            "eps_avg_yearly": 0,
            "eps_latest_yearly": 0,
            "eps_growth_yearly": 0
        },
        "20111": {
            "year_quarter": 20111,
            "year": 2011,
            "quarter": 1,
            "eps": null,
            "eps_growth_year": null,
            "eps_4q": null,
            "eps_4q_growth_year": null,
            "roe": null,
            "roe_4q": 0,
            "gross_profit": null,
            "gross_margin": null,
            "gross_margin_4q_avg": 0,
            "net_income": null,
            "net_income_4q": null,
            "revenue": null,
            "revenue_4q": null,
            "common_shares": null,
            "book_valuer_per_share": null,
            "book_valuer_per_share_4q_avg": 0,
            "equity": null,
            "current_ratio": null,
            "debt_ratio": null,
            "inventory_turnover_ratio": null,
            "account_receivable_turnover_ratio": null,
            "reinvestment_rate": null,
            "research_to_sale_ratio": null,
            "price_fair": 0,
            "eps_avg_yearly": 0,
            "eps_latest_yearly": 0,
            "eps_growth_yearly": 0
        },
        "20112": {
            "year_quarter": 20112,
            "year": 2011,
            "quarter": 2,
            "eps": null,
            "eps_growth_year": null,
            "eps_4q": null,
            "eps_4q_growth_year": null,
            "roe": null,
            "roe_4q": 0,
            "gross_profit": null,
            "gross_margin": null,
            "gross_margin_4q_avg": 0,
            "net_income": null,
            "net_income_4q": null,
            "revenue": null,
            "revenue_4q": null,
            "common_shares": null,
            "book_valuer_per_share": null,
            "book_valuer_per_share_4q_avg": 0,
            "equity": null,
            "current_ratio": null,
            "debt_ratio": null,
            "inventory_turnover_ratio": null,
            "account_receivable_turnover_ratio": null,
            "reinvestment_rate": null,
            "research_to_sale_ratio": null,
            "price_fair": 0,
            "eps_avg_yearly": 0,
            "eps_latest_yearly": 0,
            "eps_growth_yearly": 0
        },
        "20113": {
            "year_quarter": 20113,
            "year": 2011,
            "quarter": 3,
            "eps": null,
            "eps_growth_year": null,
            "eps_4q": null,
            "eps_4q_growth_year": null,
            "roe": null,
            "roe_4q": 0,
            "gross_profit": null,
            "gross_margin": null,
            "gross_margin_4q_avg": 0,
            "net_income": null,
            "net_income_4q": null,
            "revenue": null,
            "revenue_4q": null,
            "common_shares": null,
            "book_valuer_per_share": null,
            "book_valuer_per_share_4q_avg": 0,
            "equity": null,
            "current_ratio": null,
            "debt_ratio": null,
            "inventory_turnover_ratio": null,
            "account_receivable_turnover_ratio": null,
            "reinvestment_rate": null,
            "research_to_sale_ratio": null,
            "price_fair": 0,
            "eps_avg_yearly": 0,
            "eps_latest_yearly": 0,
            "eps_growth_yearly": 0
        },
        "20114": {
            "year_quarter": 20114,
            "year": 2011,
            "quarter": 4,
            "eps": null,
            "eps_growth_year": null,
            "eps_4q": null,
            "eps_4q_growth_year": null,
            "roe": null,
            "roe_4q": 0,
            "gross_profit": null,
            "gross_margin": null,
            "gross_margin_4q_avg": 0,
            "net_income": null,
            "net_income_4q": null,
            "revenue": null,
            "revenue_4q": null,
            "common_shares": null,
            "book_valuer_per_share": null,
            "book_valuer_per_share_4q_avg": 0,
            "equity": null,
            "current_ratio": null,
            "debt_ratio": null,
            "inventory_turnover_ratio": null,
            "account_receivable_turnover_ratio": null,
            "reinvestment_rate": null,
            "research_to_sale_ratio": null,
            "price_fair": 0,
            "eps_avg_yearly": 0,
            "eps_latest_yearly": 0,
            "eps_growth_yearly": 0
        },
        "20121": {
            "year_quarter": 20121,
            "year": 2012,
            "quarter": 1,
            "eps": null,
            "eps_growth_year": null,
            "eps_4q": null,
            "eps_4q_growth_year": null,
            "roe": null,
            "roe_4q": 0,
            "gross_profit": null,
            "gross_margin": null,
            "gross_margin_4q_avg": 0,
            "net_income": null,
            "net_income_4q": null,
            "revenue": null,
            "revenue_4q": null,
            "common_shares": null,
            "book_valuer_per_share": null,
            "book_valuer_per_share_4q_avg": 0,
            "equity": null,
            "current_ratio": null,
            "debt_ratio": null,
            "inventory_turnover_ratio": null,
            "account_receivable_turnover_ratio": null,
            "reinvestment_rate": null,
            "research_to_sale_ratio": null,
            "price_fair": 0,
            "eps_avg_yearly": 0,
            "eps_latest_yearly": 0,
            "eps_growth_yearly": 0
        },
        "20122": {
            "year_quarter": 20122,
            "year": 2012,
            "quarter": 2,
            "eps": null,
            "eps_growth_year": null,
            "eps_4q": null,
            "eps_4q_growth_year": null,
            "roe": null,
            "roe_4q": 0,
            "gross_profit": null,
            "gross_margin": null,
            "gross_margin_4q_avg": 0,
            "net_income": null,
            "net_income_4q": null,
            "revenue": null,
            "revenue_4q": null,
            "common_shares": null,
            "book_valuer_per_share": null,
            "book_valuer_per_share_4q_avg": 0,
            "equity": null,
            "current_ratio": null,
            "debt_ratio": null,
            "inventory_turnover_ratio": null,
            "account_receivable_turnover_ratio": null,
            "reinvestment_rate": null,
            "research_to_sale_ratio": null,
            "price_fair": 0,
            "eps_avg_yearly": 0,
            "eps_latest_yearly": 0,
            "eps_growth_yearly": 0
        },
        "20123": {
            "year_quarter": 20123,
            "year": 2012,
            "quarter": 3,
            "eps": null,
            "eps_growth_year": null,
            "eps_4q": null,
            "eps_4q_growth_year": null,
            "roe": null,
            "roe_4q": 0,
            "gross_profit": null,
            "gross_margin": null,
            "gross_margin_4q_avg": 0,
            "net_income": null,
            "net_income_4q": null,
            "revenue": null,
            "revenue_4q": null,
            "common_shares": null,
            "book_valuer_per_share": null,
            "book_valuer_per_share_4q_avg": 0,
            "equity": null,
            "current_ratio": null,
            "debt_ratio": null,
            "inventory_turnover_ratio": null,
            "account_receivable_turnover_ratio": null,
            "reinvestment_rate": null,
            "research_to_sale_ratio": null,
            "price_fair": 0,
            "eps_avg_yearly": 0,
            "eps_latest_yearly": 0,
            "eps_growth_yearly": 0
        },
        "20124": {
            "year_quarter": 20124,
            "year": 2012,
            "quarter": 4,
            "eps": null,
            "eps_growth_year": null,
            "eps_4q": null,
            "eps_4q_growth_year": null,
            "roe": null,
            "roe_4q": 0,
            "gross_profit": null,
            "gross_margin": null,
            "gross_margin_4q_avg": 0,
            "net_income": null,
            "net_income_4q": null,
            "revenue": null,
            "revenue_4q": null,
            "common_shares": null,
            "book_valuer_per_share": null,
            "book_valuer_per_share_4q_avg": 0,
            "equity": null,
            "current_ratio": null,
            "debt_ratio": null,
            "inventory_turnover_ratio": null,
            "account_receivable_turnover_ratio": null,
            "reinvestment_rate": null,
            "research_to_sale_ratio": null,
            "price_fair": 0,
            "eps_avg_yearly": 0,
            "eps_latest_yearly": 0,
            "eps_growth_yearly": 0
        },
        "20131": {
            "year_quarter": 20131,
            "year": 2013,
            "quarter": 1,
            "eps": null,
            "eps_growth_year": null,
            "eps_4q": null,
            "eps_4q_growth_year": null,
            "roe": null,
            "roe_4q": 0,
            "gross_profit": null,
            "gross_margin": null,
            "gross_margin_4q_avg": 0,
            "net_income": null,
            "net_income_4q": null,
            "revenue": null,
            "revenue_4q": null,
            "common_shares": null,
            "book_valuer_per_share": null,
            "book_valuer_per_share_4q_avg": 0,
            "equity": null,
            "current_ratio": null,
            "debt_ratio": null,
            "inventory_turnover_ratio": null,
            "account_receivable_turnover_ratio": null,
            "reinvestment_rate": null,
            "research_to_sale_ratio": null,
            "price_fair": 0,
            "eps_avg_yearly": 0,
            "eps_latest_yearly": 0,
            "eps_growth_yearly": 0
        },
        "20132": {
            "year_quarter": 20132,
            "year": 2013,
            "quarter": 2,
            "eps": null,
            "eps_growth_year": null,
            "eps_4q": null,
            "eps_4q_growth_year": null,
            "roe": null,
            "roe_4q": 0,
            "gross_profit": null,
            "gross_margin": null,
            "gross_margin_4q_avg": 0,
            "net_income": null,
            "net_income_4q": null,
            "revenue": null,
            "revenue_4q": null,
            "common_shares": null,
            "book_valuer_per_share": null,
            "book_valuer_per_share_4q_avg": 0,
            "equity": null,
            "current_ratio": null,
            "debt_ratio": null,
            "inventory_turnover_ratio": null,
            "account_receivable_turnover_ratio": null,
            "reinvestment_rate": null,
            "research_to_sale_ratio": null,
            "price_fair": 0,
            "eps_avg_yearly": 0,
            "eps_latest_yearly": 0,
            "eps_growth_yearly": 0
        },
        "20133": {
            "year_quarter": 20133,
            "year": 2013,
            "quarter": 3,
            "eps": null,
            "eps_growth_year": null,
            "eps_4q": null,
            "eps_4q_growth_year": null,
            "roe": null,
            "roe_4q": 0,
            "gross_profit": null,
            "gross_margin": null,
            "gross_margin_4q_avg": 0,
            "net_income": null,
            "net_income_4q": null,
            "revenue": null,
            "revenue_4q": null,
            "common_shares": null,
            "book_valuer_per_share": null,
            "book_valuer_per_share_4q_avg": 0,
            "equity": null,
            "current_ratio": null,
            "debt_ratio": null,
            "inventory_turnover_ratio": null,
            "account_receivable_turnover_ratio": null,
            "reinvestment_rate": null,
            "research_to_sale_ratio": null,
            "price_fair": 0,
            "eps_avg_yearly": 0,
            "eps_latest_yearly": 0,
            "eps_growth_yearly": 0
        },
        "20134": {
            "year_quarter": 20134,
            "year": 2013,
            "quarter": 4,
            "eps": null,
            "eps_growth_year": null,
            "eps_4q": null,
            "eps_4q_growth_year": null,
            "roe": null,
            "roe_4q": 0,
            "gross_profit": null,
            "gross_margin": null,
            "gross_margin_4q_avg": 0,
            "net_income": null,
            "net_income_4q": null,
            "revenue": null,
            "revenue_4q": null,
            "common_shares": null,
            "book_valuer_per_share": null,
            "book_valuer_per_share_4q_avg": 0,
            "equity": null,
            "current_ratio": null,
            "debt_ratio": null,
            "inventory_turnover_ratio": null,
            "account_receivable_turnover_ratio": null,
            "reinvestment_rate": null,
            "research_to_sale_ratio": null,
            "price_fair": 0,
            "eps_avg_yearly": 0,
            "eps_latest_yearly": 0,
            "eps_growth_yearly": 0
        },
        "20141": {
            "year_quarter": 20141,
            "year": 2014,
            "quarter": 1,
            "eps": null,
            "eps_growth_year": null,
            "eps_4q": null,
            "eps_4q_growth_year": null,
            "roe": null,
            "roe_4q": 0,
            "gross_profit": null,
            "gross_margin": null,
            "gross_margin_4q_avg": 0,
            "net_income": null,
            "net_income_4q": null,
            "revenue": null,
            "revenue_4q": null,
            "common_shares": null,
            "book_valuer_per_share": null,
            "book_valuer_per_share_4q_avg": 0,
            "equity": null,
            "current_ratio": null,
            "debt_ratio": null,
            "inventory_turnover_ratio": null,
            "account_receivable_turnover_ratio": null,
            "reinvestment_rate": null,
            "research_to_sale_ratio": null,
            "price_fair": 0,
            "eps_avg_yearly": 0,
            "eps_latest_yearly": 0,
            "eps_growth_yearly": 0
        },
        "20142": {
            "year_quarter": 20142,
            "year": 2014,
            "quarter": 2,
            "eps": null,
            "eps_growth_year": null,
            "eps_4q": null,
            "eps_4q_growth_year": null,
            "roe": null,
            "roe_4q": 0,
            "gross_profit": null,
            "gross_margin": null,
            "gross_margin_4q_avg": 0,
            "net_income": null,
            "net_income_4q": null,
            "revenue": null,
            "revenue_4q": null,
            "common_shares": 135395,
            "book_valuer_per_share": null,
            "book_valuer_per_share_4q_avg": 0,
            "equity": 230748,
            "current_ratio": null,
            "debt_ratio": null,
            "inventory_turnover_ratio": null,
            "account_receivable_turnover_ratio": null,
            "reinvestment_rate": null,
            "research_to_sale_ratio": null,
            "price_fair": 0,
            "eps_avg_yearly": 0,
            "eps_latest_yearly": 0,
            "eps_growth_yearly": 0
        },
        "20143": {
            "year_quarter": 20143,
            "year": 2014,
            "quarter": 3,
            "eps": null,
            "eps_growth_year": null,
            "eps_4q": null,
            "eps_4q_growth_year": null,
            "roe": null,
            "roe_4q": 0,
            "gross_profit": null,
            "gross_margin": null,
            "gross_margin_4q_avg": 0,
            "net_income": null,
            "net_income_4q": null,
            "revenue": null,
            "revenue_4q": null,
            "common_shares": null,
            "book_valuer_per_share": null,
            "book_valuer_per_share_4q_avg": 0,
            "equity": null,
            "current_ratio": null,
            "debt_ratio": null,
            "inventory_turnover_ratio": null,
            "account_receivable_turnover_ratio": null,
            "reinvestment_rate": null,
            "research_to_sale_ratio": null,
            "price_fair": 0,
            "eps_avg_yearly": 0,
            "eps_latest_yearly": 0,
            "eps_growth_yearly": 0
        },
        "20144": {
            "year_quarter": 20144,
            "year": 2014,
            "quarter": 4,
            "eps": null,
            "eps_growth_year": null,
            "eps_4q": null,
            "eps_4q_growth_year": null,
            "roe": null,
            "roe_4q": 0,
            "gross_profit": null,
            "gross_margin": null,
            "gross_margin_4q_avg": 0,
            "net_income": null,
            "net_income_4q": null,
            "revenue": null,
            "revenue_4q": null,
            "common_shares": 148935,
            "book_valuer_per_share": null,
            "book_valuer_per_share_4q_avg": 0,
            "equity": 252388,
            "current_ratio": null,
            "debt_ratio": null,
            "inventory_turnover_ratio": null,
            "account_receivable_turnover_ratio": null,
            "reinvestment_rate": null,
            "research_to_sale_ratio": null,
            "price_fair": 0,
            "eps_avg_yearly": 0,
            "eps_latest_yearly": 0,
            "eps_growth_yearly": 0
        },
        "20151": {
            "year_quarter": 20151,
            "year": 2015,
            "quarter": 1,
            "eps": null,
            "eps_growth_year": null,
            "eps_4q": null,
            "eps_4q_growth_year": null,
            "roe": null,
            "roe_4q": 0,
            "gross_profit": null,
            "gross_margin": null,
            "gross_margin_4q_avg": 0,
            "net_income": null,
            "net_income_4q": null,
            "revenue": null,
            "revenue_4q": null,
            "common_shares": null,
            "book_valuer_per_share": null,
            "book_valuer_per_share_4q_avg": 0,
            "equity": null,
            "current_ratio": null,
            "debt_ratio": null,
            "inventory_turnover_ratio": null,
            "account_receivable_turnover_ratio": null,
            "reinvestment_rate": null,
            "research_to_sale_ratio": null,
            "price_fair": 0,
            "eps_avg_yearly": 0,
            "eps_latest_yearly": 0,
            "eps_growth_yearly": 0
        },
        "20152": {
            "year_quarter": 20152,
            "year": 2015,
            "quarter": 2,
            "eps": null,
            "eps_growth_year": null,
            "eps_4q": null,
            "eps_4q_growth_year": null,
            "roe": null,
            "roe_4q": 0,
            "gross_profit": null,
            "gross_margin": null,
            "gross_margin_4q_avg": 0,
            "net_income": null,
            "net_income_4q": null,
            "revenue": null,
            "revenue_4q": null,
            "common_shares": 148935,
            "book_valuer_per_share": 15.62,
            "book_valuer_per_share_4q_avg": 3.91,
            "equity": 232582,
            "current_ratio": 370.12,
            "debt_ratio": 30.14,
            "inventory_turnover_ratio": null,
            "account_receivable_turnover_ratio": null,
            "reinvestment_rate": null,
            "research_to_sale_ratio": null,
            "price_fair": 0,
            "eps_avg_yearly": 0,
            "eps_latest_yearly": 0,
            "eps_growth_yearly": 0
        },
        "20153": {
            "year_quarter": 20153,
            "year": 2015,
            "quarter": 3,
            "eps": null,
            "eps_growth_year": null,
            "eps_4q": null,
            "eps_4q_growth_year": null,
            "roe": null,
            "roe_4q": 0,
            "gross_profit": 33747,
            "gross_margin": null,
            "gross_margin_4q_avg": 0,
            "net_income": 19310,
            "net_income_4q": null,
            "revenue": 59652,
            "revenue_4q": null,
            "common_shares": 148935,
            "book_valuer_per_share": null,
            "book_valuer_per_share_4q_avg": 3.91,
            "equity": 251892,
            "current_ratio": null,
            "debt_ratio": null,
            "inventory_turnover_ratio": null,
            "account_receivable_turnover_ratio": null,
            "reinvestment_rate": null,
            "research_to_sale_ratio": null,
            "price_fair": 0,
            "eps_avg_yearly": 0,
            "eps_latest_yearly": 0,
            "eps_growth_yearly": 0
        },
        "20154": {
            "year_quarter": 20154,
            "year": 2015,
            "quarter": 4,
            "eps": null,
            "eps_growth_year": null,
            "eps_4q": null,
            "eps_4q_growth_year": null,
            "roe": null,
            "roe_4q": 0,
            "gross_profit": 33634,
            "gross_margin": null,
            "gross_margin_4q_avg": 0,
            "net_income": 9109,
            "net_income_4q": null,
            "revenue": 68500,
            "revenue_4q": null,
            "common_shares": 148935,
            "book_valuer_per_share": 17.32,
            "book_valuer_per_share_4q_avg": 8.24,
            "equity": 257998,
            "current_ratio": 426.65,
            "debt_ratio": 27.44,
            "inventory_turnover_ratio": null,
            "account_receivable_turnover_ratio": null,
            "reinvestment_rate": null,
            "research_to_sale_ratio": null,
            "price_fair": 0,
            "eps_avg_yearly": 0,
            "eps_latest_yearly": 0,
            "eps_growth_yearly": 0
        },
        "20161": {
            "year_quarter": 20161,
            "year": 2016,
            "quarter": 1,
            "eps": null,
            "eps_growth_year": null,
            "eps_4q": null,
            "eps_4q_growth_year": null,
            "roe": null,
            "roe_4q": 0,
            "gross_profit": null,
            "gross_margin": null,
            "gross_margin_4q_avg": 0,
            "net_income": null,
            "net_income_4q": null,
            "revenue": null,
            "revenue_4q": null,
            "common_shares": null,
            "book_valuer_per_share": null,
            "book_valuer_per_share_4q_avg": 8.24,
            "equity": null,
            "current_ratio": null,
            "debt_ratio": null,
            "inventory_turnover_ratio": null,
            "account_receivable_turnover_ratio": null,
            "reinvestment_rate": null,
            "research_to_sale_ratio": null,
            "price_fair": 0,
            "eps_avg_yearly": 0,
            "eps_latest_yearly": 0,
            "eps_growth_yearly": 0
        },
        "20162": {
            "year_quarter": 20162,
            "year": 2016,
            "quarter": 2,
            "eps": null,
            "eps_growth_year": null,
            "eps_4q": null,
            "eps_4q_growth_year": null,
            "roe": null,
            "roe_4q": 0,
            "gross_profit": null,
            "gross_margin": null,
            "gross_margin_4q_avg": 0,
            "net_income": null,
            "net_income_4q": null,
            "revenue": null,
            "revenue_4q": null,
            "common_shares": 151335,
            "book_valuer_per_share": 16.12,
            "book_valuer_per_share_4q_avg": 8.36,
            "equity": 243997,
            "current_ratio": 371.26,
            "debt_ratio": 30.74,
            "inventory_turnover_ratio": null,
            "account_receivable_turnover_ratio": null,
            "reinvestment_rate": null,
            "research_to_sale_ratio": null,
            "price_fair": 0,
            "eps_avg_yearly": 0,
            "eps_latest_yearly": 0,
            "eps_growth_yearly": 0
        },
        "20163": {
            "year_quarter": 20163,
            "year": 2016,
            "quarter": 3,
            "eps": 0.57,
            "eps_growth_year": null,
            "eps_4q": null,
            "eps_4q_growth_year": null,
            "roe": 3.48,
            "roe_4q": 3.48,
            "gross_profit": 36218,
            "gross_margin": 55.34,
            "gross_margin_4q_avg": 13.84,
            "net_income": 8646,
            "net_income_4q": null,
            "revenue": 65448,
            "revenue_4q": null,
            "common_shares": 151335,
            "book_valuer_per_share": 16.7,
            "book_valuer_per_share_4q_avg": 12.54,
            "equity": 252656,
            "current_ratio": 628.66,
            "debt_ratio": 20.28,
            "inventory_turnover_ratio": 0.86,
            "account_receivable_turnover_ratio": 2.15,
            "reinvestment_rate": null,
            "research_to_sale_ratio": 17.14,
            "price_fair": 0,
            "eps_avg_yearly": 0,
            "eps_latest_yearly": 0,
            "eps_growth_yearly": 0
        },
        "20164": {
            "year_quarter": 20164,
            "year": 2016,
            "quarter": 4,
            "eps": 0.57,
            "eps_growth_year": null,
            "eps_4q": null,
            "eps_4q_growth_year": null,
            "roe": 3.38,
            "roe_4q": 6.859999999999999,
            "gross_profit": 23869,
            "gross_margin": 47.97,
            "gross_margin_4q_avg": 25.83,
            "net_income": 8695,
            "net_income_4q": null,
            "revenue": 49760,
            "revenue_4q": null,
            "common_shares": 151335,
            "book_valuer_per_share": 17.29,
            "book_valuer_per_share_4q_avg": 12.53,
            "equity": 261719,
            "current_ratio": 584.69,
            "debt_ratio": 21.25,
            "inventory_turnover_ratio": 0.9,
            "account_receivable_turnover_ratio": 2.07,
            "reinvestment_rate": null,
            "research_to_sale_ratio": 24.74,
            "price_fair": 22.8,
            "eps_avg_yearly": 2.28,
            "eps_latest_yearly": 2.28,
            "eps_growth_yearly": 0
        },
        "20171": {
            "year_quarter": 20171,
            "year": 2017,
            "quarter": 1,
            "eps": -0.95,
            "eps_growth_year": null,
            "eps_4q": null,
            "eps_4q_growth_year": null,
            "roe": -5.57,
            "roe_4q": 1.2899999999999996,
            "gross_profit": 14401,
            "gross_margin": 43.5,
            "gross_margin_4q_avg": 36.7,
            "net_income": -15972,
            "net_income_4q": null,
            "revenue": 33109,
            "revenue_4q": null,
            "common_shares": 171515,
            "book_valuer_per_share": 18.19,
            "book_valuer_per_share_4q_avg": 17.08,
            "equity": 312049,
            "current_ratio": 710.19,
            "debt_ratio": 17.68,
            "inventory_turnover_ratio": 0.64,
            "account_receivable_turnover_ratio": 1.79,
            "reinvestment_rate": null,
            "research_to_sale_ratio": 28.94,
            "price_fair": 22.8,
            "eps_avg_yearly": 2.28,
            "eps_latest_yearly": 2.28,
            "eps_growth_yearly": 0
        },
        "20172": {
            "year_quarter": 20172,
            "year": 2017,
            "quarter": 2,
            "eps": 0.29,
            "eps_growth_year": null,
            "eps_4q": 0.37,
            "eps_4q_growth_year": null,
            "roe": 1.66,
            "roe_4q": 2.9499999999999997,
            "gross_profit": 21815,
            "gross_margin": 46.44,
            "gross_margin_4q_avg": 48.31,
            "net_income": 4926,
            "net_income_4q": null,
            "revenue": 46977,
            "revenue_4q": null,
            "common_shares": 171515,
            "book_valuer_per_share": 16.48,
            "book_valuer_per_share_4q_avg": 17.17,
            "equity": 282681,
            "current_ratio": 492.08,
            "debt_ratio": 23.82,
            "inventory_turnover_ratio": 0.8,
            "account_receivable_turnover_ratio": 2.45,
            "reinvestment_rate": null,
            "research_to_sale_ratio": 23.07,
            "price_fair": 22.8,
            "eps_avg_yearly": 2.28,
            "eps_latest_yearly": 2.28,
            "eps_growth_yearly": 0
        },
        "20173": {
            "year_quarter": 20173,
            "year": 2017,
            "quarter": 3,
            "eps": 0.03,
            "eps_growth_year": -94.74,
            "eps_4q": -0.1,
            "eps_4q_growth_year": null,
            "roe": 0.21,
            "roe_4q": -0.3200000000000003,
            "gross_profit": 17374,
            "gross_margin": 44.51,
            "gross_margin_4q_avg": 45.61,
            "net_income": 593,
            "net_income_4q": null,
            "revenue": 39030,
            "revenue_4q": null,
            "common_shares": 171515,
            "book_valuer_per_share": 16.52,
            "book_valuer_per_share_4q_avg": 17.12,
            "equity": 283284,
            "current_ratio": 897.31,
            "debt_ratio": 14.88,
            "inventory_turnover_ratio": 0.69,
            "account_receivable_turnover_ratio": 1.81,
            "reinvestment_rate": null,
            "research_to_sale_ratio": 25.79,
            "price_fair": 3.6,
            "eps_avg_yearly": 1.2,
            "eps_latest_yearly": 0.12,
            "eps_growth_yearly": -179.31
        },
        "20174": {
            "year_quarter": 20174,
            "year": 2017,
            "quarter": 4,
            "eps": -0.09,
            "eps_growth_year": -115.29,
            "eps_4q": -0.69,
            "eps_4q_growth_year": null,
            "roe": -0.54,
            "roe_4q": -4.24,
            "gross_profit": 19447,
            "gross_margin": 41.88,
            "gross_margin_4q_avg": 44.08,
            "net_income": -1522,
            "net_income_4q": null,
            "revenue": 46437,
            "revenue_4q": null,
            "common_shares": 171515,
            "book_valuer_per_share": 16.5,
            "book_valuer_per_share_4q_avg": 16.92,
            "equity": 282927,
            "current_ratio": 545.85,
            "debt_ratio": 21.57,
            "inventory_turnover_ratio": 0.72,
            "account_receivable_turnover_ratio": 2.24,
            "reinvestment_rate": null,
            "research_to_sale_ratio": 22.97,
            "price_fair": 3.6,
            "eps_avg_yearly": 1.2,
            "eps_latest_yearly": 0.12,
            "eps_growth_yearly": -179.31
        },
        "20181": {
            "year_quarter": 20181,
            "year": 2018,
            "quarter": 1,
            "eps": 0.13,
            "eps_growth_year": null,
            "eps_4q": 0.36,
            "eps_4q_growth_year": null,
            "roe": 0.78,
            "roe_4q": 2.11,
            "gross_profit": 25515,
            "gross_margin": 35.22,
            "gross_margin_4q_avg": 42.01,
            "net_income": 2205,
            "net_income_4q": null,
            "revenue": 72455,
            "revenue_4q": null,
            "common_shares": 173213,
            "book_valuer_per_share": 16.46,
            "book_valuer_per_share_4q_avg": 16.49,
            "equity": 285137,
            "current_ratio": 301.63,
            "debt_ratio": 35.17,
            "inventory_turnover_ratio": 0.8,
            "account_receivable_turnover_ratio": 3.56,
            "reinvestment_rate": null,
            "research_to_sale_ratio": 14.89,
            "price_fair": 3.6,
            "eps_avg_yearly": 1.2,
            "eps_latest_yearly": 0.12,
            "eps_growth_yearly": -179.31
        },
        "20182": {
            "year_quarter": 20182,
            "year": 2018,
            "quarter": 2,
            "eps": 1.63,
            "eps_growth_year": 462.07,
            "eps_4q": 1.71,
            "eps_4q_growth_year": 365.04,
            "roe": 9.45,
            "roe_4q": 9.899999999999999,
            "gross_profit": 42951,
            "gross_margin": 30.05,
            "gross_margin_4q_avg": 37.92,
            "net_income": 28288,
            "net_income_4q": null,
            "revenue": 142917,
            "revenue_4q": null,
            "common_shares": 173213,
            "book_valuer_per_share": 18.1,
            "book_valuer_per_share_4q_avg": 16.9,
            "equity": 313432,
            "current_ratio": 297.86,
            "debt_ratio": 35.38,
            "inventory_turnover_ratio": 1.32,
            "account_receivable_turnover_ratio": 3.19,
            "reinvestment_rate": null,
            "research_to_sale_ratio": 10.38,
            "price_fair": 104.07,
            "eps_avg_yearly": 2.97,
            "eps_latest_yearly": 6.52,
            "eps_growth_yearly": 1418.92
        },
        "20183": {
            "year_quarter": 20183,
            "year": 2018,
            "quarter": 3,
            "eps": 1.09,
            "eps_growth_year": 3533.33,
            "eps_4q": 2.74,
            "eps_4q_growth_year": null,
            "roe": 5.86,
            "roe_4q": 15.55,
            "gross_profit": 39936,
            "gross_margin": 34.47,
            "gross_margin_4q_avg": 35.41,
            "net_income": 18972,
            "net_income_4q": null,
            "revenue": 115871,
            "revenue_4q": null,
            "common_shares": 174928,
            "book_valuer_per_share": 19.1,
            "book_valuer_per_share_4q_avg": 17.54,
            "equity": 334119,
            "current_ratio": 425.2,
            "debt_ratio": 25.77,
            "inventory_turnover_ratio": 0.97,
            "account_receivable_turnover_ratio": 1.75,
            "reinvestment_rate": null,
            "research_to_sale_ratio": 9.53,
            "price_fair": 116.2,
            "eps_avg_yearly": 3.32,
            "eps_latest_yearly": 4.36,
            "eps_growth_yearly": 1031.06
        },
        "20184": {
            "year_quarter": 20184,
            "year": 2018,
            "quarter": 4,
            "eps": 0.69,
            "eps_growth_year": null,
            "eps_4q": 3.52,
            "eps_4q_growth_year": null,
            "roe": 3.58,
            "roe_4q": 19.67,
            "gross_profit": 31101,
            "gross_margin": 33.29,
            "gross_margin_4q_avg": 33.26,
            "net_income": 12139,
            "net_income_4q": null,
            "revenue": 93418,
            "revenue_4q": null,
            "common_shares": 174928,
            "book_valuer_per_share": 19.71,
            "book_valuer_per_share_4q_avg": 18.34,
            "equity": 344851,
            "current_ratio": 582.03,
            "debt_ratio": 20.14,
            "inventory_turnover_ratio": 0.93,
            "account_receivable_turnover_ratio": 1.55,
            "reinvestment_rate": null,
            "research_to_sale_ratio": 13.28,
            "price_fair": 112.28,
            "eps_avg_yearly": 3.21,
            "eps_latest_yearly": 2.76,
            "eps_growth_yearly": 795.49
        },
        "20191": {
            "year_quarter": 20191,
            "year": 2019,
            "quarter": 1,
            "eps": 0.19,
            "eps_growth_year": 46.15,
            "eps_4q": 3.58,
            "eps_4q_growth_year": 901.21,
            "roe": 0.96,
            "roe_4q": 19.85,
            "gross_profit": 21652,
            "gross_margin": 38.88,
            "gross_margin_4q_avg": 34.17,
            "net_income": 3311,
            "net_income_4q": null,
            "revenue": 55686,
            "revenue_4q": null,
            "common_shares": 174928,
            "book_valuer_per_share": 19.9,
            "book_valuer_per_share_4q_avg": 19.2,
            "equity": 348162,
            "current_ratio": 538.73,
            "debt_ratio": 21.88,
            "inventory_turnover_ratio": 0.48,
            "account_receivable_turnover_ratio": 1.24,
            "reinvestment_rate": null,
            "research_to_sale_ratio": 20.55,
            "price_fair": 98,
            "eps_avg_yearly": 2.8,
            "eps_latest_yearly": 0.76,
            "eps_growth_yearly": 614.6
        },
        "20192": {
            "year_quarter": 20192,
            "year": 2019,
            "quarter": 2,
            "eps": 1.16,
            "eps_growth_year": -28.83,
            "eps_4q": 3.13,
            "eps_4q_growth_year": 83.13,
            "roe": 6.1,
            "roe_4q": 16.5,
            "gross_profit": 46875,
            "gross_margin": 33.29,
            "gross_margin_4q_avg": 34.98,
            "net_income": 20255,
            "net_income_4q": null,
            "revenue": 140800,
            "revenue_4q": null,
            "common_shares": 174928,
            "book_valuer_per_share": 18.07,
            "book_valuer_per_share_4q_avg": 19.2,
            "equity": 316126,
            "current_ratio": 322.48,
            "debt_ratio": 33.43,
            "inventory_turnover_ratio": 1.48,
            "account_receivable_turnover_ratio": 2.27,
            "reinvestment_rate": null,
            "research_to_sale_ratio": 10.3,
            "price_fair": 107.2,
            "eps_avg_yearly": 3.06,
            "eps_latest_yearly": 4.64,
            "eps_growth_yearly": 818.53
        },
        "20193": {
            "year_quarter": 20193,
            "year": 2019,
            "quarter": 3,
            "eps": 0.25,
            "eps_growth_year": -77.06,
            "eps_4q": 2.29,
            "eps_4q_growth_year": -16.57,
            "roe": 1.35,
            "roe_4q": 11.99,
            "gross_profit": 22760,
            "gross_margin": 33.86,
            "gross_margin_4q_avg": 34.83,
            "net_income": 4292,
            "net_income_4q": null,
            "revenue": 67224,
            "revenue_4q": null,
            "common_shares": 174928,
            "book_valuer_per_share": 18.33,
            "book_valuer_per_share_4q_avg": 19,
            "equity": 320700,
            "current_ratio": 540.47,
            "debt_ratio": 21.79,
            "inventory_turnover_ratio": 1.05,
            "account_receivable_turnover_ratio": 0.96,
            "reinvestment_rate": null,
            "research_to_sale_ratio": 17.86,
            "price_fair": 98.18,
            "eps_avg_yearly": 2.81,
            "eps_latest_yearly": 1,
            "eps_growth_yearly": 676.99
        },
        "20194": {
            "year_quarter": 20194,
            "year": 2019,
            "quarter": 4,
            "eps": 0.12,
            "eps_growth_year": -83.11,
            "eps_4q": 1.71,
            "eps_4q_growth_year": -51.45,
            "roe": 0.63,
            "roe_4q": 9.04,
            "gross_profit": 24240,
            "gross_margin": 30.49,
            "gross_margin_4q_avg": 34.13,
            "net_income": 2050,
            "net_income_4q": null,
            "revenue": 79508,
            "revenue_4q": null,
            "common_shares": 174928,
            "book_valuer_per_share": 18.73,
            "book_valuer_per_share_4q_avg": 18.76,
            "equity": 327565,
            "current_ratio": 568.02,
            "debt_ratio": 20.87,
            "inventory_turnover_ratio": 1.31,
            "account_receivable_turnover_ratio": 1.54,
            "reinvestment_rate": null,
            "research_to_sale_ratio": 14.01,
            "price_fair": 89.13,
            "eps_avg_yearly": 2.55,
            "eps_latest_yearly": 0.48,
            "eps_growth_yearly": 578.66
        },
        "20201": {
            "year_quarter": 20201,
            "year": 2020,
            "quarter": 1,
            "eps": 0.18,
            "eps_growth_year": -5.26,
            "eps_4q": 1.7,
            "eps_4q_growth_year": -52.49,
            "roe": 0.97,
            "roe_4q": 9.05,
            "gross_profit": 21965,
            "gross_margin": 34.16,
            "gross_margin_4q_avg": 32.95,
            "net_income": 3194,
            "net_income_4q": null,
            "revenue": 64296,
            "revenue_4q": null,
            "common_shares": 174928,
            "book_valuer_per_share": 18.92,
            "book_valuer_per_share_4q_avg": 18.51,
            "equity": 331031,
            "current_ratio": 626.98,
            "debt_ratio": 19.21,
            "inventory_turnover_ratio": 0.9,
            "account_receivable_turnover_ratio": 1.17,
            "reinvestment_rate": null,
            "research_to_sale_ratio": 18.97,
            "price_fair": 82.74,
            "eps_avg_yearly": 2.36,
            "eps_latest_yearly": 0.72,
            "eps_growth_yearly": 540.79
        },
        "20202": {
            "year_quarter": 20202,
            "year": 2020,
            "quarter": 2,
            "eps": 0.62,
            "eps_growth_year": -46.55,
            "eps_4q": 1.17,
            "eps_4q_growth_year": -62.7,
            "roe": 3.4,
            "roe_4q": 6.35,
            "gross_profit": 38143,
            "gross_margin": 32.9,
            "gross_margin_4q_avg": 32.85,
            "net_income": 10859,
            "net_income_4q": null,
            "revenue": 115933,
            "revenue_4q": null,
            "common_shares": 174928,
            "book_valuer_per_share": 17.56,
            "book_valuer_per_share_4q_avg": 18.39,
            "equity": 307182,
            "current_ratio": 298.6,
            "debt_ratio": 35.81,
            "inventory_turnover_ratio": 1.21,
            "account_receivable_turnover_ratio": 1.61,
            "reinvestment_rate": 6.66,
            "research_to_sale_ratio": 11.26,
            "price_fair": 83.11,
            "eps_avg_yearly": 2.37,
            "eps_latest_yearly": 2.48,
            "eps_growth_yearly": 580.52
        },
        "20203": {
            "year_quarter": 20203,
            "year": 2020,
            "quarter": 3,
            "eps": 2.2,
            "eps_growth_year": 780,
            "eps_4q": 3.12,
            "eps_4q_growth_year": 36.61,
            "roe": 11.8,
            "roe_4q": 16.8,
            "gross_profit": 77102,
            "gross_margin": 32.73,
            "gross_margin_4q_avg": 32.57,
            "net_income": 38535,
            "net_income_4q": null,
            "revenue": 235556,
            "revenue_4q": null,
            "common_shares": 174928,
            "book_valuer_per_share": 19.78,
            "book_valuer_per_share_4q_avg": 18.75,
            "equity": 345974,
            "current_ratio": 292.09,
            "debt_ratio": 36.11,
            "inventory_turnover_ratio": 1.84,
            "account_receivable_turnover_ratio": 1.69,
            "reinvestment_rate": 5.02,
            "research_to_sale_ratio": 6.97,
            "price_fair": 101.85,
            "eps_avg_yearly": 2.91,
            "eps_latest_yearly": 8.8,
            "eps_growth_yearly": 617.09
        },
        "20204": {
            "year_quarter": 20204,
            "year": 2020,
            "quarter": 4,
            "eps": 3.22,
            "eps_growth_year": 2644.83,
            "eps_4q": 6.22,
            "eps_4q_growth_year": 263.97,
            "roe": 15.07,
            "roe_4q": 31.24,
            "gross_profit": 103219,
            "gross_margin": 32.12,
            "gross_margin_4q_avg": 32.98,
            "net_income": 56269,
            "net_income_4q": null,
            "revenue": 321399,
            "revenue_4q": null,
            "common_shares": 174928,
            "book_valuer_per_share": 22.91,
            "book_valuer_per_share_4q_avg": 19.79,
            "equity": 400809,
            "current_ratio": 310.24,
            "debt_ratio": 35.35,
            "inventory_turnover_ratio": 2.3,
            "account_receivable_turnover_ratio": 1.51,
            "reinvestment_rate": 0.42,
            "research_to_sale_ratio": 5.47,
            "price_fair": 132.77,
            "eps_avg_yearly": 3.79,
            "eps_latest_yearly": 12.88,
            "eps_growth_yearly": 632.54
        },
        "20211": {
            "year_quarter": 20211,
            "year": 2021,
            "quarter": 1,
            "eps": 2.65,
            "eps_growth_year": 1372.22,
            "eps_4q": 8.69,
            "eps_4q_growth_year": 410.54,
            "roe": 10.95,
            "roe_4q": 41.22,
            "gross_profit": 86352,
            "gross_margin": 30.92,
            "gross_margin_4q_avg": 32.17,
            "net_income": 46431,
            "net_income_4q": null,
            "revenue": 279286,
            "revenue_4q": null,
            "common_shares": 174928,
            "book_valuer_per_share": 25.58,
            "book_valuer_per_share_4q_avg": 21.46,
            "equity": 447514,
            "current_ratio": 324.51,
            "debt_ratio": 33.67,
            "inventory_turnover_ratio": 1.79,
            "account_receivable_turnover_ratio": 1.26,
            "reinvestment_rate": 0.07,
            "research_to_sale_ratio": 6.78,
            "price_fair": 151.09,
            "eps_avg_yearly": 4.32,
            "eps_latest_yearly": 10.6,
            "eps_growth_yearly": 578.44
        },
        "20212": {
            "year_quarter": 20212,
            "year": 2021,
            "quarter": 2,
            "eps": 2.5,
            "eps_growth_year": 303.23,
            "eps_4q": 10.25,
            "eps_4q_growth_year": 778.97,
            "roe": 9.15,
            "roe_4q": 46.97,
            "gross_profit": 87715,
            "gross_margin": 28.69,
            "gross_margin_4q_avg": 31.12,
            "net_income": 44005,
            "net_income_4q": null,
            "revenue": 305781,
            "revenue_4q": null,
            "common_shares": 180758,
            "book_valuer_per_share": 28.47,
            "book_valuer_per_share_4q_avg": 24.19,
            "equity": 514656,
            "current_ratio": 338.06,
            "debt_ratio": 32.06,
            "inventory_turnover_ratio": 1.59,
            "account_receivable_turnover_ratio": 1.39,
            "reinvestment_rate": -0.35,
            "research_to_sale_ratio": 5.95,
            "price_fair": 165.3,
            "eps_avg_yearly": 4.72,
            "eps_latest_yearly": 10,
            "eps_growth_yearly": 535.5
        },
        "20213": {
            "year_quarter": 20213,
            "year": 2021,
            "quarter": 3,
            "eps": 3.09,
            "eps_growth_year": 40.45,
            "eps_4q": 10.18,
            "eps_4q_growth_year": 225.91,
            "roe": 12.3,
            "roe_4q": 47.470000000000006,
            "gross_profit": 110132,
            "gross_margin": 28.86,
            "gross_margin_4q_avg": 30.15,
            "net_income": 64015,
            "net_income_4q": null,
            "revenue": 381583,
            "revenue_4q": null,
            "common_shares": 206998,
            "book_valuer_per_share": 25.42,
            "book_valuer_per_share_4q_avg": 25.6,
            "equity": 526192,
            "current_ratio": 302.41,
            "debt_ratio": 35.21,
            "inventory_turnover_ratio": 1.58,
            "account_receivable_turnover_ratio": 1.44,
            "reinvestment_rate": -2.99,
            "research_to_sale_ratio": 4.91,
            "price_fair": 195.9,
            "eps_avg_yearly": 5.6,
            "eps_latest_yearly": 12.36,
            "eps_growth_yearly": 567.86
        },
        "20214": {
            "year_quarter": 20214,
            "year": 2021,
            "quarter": 4,
            "eps": 1.83,
            "eps_growth_year": -43.13,
            "eps_4q": 9.29,
            "eps_4q_growth_year": 49.3,
            "roe": 6.95,
            "roe_4q": 39.349999999999994,
            "gross_profit": 71548,
            "gross_margin": 27.28,
            "gross_margin_4q_avg": 28.94,
            "net_income": 37867,
            "net_income_4q": null,
            "revenue": 262270,
            "revenue_4q": null,
            "common_shares": 206998,
            "book_valuer_per_share": 27.22,
            "book_valuer_per_share_4q_avg": 26.67,
            "equity": 563446,
            "current_ratio": 378.96,
            "debt_ratio": 28.75,
            "inventory_turnover_ratio": 0.98,
            "account_receivable_turnover_ratio": 1.1,
            "reinvestment_rate": -2.67,
            "research_to_sale_ratio": 5.4,
            "price_fair": 199.92,
            "eps_avg_yearly": 5.71,
            "eps_latest_yearly": 7.32,
            "eps_growth_yearly": 519.13
        },
        "20221": {
            "year_quarter": 20221,
            "year": 2022,
            "quarter": 1,
            "eps": 1.05,
            "eps_growth_year": -60.38,
            "eps_4q": 8.1,
            "eps_4q_growth_year": -6.89,
            "roe": 3.78,
            "roe_4q": 32.18,
            "gross_profit": 44109,
            "gross_margin": 27.84,
            "gross_margin_4q_avg": 28.17,
            "net_income": 21683,
            "net_income_4q": null,
            "revenue": 158431,
            "revenue_4q": null,
            "common_shares": 206998,
            "book_valuer_per_share": 28.27,
            "book_valuer_per_share_4q_avg": 27.35,
            "equity": 585129,
            "current_ratio": 574.71,
            "debt_ratio": 20.11,
            "inventory_turnover_ratio": 0.64,
            "account_receivable_turnover_ratio": 1.02,
            "reinvestment_rate": -2.28,
            "research_to_sale_ratio": 9.5,
            "price_fair": 196.61,
            "eps_avg_yearly": 5.62,
            "eps_latest_yearly": 4.2,
            "eps_growth_yearly": 476.03
        },
        "20222": {
            "year_quarter": 20222,
            "year": 2022,
            "quarter": 2,
            "eps": 0.39,
            "eps_growth_year": -84.4,
            "eps_4q": 5.17,
            "eps_4q_growth_year": -49.59,
            "roe": 1.88,
            "roe_4q": 24.91,
            "gross_profit": 24858,
            "gross_margin": 30.76,
            "gross_margin_4q_avg": 28.69,
            "net_income": 10110,
            "net_income_4q": null,
            "revenue": 80815,
            "revenue_4q": null,
            "common_shares": 206998,
            "book_valuer_per_share": 23.76,
            "book_valuer_per_share_4q_avg": 26.17,
            "equity": 491740,
            "current_ratio": 365.89,
            "debt_ratio": 29.89,
            "inventory_turnover_ratio": 0.38,
            "account_receivable_turnover_ratio": 0.78,
            "reinvestment_rate": -2.55,
            "research_to_sale_ratio": 15.87,
            "price_fair": 185.76,
            "eps_avg_yearly": 5.31,
            "eps_latest_yearly": 1.56,
            "eps_growth_yearly": 171.85
        },
        "20223": {
            "year_quarter": 20223,
            "year": 2022,
            "quarter": 3,
            "eps": 0.37,
            "eps_growth_year": -88.03,
            "eps_4q": 3.06,
            "eps_4q_growth_year": -69.94,
            "roe": 1.92,
            "roe_4q": 14.530000000000001,
            "gross_profit": 13756,
            "gross_margin": 21.96,
            "gross_margin_4q_avg": 26.96,
            "net_income": 9512,
            "net_income_4q": null,
            "revenue": 62646,
            "revenue_4q": null,
            "common_shares": 258747,
            "book_valuer_per_share": 19.37,
            "book_valuer_per_share_4q_avg": 24.66,
            "equity": 501252,
            "current_ratio": 784,
            "debt_ratio": 14.28,
            "inventory_turnover_ratio": 0.41,
            "account_receivable_turnover_ratio": 0.81,
            "reinvestment_rate": -3,
            "research_to_sale_ratio": 18.77,
            "price_fair": 179.46,
            "eps_avg_yearly": 5.13,
            "eps_latest_yearly": 1.48,
            "eps_growth_yearly": 178.85
        },
        "20224": {
            "year_quarter": 20224,
            "year": 2022,
            "quarter": 4,
            "eps": -0.31,
            "eps_growth_year": -116.88,
            "eps_4q": 1.29,
            "eps_4q_growth_year": -86.14,
            "roe": -1.6,
            "roe_4q": 5.9799999999999995,
            "gross_profit": 16400,
            "gross_margin": 26.2,
            "gross_margin_4q_avg": 26.69,
            "net_income": -7990,
            "net_income_4q": null,
            "revenue": 62601,
            "revenue_4q": null,
            "common_shares": 258747,
            "book_valuer_per_share": 19.18,
            "book_valuer_per_share_4q_avg": 22.65,
            "equity": 496258,
            "current_ratio": 618.78,
            "debt_ratio": 15.08,
            "inventory_turnover_ratio": 0.49,
            "account_receivable_turnover_ratio": 0.86,
            "reinvestment_rate": -3.09,
            "research_to_sale_ratio": 20.74,
            "price_fair": 184.99,
            "eps_avg_yearly": 5.29,
            "eps_latest_yearly": 1.48,
            "eps_growth_yearly": 200.56
        },
        "20231": {
            "year_quarter": 20231,
            "year": 2023,
            "quarter": 1,
            "eps": -0.31,
            "eps_growth_year": -129.52,
            "eps_4q": 0.14,
            "eps_4q_growth_year": -98.3,
            "roe": -1.64,
            "roe_4q": 0.5599999999999996,
            "gross_profit": 8959,
            "gross_margin": 23.68,
            "gross_margin_4q_avg": 25.65,
            "net_income": -8069,
            "net_income_4q": null,
            "revenue": 37833,
            "revenue_4q": null,
            "common_shares": 258747,
            "book_valuer_per_share": 18.87,
            "book_valuer_per_share_4q_avg": 20.3,
            "equity": 488189,
            "current_ratio": 833.88,
            "debt_ratio": 11.24,
            "inventory_turnover_ratio": 0.37,
            "account_receivable_turnover_ratio": 0.62,
            "reinvestment_rate": -3,
            "research_to_sale_ratio": 28.85,
            "price_fair": 196.3,
            "eps_avg_yearly": 5.61,
            "eps_latest_yearly": 1.48,
            "eps_growth_yearly": 235.59
        },
        "20232": {
            "year_quarter": 20232,
            "year": 2023,
            "quarter": 2,
            "eps": 0.06,
            "eps_growth_year": -84.62,
            "eps_4q": -0.2,
            "eps_4q_growth_year": -103.8,
            "roe": 0.31,
            "roe_4q": -1.0099999999999998,
            "gross_profit": 9752,
            "gross_margin": 37.65,
            "gross_margin_4q_avg": 27.37,
            "net_income": 1474,
            "net_income_4q": null,
            "revenue": 25901,
            "revenue_4q": null,
            "common_shares": 258747,
            "book_valuer_per_share": 17.92,
            "book_valuer_per_share_4q_avg": 18.84,
            "equity": 463788,
            "current_ratio": 595.98,
            "debt_ratio": 14.48,
            "inventory_turnover_ratio": 0.24,
            "account_receivable_turnover_ratio": 0.63,
            "reinvestment_rate": -2.91,
            "research_to_sale_ratio": 40.64,
            "price_fair": 198.91,
            "eps_avg_yearly": 5.68,
            "eps_latest_yearly": 1.48,
            "eps_growth_yearly": 96.63
        },
        "20233": {
            "year_quarter": 20233,
            "year": 2023,
            "quarter": 3,
            "eps": 0.32,
            "eps_growth_year": -13.51,
            "eps_4q": -0.25,
            "eps_4q_growth_year": -108.03,
            "roe": 1.76,
            "roe_4q": -1.1700000000000002,
            "gross_profit": 11723,
            "gross_margin": 30.63,
            "gross_margin_4q_avg": 29.54,
            "net_income": 8224,
            "net_income_4q": null,
            "revenue": 38278,
            "revenue_4q": null,
            "common_shares": 258747,
            "book_valuer_per_share": 18.24,
            "book_valuer_per_share_4q_avg": 18.55,
            "equity": 472012,
            "current_ratio": 918.7,
            "debt_ratio": 10.09,
            "inventory_turnover_ratio": 0.47,
            "account_receivable_turnover_ratio": 1.29,
            "reinvestment_rate": -2.64,
            "research_to_sale_ratio": 34.24,
            "price_fair": 199.66,
            "eps_avg_yearly": 5.7,
            "eps_latest_yearly": 1.28,
            "eps_growth_yearly": 254.1
        }
    },
    "months": {
        "2016-01": {
            "month": "2016-01",
            "price": "44.60",
            "revenue": 29820
        },
        "2016-02": {
            "month": "2016-02",
            "price": "43.61",
            "revenue": 14037
        },
        "2016-03": {
            "month": "2016-03",
            "price": "41.77",
            "revenue": 23676
        },
        "2016-04": {
            "month": "2016-04",
            "price": "40.03",
            "revenue": 20177
        },
        "2016-05": {
            "month": "2016-05",
            "price": "37.22",
            "revenue": 22918
        },
        "2016-06": {
            "month": "2016-06",
            "price": "36.74",
            "revenue": 17754
        },
        "2016-07": {
            "month": "2016-07",
            "price": "36.37",
            "revenue": 22149
        },
        "2016-08": {
            "month": "2016-08",
            "price": "36.27",
            "revenue": 26530
        },
        "2016-09": {
            "month": "2016-09",
            "price": "38.64",
            "revenue": 16770
        },
        "2016-10": {
            "month": "2016-10",
            "price": "39.91",
            "revenue": 20306
        },
        "2016-11": {
            "month": "2016-11",
            "price": "39.10",
            "revenue": 7179
        },
        "2016-12": {
            "month": "2016-12",
            "price": "40.34",
            "revenue": 22275
        },
        "2017-01": {
            "month": "2017-01",
            "price": "46.43",
            "revenue": 11833
        },
        "2017-02": {
            "month": "2017-02",
            "price": "91.17",
            "revenue": 11761
        },
        "2017-03": {
            "month": "2017-03",
            "price": "97.00",
            "revenue": 9515
        },
        "2017-04": {
            "month": "2017-04",
            "price": "77.87",
            "revenue": 11506
        },
        "2017-05": {
            "month": "2017-05",
            "price": "57.66",
            "revenue": 23796
        },
        "2017-06": {
            "month": "2017-06",
            "price": "70.97",
            "revenue": 11674
        },
        "2017-07": {
            "month": "2017-07",
            "price": "59.28",
            "revenue": 13604
        },
        "2017-08": {
            "month": "2017-08",
            "price": "50.49",
            "revenue": 18586
        },
        "2017-09": {
            "month": "2017-09",
            "price": "47.26",
            "revenue": 6840
        },
        "2017-10": {
            "month": "2017-10",
            "price": "40.09",
            "revenue": 11521
        },
        "2017-11": {
            "month": "2017-11",
            "price": "36.98",
            "revenue": 15950
        },
        "2017-12": {
            "month": "2017-12",
            "price": "34.47",
            "revenue": 18966
        },
        "2018-01": {
            "month": "2018-01",
            "price": "37.02",
            "revenue": 23713
        },
        "2018-02": {
            "month": "2018-02",
            "price": "45.72",
            "revenue": 28966
        },
        "2018-03": {
            "month": "2018-03",
            "price": "48.21",
            "revenue": 19775
        },
        "2018-04": {
            "month": "2018-04",
            "price": "50.38",
            "revenue": 51834
        },
        "2018-05": {
            "month": "2018-05",
            "price": "61.95",
            "revenue": 48037
        },
        "2018-06": {
            "month": "2018-06",
            "price": "67.14",
            "revenue": 43047
        },
        "2018-07": {
            "month": "2018-07",
            "price": "60.85",
            "revenue": 53009
        },
        "2018-08": {
            "month": "2018-08",
            "price": "57.04",
            "revenue": 25898
        },
        "2018-09": {
            "month": "2018-09",
            "price": "47.27",
            "revenue": 36964
        },
        "2018-10": {
            "month": "2018-10",
            "price": "40.72",
            "revenue": 28832
        },
        "2018-11": {
            "month": "2018-11",
            "price": "39.75",
            "revenue": 29820
        },
        "2018-12": {
            "month": "2018-12",
            "price": "41.67",
            "revenue": 34766
        },
        "2019-01": {
            "month": "2019-01",
            "price": "45.44",
            "revenue": 24795
        },
        "2019-02": {
            "month": "2019-02",
            "price": "45.77",
            "revenue": 11700
        },
        "2019-03": {
            "month": "2019-03",
            "price": "45.36",
            "revenue": 19191
        },
        "2019-04": {
            "month": "2019-04",
            "price": "45.11",
            "revenue": 54694
        },
        "2019-05": {
            "month": "2019-05",
            "price": "49.30",
            "revenue": 41098
        },
        "2019-06": {
            "month": "2019-06",
            "price": "48.91",
            "revenue": 45009
        },
        "2019-07": {
            "month": "2019-07",
            "price": "45.95",
            "revenue": 25050
        },
        "2019-08": {
            "month": "2019-08",
            "price": "41.83",
            "revenue": 21939
        },
        "2019-09": {
            "month": "2019-09",
            "price": "38.45",
            "revenue": 20236
        },
        "2019-10": {
            "month": "2019-10",
            "price": "36.92",
            "revenue": 25648
        },
        "2019-11": {
            "month": "2019-11",
            "price": "32.67",
            "revenue": 30395
        },
        "2019-12": {
            "month": "2019-12",
            "price": "34.14",
            "revenue": 23465
        },
        "2020-01": {
            "month": "2020-01",
            "price": "32.50",
            "revenue": 12151
        },
        "2020-02": {
            "month": "2020-02",
            "price": "29.78",
            "revenue": 31021
        },
        "2020-03": {
            "month": "2020-03",
            "price": "27.92",
            "revenue": 21124
        },
        "2020-04": {
            "month": "2020-04",
            "price": "28.19",
            "revenue": 27676
        },
        "2020-05": {
            "month": "2020-05",
            "price": "29.68",
            "revenue": 35618
        },
        "2020-06": {
            "month": "2020-06",
            "price": "31.50",
            "revenue": 52639
        },
        "2020-07": {
            "month": "2020-07",
            "price": "37.03",
            "revenue": 54866
        },
        "2020-08": {
            "month": "2020-08",
            "price": "52.07",
            "revenue": 78970
        },
        "2020-09": {
            "month": "2020-09",
            "price": "67.85",
            "revenue": 101720
        },
        "2020-10": {
            "month": "2020-10",
            "price": "68.98",
            "revenue": 104097
        },
        "2020-11": {
            "month": "2020-11",
            "price": "93.30",
            "revenue": 112002
        },
        "2020-12": {
            "month": "2020-12",
            "price": "96.17",
            "revenue": 105299
        },
        "2021-01": {
            "month": "2021-01",
            "price": "84.52",
            "revenue": 104740
        },
        "2021-02": {
            "month": "2021-02",
            "price": "87.63",
            "revenue": 72874
        },
        "2021-03": {
            "month": "2021-03",
            "price": "99.97",
            "revenue": 101672
        },
        "2021-04": {
            "month": "2021-04",
            "price": "118.68",
            "revenue": 93373
        },
        "2021-05": {
            "month": "2021-05",
            "price": "103.58",
            "revenue": 120946
        },
        "2021-06": {
            "month": "2021-06",
            "price": "107.37",
            "revenue": 91462
        },
        "2021-07": {
            "month": "2021-07",
            "price": "106.70",
            "revenue": 128761
        },
        "2021-08": {
            "month": "2021-08",
            "price": "103.99",
            "revenue": 133597
        },
        "2021-09": {
            "month": "2021-09",
            "price": "87.24",
            "revenue": 123679
        },
        "2021-10": {
            "month": "2021-10",
            "price": "79.94",
            "revenue": 111030
        },
        "2021-11": {
            "month": "2021-11",
            "price": "86.84",
            "revenue": 64698
        },
        "2021-12": {
            "month": "2021-12",
            "price": "78.46",
            "revenue": 82088
        },
        "2022-01": {
            "month": "2022-01",
            "price": "70.56",
            "revenue": 59107
        },
        "2022-02": {
            "month": "2022-02",
            "price": "67.83",
            "revenue": 55768
        },
        "2022-03": {
            "month": "2022-03",
            "price": "76.60",
            "revenue": 43556
        },
        "2022-04": {
            "month": "2022-04",
            "price": "69.81",
            "revenue": 41954
        },
        "2022-05": {
            "month": "2022-05",
            "price": "62.67",
            "revenue": 18813
        },
        "2022-06": {
            "month": "2022-06",
            "price": "55.52",
            "revenue": 20048
        },
        "2022-07": {
            "month": "2022-07",
            "price": "38.15",
            "revenue": 9983
        },
        "2022-08": {
            "month": "2022-08",
            "price": "36.56",
            "revenue": 23679
        },
        "2022-09": {
            "month": "2022-09",
            "price": "36.03",
            "revenue": 28984
        },
        "2022-10": {
            "month": "2022-10",
            "price": "32.44",
            "revenue": 19527
        },
        "2022-11": {
            "month": "2022-11",
            "price": "33.29",
            "revenue": 30809
        },
        "2022-12": {
            "month": "2022-12",
            "price": "36.44",
            "revenue": 12265
        },
        "2023-01": {
            "month": "2023-01",
            "price": "34.45",
            "revenue": 10557
        },
        "2023-02": {
            "month": "2023-02",
            "price": "34.37",
            "revenue": 12925
        },
        "2023-03": {
            "month": "2023-03",
            "price": "37.09",
            "revenue": 14352
        },
        "2023-04": {
            "month": "2023-04",
            "price": "36.81",
            "revenue": 4294
        },
        "2023-05": {
            "month": "2023-05",
            "price": "34.26",
            "revenue": 11587
        },
        "2023-06": {
            "month": "2023-06",
            "price": "33.17",
            "revenue": 10021
        },
        "2023-07": {
            "month": "2023-07",
            "price": "32.33",
            "revenue": 10762
        },
        "2023-08": {
            "month": "2023-08",
            "price": "30.33",
            "revenue": 15447
        },
        "2023-09": {
            "month": "2023-09",
            "price": "29.24",
            "revenue": 12069
        },
        "2023-10": {
            "month": "2023-10",
            "price": "29.12",
            "revenue": 4939
        },
        "2023-11": {
            "month": "2023-11",
            "price": "30.32",
            "revenue": 6069
        },
        "2023-12": {
            "month": "2023-12",
            "price": "32.37",
            "revenue": 3934
        }
    }
}
