{
    "summary": {
        "stock_name": "宏觀",
        "stock_id": "6568",
        "category": "半導體",
        "main_business": "射頻積體(RF IC)電路之設計、製造與銷售",
        "website_url": "http://www.rafaelmicro.com",
        "ceo": "李永健、李耿民",
        "pe_ratio": 38,
        "report_year_from": 2013,
        "report_year_to": 2023,
        "age": 10,
        "eps_negative_percentage": 0,
        "eps_growth_avg": {
            "last_all": -13.79,
            "last_2y": -22.43,
            "last_4y": -15.14,
            "last_8y": null,
            "last_12y": null,
            "last_16y": null,
            "last_20y": null,
            "at_2006_last_3y": null,
            "at_2007_last_3y": null,
            "at_2008_last_3y": null,
            "at_2009_last_3y": null,
            "at_2010_last_3y": null,
            "at_2011_last_3y": null,
            "at_2012_last_3y": null,
            "at_2013_last_3y": null,
            "at_2014_last_3y": null,
            "at_2015_last_3y": null,
            "at_2016_last_3y": null,
            "at_2017_last_3y": null,
            "at_2018_last_3y": null,
            "at_2019_last_3y": null,
            "at_2020_last_3y": -8.36,
            "at_2021_last_3y": -10.05,
            "at_2022_last_3y": -16.85,
            "at_2023_last_3y": -16.85,
            "at_2006_last_all": null,
            "at_2007_last_all": null,
            "at_2008_last_all": null,
            "at_2009_last_all": null,
            "at_2010_last_all": null,
            "at_2011_last_all": null,
            "at_2012_last_all": null,
            "at_2013_last_all": null,
            "at_2014_last_all": null,
            "at_2015_last_all": null,
            "at_2016_last_all": null,
            "at_2017_last_all": null,
            "at_2018_last_all": -7.66,
            "at_2019_last_all": -5.15,
            "at_2020_last_all": -8.36,
            "at_2021_last_all": -9.44,
            "at_2022_last_all": -13.79,
            "at_2023_last_all": -13.79
        },
        "latest_eps": 4.07,
        "latest_price": 156.5,
        "latest_roe": 9.04,
        "latest_gross_margin": 36.22,
        "latest_equity": 1392259,
        "latest_revenue": 301343,
        "latest_gross_profit": 109132,
        "latest_net_income": 22820,
        "latest_debt_ratio": 20.5,
        "latest_current_ratio": 406.24,
        "latest_account_receivable_turnover_ratio": 3.51,
        "latest_inventory_turnover_ratio": 0.43,
        "latest_reinvestment_rate": -2.34,
        "latest_research_to_sale_ratio": 25.17
    },
    "eps_dividends": {
        "2001": {
            "cash": 0,
            "stock": 0,
            "eps": 0
        },
        "2002": {
            "cash": 0,
            "stock": 0,
            "eps": 0
        },
        "2003": {
            "cash": 0,
            "stock": 0,
            "eps": 0
        },
        "2004": {
            "cash": 0,
            "stock": 0,
            "eps": 0
        },
        "2005": {
            "cash": 0,
            "stock": 0,
            "eps": 0
        },
        "2006": {
            "cash": 0,
            "stock": 0,
            "eps": 0
        },
        "2007": {
            "cash": 0,
            "stock": 0,
            "eps": 0
        },
        "2008": {
            "cash": 0,
            "stock": 0,
            "eps": 0
        },
        "2009": {
            "cash": 0,
            "stock": 0,
            "eps": 0
        },
        "2010": {
            "cash": 0,
            "stock": 0,
            "eps": 0
        },
        "2011": {
            "cash": 0,
            "stock": 0,
            "eps": 0
        },
        "2012": {
            "cash": 0,
            "stock": 0,
            "eps": 0
        },
        "2013": {
            "cash": 0,
            "stock": 0,
            "eps": 0
        },
        "2014": {
            "cash": 0,
            "stock": 0,
            "eps": 0
        },
        "2015": {
            "cash": 3,
            "stock": 0,
            "eps": 0
        },
        "2016": {
            "cash": 3,
            "stock": 0,
            "eps": 10.38
        },
        "2017": {
            "cash": 5,
            "stock": 0,
            "eps": 9.65
        },
        "2018": {
            "cash": 5,
            "stock": 0,
            "eps": 8.85
        },
        "2019": {
            "cash": 6,
            "stock": 0,
            "eps": 8.84
        },
        "2020": {
            "cash": 6,
            "stock": 0,
            "eps": 7.25
        },
        "2021": {
            "cash": 5,
            "stock": 2,
            "eps": 6.25
        },
        "2022": {
            "cash": 5,
            "stock": 0,
            "eps": 4.03
        },
        "2023": {
            "cash": 4,
            "stock": 0,
            "eps": 0.76
        }
    },
    "dividends": {
        "2015-06-29": {
            "cash": 3,
            "stock": 0
        },
        "2016-08-12": {
            "cash": 3,
            "stock": 0
        },
        "2017-07-28": {
            "cash": 5,
            "stock": 0
        },
        "2018-07-27": {
            "cash": 5,
            "stock": 0
        },
        "2019-07-26": {
            "cash": 6,
            "stock": 0
        },
        "2020-07-29": {
            "cash": 6,
            "stock": 0
        },
        "2021-09-23": {
            "cash": 5,
            "stock": 2
        },
        "2022-07-29": {
            "cash": 5,
            "stock": 0
        },
        "2023-07-31": {
            "cash": 4,
            "stock": 0
        }
    },
    "prices": {
        "200101": "無",
        "200102": "無",
        "200103": "無",
        "200104": "無",
        "200105": "無",
        "200106": "無",
        "200107": "無",
        "200108": "無",
        "200109": "無",
        "200110": "無",
        "200111": "無",
        "200112": "無",
        "200201": "無",
        "200202": "無",
        "200203": "無",
        "200204": "無",
        "200205": "無",
        "200206": "無",
        "200207": "無",
        "200208": "無",
        "200209": "無",
        "200210": "無",
        "200211": "無",
        "200212": "無",
        "200301": "無",
        "200302": "無",
        "200303": "無",
        "200304": "無",
        "200305": "無",
        "200306": "無",
        "200307": "無",
        "200308": "無",
        "200309": "無",
        "200310": "無",
        "200311": "無",
        "200312": "無",
        "200401": "無",
        "200402": "無",
        "200403": "無",
        "200404": "無",
        "200405": "無",
        "200406": "無",
        "200407": "無",
        "200408": "無",
        "200409": "無",
        "200410": "無",
        "200411": "無",
        "200412": "無",
        "200501": "無",
        "200502": "無",
        "200503": "無",
        "200504": "無",
        "200505": "無",
        "200506": "無",
        "200507": "無",
        "200508": "無",
        "200509": "無",
        "200510": "無",
        "200511": "無",
        "200512": "無",
        "200601": "無",
        "200602": "無",
        "200603": "無",
        "200604": "無",
        "200605": "無",
        "200606": "無",
        "200607": "無",
        "200608": "無",
        "200609": "無",
        "200610": "無",
        "200611": "無",
        "200612": "無",
        "200701": "無",
        "200702": "無",
        "200703": "無",
        "200704": "無",
        "200705": "無",
        "200706": "無",
        "200707": "無",
        "200708": "無",
        "200709": "無",
        "200710": "無",
        "200711": "無",
        "200712": "無",
        "200801": "無",
        "200802": "無",
        "200803": "無",
        "200804": "無",
        "200805": "無",
        "200806": "無",
        "200807": "無",
        "200808": "無",
        "200809": "無",
        "200810": "無",
        "200811": "無",
        "200812": "無",
        "200901": "無",
        "200902": "無",
        "200903": "無",
        "200904": "無",
        "200905": "無",
        "200906": "無",
        "200907": "無",
        "200908": "無",
        "200909": "無",
        "200910": "無",
        "200911": "無",
        "200912": "無",
        "201001": "無",
        "201002": "無",
        "201003": "無",
        "201004": "無",
        "201005": "無",
        "201006": "無",
        "201007": "無",
        "201008": "無",
        "201009": "無",
        "201010": "無",
        "201011": "無",
        "201012": "無",
        "201101": "無",
        "201102": "無",
        "201103": "無",
        "201104": "無",
        "201105": "無",
        "201106": "無",
        "201107": "無",
        "201108": "無",
        "201109": "無",
        "201110": "無",
        "201111": "無",
        "201112": "無",
        "201201": "無",
        "201202": "無",
        "201203": "無",
        "201204": "無",
        "201205": "無",
        "201206": "無",
        "201207": "無",
        "201208": "無",
        "201209": "無",
        "201210": "無",
        "201211": "無",
        "201212": "無",
        "201301": "無",
        "201302": "無",
        "201303": "無",
        "201304": "無",
        "201305": "無",
        "201306": "無",
        "201307": "無",
        "201308": "無",
        "201309": "無",
        "201310": "無",
        "201311": "無",
        "201312": "無",
        "201401": "無",
        "201402": "無",
        "201403": "無",
        "201404": "無",
        "201405": "無",
        "201406": "無",
        "201407": "無",
        "201408": "無",
        "201409": "無",
        "201410": "無",
        "201411": "無",
        "201412": "無",
        "201501": "無",
        "201502": "無",
        "201503": "無",
        "201504": "無",
        "201505": "無",
        "201506": "無",
        "201507": "無",
        "201508": "無",
        "201509": "無",
        "201510": "無",
        "201511": "無",
        "201512": "無",
        "201601": "97.67",
        "201602": "93.22",
        "201603": "127.14",
        "201604": "147.75",
        "201605": "121.95",
        "201606": "121.86",
        "201607": "130.18",
        "201608": "150.78",
        "201609": "168.69",
        "201610": "168.89",
        "201611": "157.52",
        "201612": "153.58",
        "201701": "141.91",
        "201702": "152.17",
        "201703": "162.17",
        "201704": "163.08",
        "201705": "183.18",
        "201706": "178.33",
        "201707": "184.76",
        "201708": "200.04",
        "201709": "199.70",
        "201710": "208.89",
        "201711": "187.82",
        "201712": "177.55",
        "201801": "187.55",
        "201802": "180.42",
        "201803": "173.67",
        "201804": "153.03",
        "201805": "138.80",
        "201806": "129.95",
        "201807": "136.66",
        "201808": "148.30",
        "201809": "135.42",
        "201810": "105.07",
        "201811": "121.59",
        "201812": "145.90",
        "201901": "146.38",
        "201902": "155.19",
        "201903": "153.30",
        "201904": "165.80",
        "201905": "159.25",
        "201906": "165.42",
        "201907": "194.61",
        "201908": "205.29",
        "201909": "206.16",
        "201910": "194.98",
        "201911": "182.12",
        "201912": "179.66",
        "202001": "168.83",
        "202002": "145.55",
        "202003": "110.90",
        "202004": "115.92",
        "202005": "124.55",
        "202006": "131.02",
        "202007": "145.96",
        "202008": "146.86",
        "202009": "151.39",
        "202010": "133.21",
        "202011": "133.24",
        "202012": "137.76",
        "202101": "140.60",
        "202102": "139.27",
        "202103": "142.80",
        "202104": "157.08",
        "202105": "133.88",
        "202106": "135.36",
        "202107": "158.32",
        "202108": "234.23",
        "202109": "334.22",
        "202110": "310.88",
        "202111": "350.39",
        "202112": "361.55",
        "202201": "318.19",
        "202202": "225.57",
        "202203": "206.61",
        "202204": "168.00",
        "202205": "161.86",
        "202206": "165.38",
        "202207": "124.79",
        "202208": "128.59",
        "202209": "139.83",
        "202210": "123.72",
        "202211": "136.18",
        "202212": "175.25",
        "202301": "164.46",
        "202302": "174.11",
        "202303": "165.04",
        "202304": "173.59",
        "202305": "167.50",
        "202306": "160.03"
    },
    "quarters": {
        "20011": {
            "year_quarter": 20011,
            "year": 2001,
            "quarter": 1,
            "eps": null,
            "eps_growth_year": null,
            "eps_4q": null,
            "eps_4q_growth_year": null,
            "roe": null,
            "roe_4q": 0,
            "gross_profit": null,
            "gross_margin": null,
            "gross_margin_4q_avg": 0,
            "net_income": null,
            "revenue": null,
            "common_shares": null,
            "book_valuer_per_share": null,
            "book_valuer_per_share_4q_avg": 0,
            "equity": null,
            "current_ratio": null,
            "debt_ratio": null,
            "inventory_turnover_ratio": null,
            "account_receivable_turnover_ratio": null,
            "reinvestment_rate": null,
            "research_to_sale_ratio": null,
            "price_fair": 0,
            "eps_avg_yearly": 0,
            "eps_latest_yearly": 0,
            "eps_growth_yearly": 0
        },
        "20012": {
            "year_quarter": 20012,
            "year": 2001,
            "quarter": 2,
            "eps": null,
            "eps_growth_year": null,
            "eps_4q": null,
            "eps_4q_growth_year": null,
            "roe": null,
            "roe_4q": 0,
            "gross_profit": null,
            "gross_margin": null,
            "gross_margin_4q_avg": 0,
            "net_income": null,
            "revenue": null,
            "common_shares": null,
            "book_valuer_per_share": null,
            "book_valuer_per_share_4q_avg": 0,
            "equity": null,
            "current_ratio": null,
            "debt_ratio": null,
            "inventory_turnover_ratio": null,
            "account_receivable_turnover_ratio": null,
            "reinvestment_rate": null,
            "research_to_sale_ratio": null,
            "price_fair": 0,
            "eps_avg_yearly": 0,
            "eps_latest_yearly": 0,
            "eps_growth_yearly": 0
        },
        "20013": {
            "year_quarter": 20013,
            "year": 2001,
            "quarter": 3,
            "eps": null,
            "eps_growth_year": null,
            "eps_4q": null,
            "eps_4q_growth_year": null,
            "roe": null,
            "roe_4q": 0,
            "gross_profit": null,
            "gross_margin": null,
            "gross_margin_4q_avg": 0,
            "net_income": null,
            "revenue": null,
            "common_shares": null,
            "book_valuer_per_share": null,
            "book_valuer_per_share_4q_avg": 0,
            "equity": null,
            "current_ratio": null,
            "debt_ratio": null,
            "inventory_turnover_ratio": null,
            "account_receivable_turnover_ratio": null,
            "reinvestment_rate": null,
            "research_to_sale_ratio": null,
            "price_fair": 0,
            "eps_avg_yearly": 0,
            "eps_latest_yearly": 0,
            "eps_growth_yearly": 0
        },
        "20014": {
            "year_quarter": 20014,
            "year": 2001,
            "quarter": 4,
            "eps": null,
            "eps_growth_year": null,
            "eps_4q": null,
            "eps_4q_growth_year": null,
            "roe": null,
            "roe_4q": 0,
            "gross_profit": null,
            "gross_margin": null,
            "gross_margin_4q_avg": 0,
            "net_income": null,
            "revenue": null,
            "common_shares": null,
            "book_valuer_per_share": null,
            "book_valuer_per_share_4q_avg": 0,
            "equity": null,
            "current_ratio": null,
            "debt_ratio": null,
            "inventory_turnover_ratio": null,
            "account_receivable_turnover_ratio": null,
            "reinvestment_rate": null,
            "research_to_sale_ratio": null,
            "price_fair": 0,
            "eps_avg_yearly": 0,
            "eps_latest_yearly": 0,
            "eps_growth_yearly": 0
        },
        "20021": {
            "year_quarter": 20021,
            "year": 2002,
            "quarter": 1,
            "eps": null,
            "eps_growth_year": null,
            "eps_4q": null,
            "eps_4q_growth_year": null,
            "roe": null,
            "roe_4q": 0,
            "gross_profit": null,
            "gross_margin": null,
            "gross_margin_4q_avg": 0,
            "net_income": null,
            "revenue": null,
            "common_shares": null,
            "book_valuer_per_share": null,
            "book_valuer_per_share_4q_avg": 0,
            "equity": null,
            "current_ratio": null,
            "debt_ratio": null,
            "inventory_turnover_ratio": null,
            "account_receivable_turnover_ratio": null,
            "reinvestment_rate": null,
            "research_to_sale_ratio": null,
            "price_fair": 0,
            "eps_avg_yearly": 0,
            "eps_latest_yearly": 0,
            "eps_growth_yearly": 0
        },
        "20022": {
            "year_quarter": 20022,
            "year": 2002,
            "quarter": 2,
            "eps": null,
            "eps_growth_year": null,
            "eps_4q": null,
            "eps_4q_growth_year": null,
            "roe": null,
            "roe_4q": 0,
            "gross_profit": null,
            "gross_margin": null,
            "gross_margin_4q_avg": 0,
            "net_income": null,
            "revenue": null,
            "common_shares": null,
            "book_valuer_per_share": null,
            "book_valuer_per_share_4q_avg": 0,
            "equity": null,
            "current_ratio": null,
            "debt_ratio": null,
            "inventory_turnover_ratio": null,
            "account_receivable_turnover_ratio": null,
            "reinvestment_rate": null,
            "research_to_sale_ratio": null,
            "price_fair": 0,
            "eps_avg_yearly": 0,
            "eps_latest_yearly": 0,
            "eps_growth_yearly": 0
        },
        "20023": {
            "year_quarter": 20023,
            "year": 2002,
            "quarter": 3,
            "eps": null,
            "eps_growth_year": null,
            "eps_4q": null,
            "eps_4q_growth_year": null,
            "roe": null,
            "roe_4q": 0,
            "gross_profit": null,
            "gross_margin": null,
            "gross_margin_4q_avg": 0,
            "net_income": null,
            "revenue": null,
            "common_shares": null,
            "book_valuer_per_share": null,
            "book_valuer_per_share_4q_avg": 0,
            "equity": null,
            "current_ratio": null,
            "debt_ratio": null,
            "inventory_turnover_ratio": null,
            "account_receivable_turnover_ratio": null,
            "reinvestment_rate": null,
            "research_to_sale_ratio": null,
            "price_fair": 0,
            "eps_avg_yearly": 0,
            "eps_latest_yearly": 0,
            "eps_growth_yearly": 0
        },
        "20024": {
            "year_quarter": 20024,
            "year": 2002,
            "quarter": 4,
            "eps": null,
            "eps_growth_year": null,
            "eps_4q": null,
            "eps_4q_growth_year": null,
            "roe": null,
            "roe_4q": 0,
            "gross_profit": null,
            "gross_margin": null,
            "gross_margin_4q_avg": 0,
            "net_income": null,
            "revenue": null,
            "common_shares": null,
            "book_valuer_per_share": null,
            "book_valuer_per_share_4q_avg": 0,
            "equity": null,
            "current_ratio": null,
            "debt_ratio": null,
            "inventory_turnover_ratio": null,
            "account_receivable_turnover_ratio": null,
            "reinvestment_rate": null,
            "research_to_sale_ratio": null,
            "price_fair": 0,
            "eps_avg_yearly": 0,
            "eps_latest_yearly": 0,
            "eps_growth_yearly": 0
        },
        "20031": {
            "year_quarter": 20031,
            "year": 2003,
            "quarter": 1,
            "eps": null,
            "eps_growth_year": null,
            "eps_4q": null,
            "eps_4q_growth_year": null,
            "roe": null,
            "roe_4q": 0,
            "gross_profit": null,
            "gross_margin": null,
            "gross_margin_4q_avg": 0,
            "net_income": null,
            "revenue": null,
            "common_shares": null,
            "book_valuer_per_share": null,
            "book_valuer_per_share_4q_avg": 0,
            "equity": null,
            "current_ratio": null,
            "debt_ratio": null,
            "inventory_turnover_ratio": null,
            "account_receivable_turnover_ratio": null,
            "reinvestment_rate": null,
            "research_to_sale_ratio": null,
            "price_fair": 0,
            "eps_avg_yearly": 0,
            "eps_latest_yearly": 0,
            "eps_growth_yearly": 0
        },
        "20032": {
            "year_quarter": 20032,
            "year": 2003,
            "quarter": 2,
            "eps": null,
            "eps_growth_year": null,
            "eps_4q": null,
            "eps_4q_growth_year": null,
            "roe": null,
            "roe_4q": 0,
            "gross_profit": null,
            "gross_margin": null,
            "gross_margin_4q_avg": 0,
            "net_income": null,
            "revenue": null,
            "common_shares": null,
            "book_valuer_per_share": null,
            "book_valuer_per_share_4q_avg": 0,
            "equity": null,
            "current_ratio": null,
            "debt_ratio": null,
            "inventory_turnover_ratio": null,
            "account_receivable_turnover_ratio": null,
            "reinvestment_rate": null,
            "research_to_sale_ratio": null,
            "price_fair": 0,
            "eps_avg_yearly": 0,
            "eps_latest_yearly": 0,
            "eps_growth_yearly": 0
        },
        "20033": {
            "year_quarter": 20033,
            "year": 2003,
            "quarter": 3,
            "eps": null,
            "eps_growth_year": null,
            "eps_4q": null,
            "eps_4q_growth_year": null,
            "roe": null,
            "roe_4q": 0,
            "gross_profit": null,
            "gross_margin": null,
            "gross_margin_4q_avg": 0,
            "net_income": null,
            "revenue": null,
            "common_shares": null,
            "book_valuer_per_share": null,
            "book_valuer_per_share_4q_avg": 0,
            "equity": null,
            "current_ratio": null,
            "debt_ratio": null,
            "inventory_turnover_ratio": null,
            "account_receivable_turnover_ratio": null,
            "reinvestment_rate": null,
            "research_to_sale_ratio": null,
            "price_fair": 0,
            "eps_avg_yearly": 0,
            "eps_latest_yearly": 0,
            "eps_growth_yearly": 0
        },
        "20034": {
            "year_quarter": 20034,
            "year": 2003,
            "quarter": 4,
            "eps": null,
            "eps_growth_year": null,
            "eps_4q": null,
            "eps_4q_growth_year": null,
            "roe": null,
            "roe_4q": 0,
            "gross_profit": null,
            "gross_margin": null,
            "gross_margin_4q_avg": 0,
            "net_income": null,
            "revenue": null,
            "common_shares": null,
            "book_valuer_per_share": null,
            "book_valuer_per_share_4q_avg": 0,
            "equity": null,
            "current_ratio": null,
            "debt_ratio": null,
            "inventory_turnover_ratio": null,
            "account_receivable_turnover_ratio": null,
            "reinvestment_rate": null,
            "research_to_sale_ratio": null,
            "price_fair": 0,
            "eps_avg_yearly": 0,
            "eps_latest_yearly": 0,
            "eps_growth_yearly": 0
        },
        "20041": {
            "year_quarter": 20041,
            "year": 2004,
            "quarter": 1,
            "eps": null,
            "eps_growth_year": null,
            "eps_4q": null,
            "eps_4q_growth_year": null,
            "roe": null,
            "roe_4q": 0,
            "gross_profit": null,
            "gross_margin": null,
            "gross_margin_4q_avg": 0,
            "net_income": null,
            "revenue": null,
            "common_shares": null,
            "book_valuer_per_share": null,
            "book_valuer_per_share_4q_avg": 0,
            "equity": null,
            "current_ratio": null,
            "debt_ratio": null,
            "inventory_turnover_ratio": null,
            "account_receivable_turnover_ratio": null,
            "reinvestment_rate": null,
            "research_to_sale_ratio": null,
            "price_fair": 0,
            "eps_avg_yearly": 0,
            "eps_latest_yearly": 0,
            "eps_growth_yearly": 0
        },
        "20042": {
            "year_quarter": 20042,
            "year": 2004,
            "quarter": 2,
            "eps": null,
            "eps_growth_year": null,
            "eps_4q": null,
            "eps_4q_growth_year": null,
            "roe": null,
            "roe_4q": 0,
            "gross_profit": null,
            "gross_margin": null,
            "gross_margin_4q_avg": 0,
            "net_income": null,
            "revenue": null,
            "common_shares": null,
            "book_valuer_per_share": null,
            "book_valuer_per_share_4q_avg": 0,
            "equity": null,
            "current_ratio": null,
            "debt_ratio": null,
            "inventory_turnover_ratio": null,
            "account_receivable_turnover_ratio": null,
            "reinvestment_rate": null,
            "research_to_sale_ratio": null,
            "price_fair": 0,
            "eps_avg_yearly": 0,
            "eps_latest_yearly": 0,
            "eps_growth_yearly": 0
        },
        "20043": {
            "year_quarter": 20043,
            "year": 2004,
            "quarter": 3,
            "eps": null,
            "eps_growth_year": null,
            "eps_4q": null,
            "eps_4q_growth_year": null,
            "roe": null,
            "roe_4q": 0,
            "gross_profit": null,
            "gross_margin": null,
            "gross_margin_4q_avg": 0,
            "net_income": null,
            "revenue": null,
            "common_shares": null,
            "book_valuer_per_share": null,
            "book_valuer_per_share_4q_avg": 0,
            "equity": null,
            "current_ratio": null,
            "debt_ratio": null,
            "inventory_turnover_ratio": null,
            "account_receivable_turnover_ratio": null,
            "reinvestment_rate": null,
            "research_to_sale_ratio": null,
            "price_fair": 0,
            "eps_avg_yearly": 0,
            "eps_latest_yearly": 0,
            "eps_growth_yearly": 0
        },
        "20044": {
            "year_quarter": 20044,
            "year": 2004,
            "quarter": 4,
            "eps": null,
            "eps_growth_year": null,
            "eps_4q": null,
            "eps_4q_growth_year": null,
            "roe": null,
            "roe_4q": 0,
            "gross_profit": null,
            "gross_margin": null,
            "gross_margin_4q_avg": 0,
            "net_income": null,
            "revenue": null,
            "common_shares": null,
            "book_valuer_per_share": null,
            "book_valuer_per_share_4q_avg": 0,
            "equity": null,
            "current_ratio": null,
            "debt_ratio": null,
            "inventory_turnover_ratio": null,
            "account_receivable_turnover_ratio": null,
            "reinvestment_rate": null,
            "research_to_sale_ratio": null,
            "price_fair": 0,
            "eps_avg_yearly": 0,
            "eps_latest_yearly": 0,
            "eps_growth_yearly": 0
        },
        "20051": {
            "year_quarter": 20051,
            "year": 2005,
            "quarter": 1,
            "eps": null,
            "eps_growth_year": null,
            "eps_4q": null,
            "eps_4q_growth_year": null,
            "roe": null,
            "roe_4q": 0,
            "gross_profit": null,
            "gross_margin": null,
            "gross_margin_4q_avg": 0,
            "net_income": null,
            "revenue": null,
            "common_shares": null,
            "book_valuer_per_share": null,
            "book_valuer_per_share_4q_avg": 0,
            "equity": null,
            "current_ratio": null,
            "debt_ratio": null,
            "inventory_turnover_ratio": null,
            "account_receivable_turnover_ratio": null,
            "reinvestment_rate": null,
            "research_to_sale_ratio": null,
            "price_fair": 0,
            "eps_avg_yearly": 0,
            "eps_latest_yearly": 0,
            "eps_growth_yearly": 0
        },
        "20052": {
            "year_quarter": 20052,
            "year": 2005,
            "quarter": 2,
            "eps": null,
            "eps_growth_year": null,
            "eps_4q": null,
            "eps_4q_growth_year": null,
            "roe": null,
            "roe_4q": 0,
            "gross_profit": null,
            "gross_margin": null,
            "gross_margin_4q_avg": 0,
            "net_income": null,
            "revenue": null,
            "common_shares": null,
            "book_valuer_per_share": null,
            "book_valuer_per_share_4q_avg": 0,
            "equity": null,
            "current_ratio": null,
            "debt_ratio": null,
            "inventory_turnover_ratio": null,
            "account_receivable_turnover_ratio": null,
            "reinvestment_rate": null,
            "research_to_sale_ratio": null,
            "price_fair": 0,
            "eps_avg_yearly": 0,
            "eps_latest_yearly": 0,
            "eps_growth_yearly": 0
        },
        "20053": {
            "year_quarter": 20053,
            "year": 2005,
            "quarter": 3,
            "eps": null,
            "eps_growth_year": null,
            "eps_4q": null,
            "eps_4q_growth_year": null,
            "roe": null,
            "roe_4q": 0,
            "gross_profit": null,
            "gross_margin": null,
            "gross_margin_4q_avg": 0,
            "net_income": null,
            "revenue": null,
            "common_shares": null,
            "book_valuer_per_share": null,
            "book_valuer_per_share_4q_avg": 0,
            "equity": null,
            "current_ratio": null,
            "debt_ratio": null,
            "inventory_turnover_ratio": null,
            "account_receivable_turnover_ratio": null,
            "reinvestment_rate": null,
            "research_to_sale_ratio": null,
            "price_fair": 0,
            "eps_avg_yearly": 0,
            "eps_latest_yearly": 0,
            "eps_growth_yearly": 0
        },
        "20054": {
            "year_quarter": 20054,
            "year": 2005,
            "quarter": 4,
            "eps": null,
            "eps_growth_year": null,
            "eps_4q": null,
            "eps_4q_growth_year": null,
            "roe": null,
            "roe_4q": 0,
            "gross_profit": null,
            "gross_margin": null,
            "gross_margin_4q_avg": 0,
            "net_income": null,
            "revenue": null,
            "common_shares": null,
            "book_valuer_per_share": null,
            "book_valuer_per_share_4q_avg": 0,
            "equity": null,
            "current_ratio": null,
            "debt_ratio": null,
            "inventory_turnover_ratio": null,
            "account_receivable_turnover_ratio": null,
            "reinvestment_rate": null,
            "research_to_sale_ratio": null,
            "price_fair": 0,
            "eps_avg_yearly": 0,
            "eps_latest_yearly": 0,
            "eps_growth_yearly": 0
        },
        "20061": {
            "year_quarter": 20061,
            "year": 2006,
            "quarter": 1,
            "eps": null,
            "eps_growth_year": null,
            "eps_4q": null,
            "eps_4q_growth_year": null,
            "roe": null,
            "roe_4q": 0,
            "gross_profit": null,
            "gross_margin": null,
            "gross_margin_4q_avg": 0,
            "net_income": null,
            "revenue": null,
            "common_shares": null,
            "book_valuer_per_share": null,
            "book_valuer_per_share_4q_avg": 0,
            "equity": null,
            "current_ratio": null,
            "debt_ratio": null,
            "inventory_turnover_ratio": null,
            "account_receivable_turnover_ratio": null,
            "reinvestment_rate": null,
            "research_to_sale_ratio": null,
            "price_fair": 0,
            "eps_avg_yearly": 0,
            "eps_latest_yearly": 0,
            "eps_growth_yearly": 0
        },
        "20062": {
            "year_quarter": 20062,
            "year": 2006,
            "quarter": 2,
            "eps": null,
            "eps_growth_year": null,
            "eps_4q": null,
            "eps_4q_growth_year": null,
            "roe": null,
            "roe_4q": 0,
            "gross_profit": null,
            "gross_margin": null,
            "gross_margin_4q_avg": 0,
            "net_income": null,
            "revenue": null,
            "common_shares": null,
            "book_valuer_per_share": null,
            "book_valuer_per_share_4q_avg": 0,
            "equity": null,
            "current_ratio": null,
            "debt_ratio": null,
            "inventory_turnover_ratio": null,
            "account_receivable_turnover_ratio": null,
            "reinvestment_rate": null,
            "research_to_sale_ratio": null,
            "price_fair": 0,
            "eps_avg_yearly": 0,
            "eps_latest_yearly": 0,
            "eps_growth_yearly": 0
        },
        "20063": {
            "year_quarter": 20063,
            "year": 2006,
            "quarter": 3,
            "eps": null,
            "eps_growth_year": null,
            "eps_4q": null,
            "eps_4q_growth_year": null,
            "roe": null,
            "roe_4q": 0,
            "gross_profit": null,
            "gross_margin": null,
            "gross_margin_4q_avg": 0,
            "net_income": null,
            "revenue": null,
            "common_shares": null,
            "book_valuer_per_share": null,
            "book_valuer_per_share_4q_avg": 0,
            "equity": null,
            "current_ratio": null,
            "debt_ratio": null,
            "inventory_turnover_ratio": null,
            "account_receivable_turnover_ratio": null,
            "reinvestment_rate": null,
            "research_to_sale_ratio": null,
            "price_fair": 0,
            "eps_avg_yearly": 0,
            "eps_latest_yearly": 0,
            "eps_growth_yearly": 0
        },
        "20064": {
            "year_quarter": 20064,
            "year": 2006,
            "quarter": 4,
            "eps": null,
            "eps_growth_year": null,
            "eps_4q": null,
            "eps_4q_growth_year": null,
            "roe": null,
            "roe_4q": 0,
            "gross_profit": null,
            "gross_margin": null,
            "gross_margin_4q_avg": 0,
            "net_income": null,
            "revenue": null,
            "common_shares": null,
            "book_valuer_per_share": null,
            "book_valuer_per_share_4q_avg": 0,
            "equity": null,
            "current_ratio": null,
            "debt_ratio": null,
            "inventory_turnover_ratio": null,
            "account_receivable_turnover_ratio": null,
            "reinvestment_rate": null,
            "research_to_sale_ratio": null,
            "price_fair": 0,
            "eps_avg_yearly": 0,
            "eps_latest_yearly": 0,
            "eps_growth_yearly": 0
        },
        "20071": {
            "year_quarter": 20071,
            "year": 2007,
            "quarter": 1,
            "eps": null,
            "eps_growth_year": null,
            "eps_4q": null,
            "eps_4q_growth_year": null,
            "roe": null,
            "roe_4q": 0,
            "gross_profit": null,
            "gross_margin": null,
            "gross_margin_4q_avg": 0,
            "net_income": null,
            "revenue": null,
            "common_shares": null,
            "book_valuer_per_share": null,
            "book_valuer_per_share_4q_avg": 0,
            "equity": null,
            "current_ratio": null,
            "debt_ratio": null,
            "inventory_turnover_ratio": null,
            "account_receivable_turnover_ratio": null,
            "reinvestment_rate": null,
            "research_to_sale_ratio": null,
            "price_fair": 0,
            "eps_avg_yearly": 0,
            "eps_latest_yearly": 0,
            "eps_growth_yearly": 0
        },
        "20072": {
            "year_quarter": 20072,
            "year": 2007,
            "quarter": 2,
            "eps": null,
            "eps_growth_year": null,
            "eps_4q": null,
            "eps_4q_growth_year": null,
            "roe": null,
            "roe_4q": 0,
            "gross_profit": null,
            "gross_margin": null,
            "gross_margin_4q_avg": 0,
            "net_income": null,
            "revenue": null,
            "common_shares": null,
            "book_valuer_per_share": null,
            "book_valuer_per_share_4q_avg": 0,
            "equity": null,
            "current_ratio": null,
            "debt_ratio": null,
            "inventory_turnover_ratio": null,
            "account_receivable_turnover_ratio": null,
            "reinvestment_rate": null,
            "research_to_sale_ratio": null,
            "price_fair": 0,
            "eps_avg_yearly": 0,
            "eps_latest_yearly": 0,
            "eps_growth_yearly": 0
        },
        "20073": {
            "year_quarter": 20073,
            "year": 2007,
            "quarter": 3,
            "eps": null,
            "eps_growth_year": null,
            "eps_4q": null,
            "eps_4q_growth_year": null,
            "roe": null,
            "roe_4q": 0,
            "gross_profit": null,
            "gross_margin": null,
            "gross_margin_4q_avg": 0,
            "net_income": null,
            "revenue": null,
            "common_shares": null,
            "book_valuer_per_share": null,
            "book_valuer_per_share_4q_avg": 0,
            "equity": null,
            "current_ratio": null,
            "debt_ratio": null,
            "inventory_turnover_ratio": null,
            "account_receivable_turnover_ratio": null,
            "reinvestment_rate": null,
            "research_to_sale_ratio": null,
            "price_fair": 0,
            "eps_avg_yearly": 0,
            "eps_latest_yearly": 0,
            "eps_growth_yearly": 0
        },
        "20074": {
            "year_quarter": 20074,
            "year": 2007,
            "quarter": 4,
            "eps": null,
            "eps_growth_year": null,
            "eps_4q": null,
            "eps_4q_growth_year": null,
            "roe": null,
            "roe_4q": 0,
            "gross_profit": null,
            "gross_margin": null,
            "gross_margin_4q_avg": 0,
            "net_income": null,
            "revenue": null,
            "common_shares": null,
            "book_valuer_per_share": null,
            "book_valuer_per_share_4q_avg": 0,
            "equity": null,
            "current_ratio": null,
            "debt_ratio": null,
            "inventory_turnover_ratio": null,
            "account_receivable_turnover_ratio": null,
            "reinvestment_rate": null,
            "research_to_sale_ratio": null,
            "price_fair": 0,
            "eps_avg_yearly": 0,
            "eps_latest_yearly": 0,
            "eps_growth_yearly": 0
        },
        "20081": {
            "year_quarter": 20081,
            "year": 2008,
            "quarter": 1,
            "eps": null,
            "eps_growth_year": null,
            "eps_4q": null,
            "eps_4q_growth_year": null,
            "roe": null,
            "roe_4q": 0,
            "gross_profit": null,
            "gross_margin": null,
            "gross_margin_4q_avg": 0,
            "net_income": null,
            "revenue": null,
            "common_shares": null,
            "book_valuer_per_share": null,
            "book_valuer_per_share_4q_avg": 0,
            "equity": null,
            "current_ratio": null,
            "debt_ratio": null,
            "inventory_turnover_ratio": null,
            "account_receivable_turnover_ratio": null,
            "reinvestment_rate": null,
            "research_to_sale_ratio": null,
            "price_fair": 0,
            "eps_avg_yearly": 0,
            "eps_latest_yearly": 0,
            "eps_growth_yearly": 0
        },
        "20082": {
            "year_quarter": 20082,
            "year": 2008,
            "quarter": 2,
            "eps": null,
            "eps_growth_year": null,
            "eps_4q": null,
            "eps_4q_growth_year": null,
            "roe": null,
            "roe_4q": 0,
            "gross_profit": null,
            "gross_margin": null,
            "gross_margin_4q_avg": 0,
            "net_income": null,
            "revenue": null,
            "common_shares": null,
            "book_valuer_per_share": null,
            "book_valuer_per_share_4q_avg": 0,
            "equity": null,
            "current_ratio": null,
            "debt_ratio": null,
            "inventory_turnover_ratio": null,
            "account_receivable_turnover_ratio": null,
            "reinvestment_rate": null,
            "research_to_sale_ratio": null,
            "price_fair": 0,
            "eps_avg_yearly": 0,
            "eps_latest_yearly": 0,
            "eps_growth_yearly": 0
        },
        "20083": {
            "year_quarter": 20083,
            "year": 2008,
            "quarter": 3,
            "eps": null,
            "eps_growth_year": null,
            "eps_4q": null,
            "eps_4q_growth_year": null,
            "roe": null,
            "roe_4q": 0,
            "gross_profit": null,
            "gross_margin": null,
            "gross_margin_4q_avg": 0,
            "net_income": null,
            "revenue": null,
            "common_shares": null,
            "book_valuer_per_share": null,
            "book_valuer_per_share_4q_avg": 0,
            "equity": null,
            "current_ratio": null,
            "debt_ratio": null,
            "inventory_turnover_ratio": null,
            "account_receivable_turnover_ratio": null,
            "reinvestment_rate": null,
            "research_to_sale_ratio": null,
            "price_fair": 0,
            "eps_avg_yearly": 0,
            "eps_latest_yearly": 0,
            "eps_growth_yearly": 0
        },
        "20084": {
            "year_quarter": 20084,
            "year": 2008,
            "quarter": 4,
            "eps": null,
            "eps_growth_year": null,
            "eps_4q": null,
            "eps_4q_growth_year": null,
            "roe": null,
            "roe_4q": 0,
            "gross_profit": null,
            "gross_margin": null,
            "gross_margin_4q_avg": 0,
            "net_income": null,
            "revenue": null,
            "common_shares": null,
            "book_valuer_per_share": null,
            "book_valuer_per_share_4q_avg": 0,
            "equity": null,
            "current_ratio": null,
            "debt_ratio": null,
            "inventory_turnover_ratio": null,
            "account_receivable_turnover_ratio": null,
            "reinvestment_rate": null,
            "research_to_sale_ratio": null,
            "price_fair": 0,
            "eps_avg_yearly": 0,
            "eps_latest_yearly": 0,
            "eps_growth_yearly": 0
        },
        "20091": {
            "year_quarter": 20091,
            "year": 2009,
            "quarter": 1,
            "eps": null,
            "eps_growth_year": null,
            "eps_4q": null,
            "eps_4q_growth_year": null,
            "roe": null,
            "roe_4q": 0,
            "gross_profit": null,
            "gross_margin": null,
            "gross_margin_4q_avg": 0,
            "net_income": null,
            "revenue": null,
            "common_shares": null,
            "book_valuer_per_share": null,
            "book_valuer_per_share_4q_avg": 0,
            "equity": null,
            "current_ratio": null,
            "debt_ratio": null,
            "inventory_turnover_ratio": null,
            "account_receivable_turnover_ratio": null,
            "reinvestment_rate": null,
            "research_to_sale_ratio": null,
            "price_fair": 0,
            "eps_avg_yearly": 0,
            "eps_latest_yearly": 0,
            "eps_growth_yearly": 0
        },
        "20092": {
            "year_quarter": 20092,
            "year": 2009,
            "quarter": 2,
            "eps": null,
            "eps_growth_year": null,
            "eps_4q": null,
            "eps_4q_growth_year": null,
            "roe": null,
            "roe_4q": 0,
            "gross_profit": null,
            "gross_margin": null,
            "gross_margin_4q_avg": 0,
            "net_income": null,
            "revenue": null,
            "common_shares": null,
            "book_valuer_per_share": null,
            "book_valuer_per_share_4q_avg": 0,
            "equity": null,
            "current_ratio": null,
            "debt_ratio": null,
            "inventory_turnover_ratio": null,
            "account_receivable_turnover_ratio": null,
            "reinvestment_rate": null,
            "research_to_sale_ratio": null,
            "price_fair": 0,
            "eps_avg_yearly": 0,
            "eps_latest_yearly": 0,
            "eps_growth_yearly": 0
        },
        "20093": {
            "year_quarter": 20093,
            "year": 2009,
            "quarter": 3,
            "eps": null,
            "eps_growth_year": null,
            "eps_4q": null,
            "eps_4q_growth_year": null,
            "roe": null,
            "roe_4q": 0,
            "gross_profit": null,
            "gross_margin": null,
            "gross_margin_4q_avg": 0,
            "net_income": null,
            "revenue": null,
            "common_shares": null,
            "book_valuer_per_share": null,
            "book_valuer_per_share_4q_avg": 0,
            "equity": null,
            "current_ratio": null,
            "debt_ratio": null,
            "inventory_turnover_ratio": null,
            "account_receivable_turnover_ratio": null,
            "reinvestment_rate": null,
            "research_to_sale_ratio": null,
            "price_fair": 0,
            "eps_avg_yearly": 0,
            "eps_latest_yearly": 0,
            "eps_growth_yearly": 0
        },
        "20094": {
            "year_quarter": 20094,
            "year": 2009,
            "quarter": 4,
            "eps": null,
            "eps_growth_year": null,
            "eps_4q": null,
            "eps_4q_growth_year": null,
            "roe": null,
            "roe_4q": 0,
            "gross_profit": null,
            "gross_margin": null,
            "gross_margin_4q_avg": 0,
            "net_income": null,
            "revenue": null,
            "common_shares": null,
            "book_valuer_per_share": null,
            "book_valuer_per_share_4q_avg": 0,
            "equity": null,
            "current_ratio": null,
            "debt_ratio": null,
            "inventory_turnover_ratio": null,
            "account_receivable_turnover_ratio": null,
            "reinvestment_rate": null,
            "research_to_sale_ratio": null,
            "price_fair": 0,
            "eps_avg_yearly": 0,
            "eps_latest_yearly": 0,
            "eps_growth_yearly": 0
        },
        "20101": {
            "year_quarter": 20101,
            "year": 2010,
            "quarter": 1,
            "eps": null,
            "eps_growth_year": null,
            "eps_4q": null,
            "eps_4q_growth_year": null,
            "roe": null,
            "roe_4q": 0,
            "gross_profit": null,
            "gross_margin": null,
            "gross_margin_4q_avg": 0,
            "net_income": null,
            "revenue": null,
            "common_shares": null,
            "book_valuer_per_share": null,
            "book_valuer_per_share_4q_avg": 0,
            "equity": null,
            "current_ratio": null,
            "debt_ratio": null,
            "inventory_turnover_ratio": null,
            "account_receivable_turnover_ratio": null,
            "reinvestment_rate": null,
            "research_to_sale_ratio": null,
            "price_fair": 0,
            "eps_avg_yearly": 0,
            "eps_latest_yearly": 0,
            "eps_growth_yearly": 0
        },
        "20102": {
            "year_quarter": 20102,
            "year": 2010,
            "quarter": 2,
            "eps": null,
            "eps_growth_year": null,
            "eps_4q": null,
            "eps_4q_growth_year": null,
            "roe": null,
            "roe_4q": 0,
            "gross_profit": null,
            "gross_margin": null,
            "gross_margin_4q_avg": 0,
            "net_income": null,
            "revenue": null,
            "common_shares": null,
            "book_valuer_per_share": null,
            "book_valuer_per_share_4q_avg": 0,
            "equity": null,
            "current_ratio": null,
            "debt_ratio": null,
            "inventory_turnover_ratio": null,
            "account_receivable_turnover_ratio": null,
            "reinvestment_rate": null,
            "research_to_sale_ratio": null,
            "price_fair": 0,
            "eps_avg_yearly": 0,
            "eps_latest_yearly": 0,
            "eps_growth_yearly": 0
        },
        "20103": {
            "year_quarter": 20103,
            "year": 2010,
            "quarter": 3,
            "eps": null,
            "eps_growth_year": null,
            "eps_4q": null,
            "eps_4q_growth_year": null,
            "roe": null,
            "roe_4q": 0,
            "gross_profit": null,
            "gross_margin": null,
            "gross_margin_4q_avg": 0,
            "net_income": null,
            "revenue": null,
            "common_shares": null,
            "book_valuer_per_share": null,
            "book_valuer_per_share_4q_avg": 0,
            "equity": null,
            "current_ratio": null,
            "debt_ratio": null,
            "inventory_turnover_ratio": null,
            "account_receivable_turnover_ratio": null,
            "reinvestment_rate": null,
            "research_to_sale_ratio": null,
            "price_fair": 0,
            "eps_avg_yearly": 0,
            "eps_latest_yearly": 0,
            "eps_growth_yearly": 0
        },
        "20104": {
            "year_quarter": 20104,
            "year": 2010,
            "quarter": 4,
            "eps": null,
            "eps_growth_year": null,
            "eps_4q": null,
            "eps_4q_growth_year": null,
            "roe": null,
            "roe_4q": 0,
            "gross_profit": null,
            "gross_margin": null,
            "gross_margin_4q_avg": 0,
            "net_income": null,
            "revenue": null,
            "common_shares": null,
            "book_valuer_per_share": null,
            "book_valuer_per_share_4q_avg": 0,
            "equity": null,
            "current_ratio": null,
            "debt_ratio": null,
            "inventory_turnover_ratio": null,
            "account_receivable_turnover_ratio": null,
            "reinvestment_rate": null,
            "research_to_sale_ratio": null,
            "price_fair": 0,
            "eps_avg_yearly": 0,
            "eps_latest_yearly": 0,
            "eps_growth_yearly": 0
        },
        "20111": {
            "year_quarter": 20111,
            "year": 2011,
            "quarter": 1,
            "eps": null,
            "eps_growth_year": null,
            "eps_4q": null,
            "eps_4q_growth_year": null,
            "roe": null,
            "roe_4q": 0,
            "gross_profit": null,
            "gross_margin": null,
            "gross_margin_4q_avg": 0,
            "net_income": null,
            "revenue": null,
            "common_shares": null,
            "book_valuer_per_share": null,
            "book_valuer_per_share_4q_avg": 0,
            "equity": null,
            "current_ratio": null,
            "debt_ratio": null,
            "inventory_turnover_ratio": null,
            "account_receivable_turnover_ratio": null,
            "reinvestment_rate": null,
            "research_to_sale_ratio": null,
            "price_fair": 0,
            "eps_avg_yearly": 0,
            "eps_latest_yearly": 0,
            "eps_growth_yearly": 0
        },
        "20112": {
            "year_quarter": 20112,
            "year": 2011,
            "quarter": 2,
            "eps": null,
            "eps_growth_year": null,
            "eps_4q": null,
            "eps_4q_growth_year": null,
            "roe": null,
            "roe_4q": 0,
            "gross_profit": null,
            "gross_margin": null,
            "gross_margin_4q_avg": 0,
            "net_income": null,
            "revenue": null,
            "common_shares": null,
            "book_valuer_per_share": null,
            "book_valuer_per_share_4q_avg": 0,
            "equity": null,
            "current_ratio": null,
            "debt_ratio": null,
            "inventory_turnover_ratio": null,
            "account_receivable_turnover_ratio": null,
            "reinvestment_rate": null,
            "research_to_sale_ratio": null,
            "price_fair": 0,
            "eps_avg_yearly": 0,
            "eps_latest_yearly": 0,
            "eps_growth_yearly": 0
        },
        "20113": {
            "year_quarter": 20113,
            "year": 2011,
            "quarter": 3,
            "eps": null,
            "eps_growth_year": null,
            "eps_4q": null,
            "eps_4q_growth_year": null,
            "roe": null,
            "roe_4q": 0,
            "gross_profit": null,
            "gross_margin": null,
            "gross_margin_4q_avg": 0,
            "net_income": null,
            "revenue": null,
            "common_shares": null,
            "book_valuer_per_share": null,
            "book_valuer_per_share_4q_avg": 0,
            "equity": null,
            "current_ratio": null,
            "debt_ratio": null,
            "inventory_turnover_ratio": null,
            "account_receivable_turnover_ratio": null,
            "reinvestment_rate": null,
            "research_to_sale_ratio": null,
            "price_fair": 0,
            "eps_avg_yearly": 0,
            "eps_latest_yearly": 0,
            "eps_growth_yearly": 0
        },
        "20114": {
            "year_quarter": 20114,
            "year": 2011,
            "quarter": 4,
            "eps": null,
            "eps_growth_year": null,
            "eps_4q": null,
            "eps_4q_growth_year": null,
            "roe": null,
            "roe_4q": 0,
            "gross_profit": null,
            "gross_margin": null,
            "gross_margin_4q_avg": 0,
            "net_income": null,
            "revenue": null,
            "common_shares": null,
            "book_valuer_per_share": null,
            "book_valuer_per_share_4q_avg": 0,
            "equity": null,
            "current_ratio": null,
            "debt_ratio": null,
            "inventory_turnover_ratio": null,
            "account_receivable_turnover_ratio": null,
            "reinvestment_rate": null,
            "research_to_sale_ratio": null,
            "price_fair": 0,
            "eps_avg_yearly": 0,
            "eps_latest_yearly": 0,
            "eps_growth_yearly": 0
        },
        "20121": {
            "year_quarter": 20121,
            "year": 2012,
            "quarter": 1,
            "eps": null,
            "eps_growth_year": null,
            "eps_4q": null,
            "eps_4q_growth_year": null,
            "roe": null,
            "roe_4q": 0,
            "gross_profit": null,
            "gross_margin": null,
            "gross_margin_4q_avg": 0,
            "net_income": null,
            "revenue": null,
            "common_shares": null,
            "book_valuer_per_share": null,
            "book_valuer_per_share_4q_avg": 0,
            "equity": null,
            "current_ratio": null,
            "debt_ratio": null,
            "inventory_turnover_ratio": null,
            "account_receivable_turnover_ratio": null,
            "reinvestment_rate": null,
            "research_to_sale_ratio": null,
            "price_fair": 0,
            "eps_avg_yearly": 0,
            "eps_latest_yearly": 0,
            "eps_growth_yearly": 0
        },
        "20122": {
            "year_quarter": 20122,
            "year": 2012,
            "quarter": 2,
            "eps": null,
            "eps_growth_year": null,
            "eps_4q": null,
            "eps_4q_growth_year": null,
            "roe": null,
            "roe_4q": 0,
            "gross_profit": null,
            "gross_margin": null,
            "gross_margin_4q_avg": 0,
            "net_income": null,
            "revenue": null,
            "common_shares": null,
            "book_valuer_per_share": null,
            "book_valuer_per_share_4q_avg": 0,
            "equity": null,
            "current_ratio": null,
            "debt_ratio": null,
            "inventory_turnover_ratio": null,
            "account_receivable_turnover_ratio": null,
            "reinvestment_rate": null,
            "research_to_sale_ratio": null,
            "price_fair": 0,
            "eps_avg_yearly": 0,
            "eps_latest_yearly": 0,
            "eps_growth_yearly": 0
        },
        "20123": {
            "year_quarter": 20123,
            "year": 2012,
            "quarter": 3,
            "eps": null,
            "eps_growth_year": null,
            "eps_4q": null,
            "eps_4q_growth_year": null,
            "roe": null,
            "roe_4q": 0,
            "gross_profit": null,
            "gross_margin": null,
            "gross_margin_4q_avg": 0,
            "net_income": null,
            "revenue": null,
            "common_shares": null,
            "book_valuer_per_share": null,
            "book_valuer_per_share_4q_avg": 0,
            "equity": null,
            "current_ratio": null,
            "debt_ratio": null,
            "inventory_turnover_ratio": null,
            "account_receivable_turnover_ratio": null,
            "reinvestment_rate": null,
            "research_to_sale_ratio": null,
            "price_fair": 0,
            "eps_avg_yearly": 0,
            "eps_latest_yearly": 0,
            "eps_growth_yearly": 0
        },
        "20124": {
            "year_quarter": 20124,
            "year": 2012,
            "quarter": 4,
            "eps": null,
            "eps_growth_year": null,
            "eps_4q": null,
            "eps_4q_growth_year": null,
            "roe": null,
            "roe_4q": 0,
            "gross_profit": null,
            "gross_margin": null,
            "gross_margin_4q_avg": 0,
            "net_income": null,
            "revenue": null,
            "common_shares": null,
            "book_valuer_per_share": null,
            "book_valuer_per_share_4q_avg": 0,
            "equity": null,
            "current_ratio": null,
            "debt_ratio": null,
            "inventory_turnover_ratio": null,
            "account_receivable_turnover_ratio": null,
            "reinvestment_rate": null,
            "research_to_sale_ratio": null,
            "price_fair": 0,
            "eps_avg_yearly": 0,
            "eps_latest_yearly": 0,
            "eps_growth_yearly": 0
        },
        "20131": {
            "year_quarter": 20131,
            "year": 2013,
            "quarter": 1,
            "eps": null,
            "eps_growth_year": null,
            "eps_4q": null,
            "eps_4q_growth_year": null,
            "roe": null,
            "roe_4q": 0,
            "gross_profit": null,
            "gross_margin": null,
            "gross_margin_4q_avg": 0,
            "net_income": null,
            "revenue": null,
            "common_shares": null,
            "book_valuer_per_share": null,
            "book_valuer_per_share_4q_avg": 0,
            "equity": null,
            "current_ratio": null,
            "debt_ratio": null,
            "inventory_turnover_ratio": null,
            "account_receivable_turnover_ratio": null,
            "reinvestment_rate": null,
            "research_to_sale_ratio": null,
            "price_fair": 0,
            "eps_avg_yearly": 0,
            "eps_latest_yearly": 0,
            "eps_growth_yearly": 0
        },
        "20132": {
            "year_quarter": 20132,
            "year": 2013,
            "quarter": 2,
            "eps": null,
            "eps_growth_year": null,
            "eps_4q": null,
            "eps_4q_growth_year": null,
            "roe": null,
            "roe_4q": 0,
            "gross_profit": null,
            "gross_margin": null,
            "gross_margin_4q_avg": 0,
            "net_income": null,
            "revenue": null,
            "common_shares": null,
            "book_valuer_per_share": null,
            "book_valuer_per_share_4q_avg": 0,
            "equity": null,
            "current_ratio": null,
            "debt_ratio": null,
            "inventory_turnover_ratio": null,
            "account_receivable_turnover_ratio": null,
            "reinvestment_rate": null,
            "research_to_sale_ratio": null,
            "price_fair": 0,
            "eps_avg_yearly": 0,
            "eps_latest_yearly": 0,
            "eps_growth_yearly": 0
        },
        "20133": {
            "year_quarter": 20133,
            "year": 2013,
            "quarter": 3,
            "eps": null,
            "eps_growth_year": null,
            "eps_4q": null,
            "eps_4q_growth_year": null,
            "roe": null,
            "roe_4q": 0,
            "gross_profit": null,
            "gross_margin": null,
            "gross_margin_4q_avg": 0,
            "net_income": null,
            "revenue": null,
            "common_shares": null,
            "book_valuer_per_share": null,
            "book_valuer_per_share_4q_avg": 0,
            "equity": null,
            "current_ratio": null,
            "debt_ratio": null,
            "inventory_turnover_ratio": null,
            "account_receivable_turnover_ratio": null,
            "reinvestment_rate": null,
            "research_to_sale_ratio": null,
            "price_fair": 0,
            "eps_avg_yearly": 0,
            "eps_latest_yearly": 0,
            "eps_growth_yearly": 0
        },
        "20134": {
            "year_quarter": 20134,
            "year": 2013,
            "quarter": 4,
            "eps": null,
            "eps_growth_year": null,
            "eps_4q": null,
            "eps_4q_growth_year": null,
            "roe": null,
            "roe_4q": 0,
            "gross_profit": null,
            "gross_margin": null,
            "gross_margin_4q_avg": 0,
            "net_income": null,
            "revenue": null,
            "common_shares": null,
            "book_valuer_per_share": null,
            "book_valuer_per_share_4q_avg": 0,
            "equity": null,
            "current_ratio": null,
            "debt_ratio": null,
            "inventory_turnover_ratio": null,
            "account_receivable_turnover_ratio": null,
            "reinvestment_rate": null,
            "research_to_sale_ratio": null,
            "price_fair": 0,
            "eps_avg_yearly": 0,
            "eps_latest_yearly": 0,
            "eps_growth_yearly": 0
        },
        "20141": {
            "year_quarter": 20141,
            "year": 2014,
            "quarter": 1,
            "eps": null,
            "eps_growth_year": null,
            "eps_4q": null,
            "eps_4q_growth_year": null,
            "roe": null,
            "roe_4q": 0,
            "gross_profit": null,
            "gross_margin": null,
            "gross_margin_4q_avg": 0,
            "net_income": null,
            "revenue": null,
            "common_shares": null,
            "book_valuer_per_share": null,
            "book_valuer_per_share_4q_avg": 0,
            "equity": null,
            "current_ratio": null,
            "debt_ratio": null,
            "inventory_turnover_ratio": null,
            "account_receivable_turnover_ratio": null,
            "reinvestment_rate": null,
            "research_to_sale_ratio": null,
            "price_fair": 0,
            "eps_avg_yearly": 0,
            "eps_latest_yearly": 0,
            "eps_growth_yearly": 0
        },
        "20142": {
            "year_quarter": 20142,
            "year": 2014,
            "quarter": 2,
            "eps": null,
            "eps_growth_year": null,
            "eps_4q": null,
            "eps_4q_growth_year": null,
            "roe": null,
            "roe_4q": 0,
            "gross_profit": null,
            "gross_margin": null,
            "gross_margin_4q_avg": 0,
            "net_income": null,
            "revenue": null,
            "common_shares": 201174,
            "book_valuer_per_share": null,
            "book_valuer_per_share_4q_avg": 0,
            "equity": 359451,
            "current_ratio": null,
            "debt_ratio": null,
            "inventory_turnover_ratio": null,
            "account_receivable_turnover_ratio": null,
            "reinvestment_rate": null,
            "research_to_sale_ratio": null,
            "price_fair": 0,
            "eps_avg_yearly": 0,
            "eps_latest_yearly": 0,
            "eps_growth_yearly": 0
        },
        "20143": {
            "year_quarter": 20143,
            "year": 2014,
            "quarter": 3,
            "eps": null,
            "eps_growth_year": null,
            "eps_4q": null,
            "eps_4q_growth_year": null,
            "roe": null,
            "roe_4q": 0,
            "gross_profit": null,
            "gross_margin": null,
            "gross_margin_4q_avg": 0,
            "net_income": null,
            "revenue": null,
            "common_shares": null,
            "book_valuer_per_share": null,
            "book_valuer_per_share_4q_avg": 0,
            "equity": null,
            "current_ratio": null,
            "debt_ratio": null,
            "inventory_turnover_ratio": null,
            "account_receivable_turnover_ratio": null,
            "reinvestment_rate": null,
            "research_to_sale_ratio": null,
            "price_fair": 0,
            "eps_avg_yearly": 0,
            "eps_latest_yearly": 0,
            "eps_growth_yearly": 0
        },
        "20144": {
            "year_quarter": 20144,
            "year": 2014,
            "quarter": 4,
            "eps": null,
            "eps_growth_year": null,
            "eps_4q": null,
            "eps_4q_growth_year": null,
            "roe": null,
            "roe_4q": 0,
            "gross_profit": null,
            "gross_margin": null,
            "gross_margin_4q_avg": 0,
            "net_income": null,
            "revenue": null,
            "common_shares": 204842,
            "book_valuer_per_share": null,
            "book_valuer_per_share_4q_avg": 0,
            "equity": 426535,
            "current_ratio": null,
            "debt_ratio": null,
            "inventory_turnover_ratio": null,
            "account_receivable_turnover_ratio": null,
            "reinvestment_rate": null,
            "research_to_sale_ratio": null,
            "price_fair": 0,
            "eps_avg_yearly": 0,
            "eps_latest_yearly": 0,
            "eps_growth_yearly": 0
        },
        "20151": {
            "year_quarter": 20151,
            "year": 2015,
            "quarter": 1,
            "eps": null,
            "eps_growth_year": null,
            "eps_4q": null,
            "eps_4q_growth_year": null,
            "roe": null,
            "roe_4q": 0,
            "gross_profit": 62877,
            "gross_margin": null,
            "gross_margin_4q_avg": 0,
            "net_income": 23179,
            "revenue": 145479,
            "common_shares": 204842,
            "book_valuer_per_share": null,
            "book_valuer_per_share_4q_avg": 0,
            "equity": 450656,
            "current_ratio": null,
            "debt_ratio": null,
            "inventory_turnover_ratio": null,
            "account_receivable_turnover_ratio": null,
            "reinvestment_rate": null,
            "research_to_sale_ratio": null,
            "price_fair": 0,
            "eps_avg_yearly": 0,
            "eps_latest_yearly": 0,
            "eps_growth_yearly": 0
        },
        "20152": {
            "year_quarter": 20152,
            "year": 2015,
            "quarter": 2,
            "eps": null,
            "eps_growth_year": null,
            "eps_4q": null,
            "eps_4q_growth_year": null,
            "roe": null,
            "roe_4q": 0,
            "gross_profit": 63203,
            "gross_margin": null,
            "gross_margin_4q_avg": 0,
            "net_income": 24119,
            "revenue": 150696,
            "common_shares": 204842,
            "book_valuer_per_share": 20.14,
            "book_valuer_per_share_4q_avg": 5.04,
            "equity": 417582,
            "current_ratio": 252.82,
            "debt_ratio": 35.67,
            "inventory_turnover_ratio": null,
            "account_receivable_turnover_ratio": null,
            "reinvestment_rate": null,
            "research_to_sale_ratio": null,
            "price_fair": 0,
            "eps_avg_yearly": 0,
            "eps_latest_yearly": 0,
            "eps_growth_yearly": 0
        },
        "20153": {
            "year_quarter": 20153,
            "year": 2015,
            "quarter": 3,
            "eps": null,
            "eps_growth_year": null,
            "eps_4q": null,
            "eps_4q_growth_year": null,
            "roe": null,
            "roe_4q": 0,
            "gross_profit": 85117,
            "gross_margin": null,
            "gross_margin_4q_avg": 0,
            "net_income": 49938,
            "revenue": 204293,
            "common_shares": 224649,
            "book_valuer_per_share": null,
            "book_valuer_per_share_4q_avg": 5.04,
            "equity": 516714,
            "current_ratio": null,
            "debt_ratio": null,
            "inventory_turnover_ratio": null,
            "account_receivable_turnover_ratio": null,
            "reinvestment_rate": null,
            "research_to_sale_ratio": null,
            "price_fair": 0,
            "eps_avg_yearly": 0,
            "eps_latest_yearly": 0,
            "eps_growth_yearly": 0
        },
        "20154": {
            "year_quarter": 20154,
            "year": 2015,
            "quarter": 4,
            "eps": null,
            "eps_growth_year": null,
            "eps_4q": null,
            "eps_4q_growth_year": null,
            "roe": null,
            "roe_4q": 0,
            "gross_profit": 112145,
            "gross_margin": null,
            "gross_margin_4q_avg": 0,
            "net_income": 56021,
            "revenue": 277666,
            "common_shares": 224649,
            "book_valuer_per_share": 25.48,
            "book_valuer_per_share_4q_avg": 11.41,
            "equity": 572348,
            "current_ratio": 307.78,
            "debt_ratio": 33.48,
            "inventory_turnover_ratio": null,
            "account_receivable_turnover_ratio": null,
            "reinvestment_rate": null,
            "research_to_sale_ratio": null,
            "price_fair": 0,
            "eps_avg_yearly": 0,
            "eps_latest_yearly": 0,
            "eps_growth_yearly": 0
        },
        "20161": {
            "year_quarter": 20161,
            "year": 2016,
            "quarter": 1,
            "eps": 2.92,
            "eps_growth_year": null,
            "eps_4q": 2.92,
            "eps_4q_growth_year": null,
            "roe": 10.83,
            "roe_4q": 10.83,
            "gross_profit": 150907,
            "gross_margin": 43.58,
            "gross_margin_4q_avg": 10.9,
            "net_income": 65557,
            "revenue": 346236,
            "common_shares": 224649,
            "book_valuer_per_share": 28.39,
            "book_valuer_per_share_4q_avg": 18.5,
            "equity": 637821,
            "current_ratio": 276.15,
            "debt_ratio": 35.75,
            "inventory_turnover_ratio": 1.8,
            "account_receivable_turnover_ratio": 2.25,
            "reinvestment_rate": null,
            "research_to_sale_ratio": 13.64,
            "price_fair": 0,
            "eps_avg_yearly": 0,
            "eps_latest_yearly": 0,
            "eps_growth_yearly": 0
        },
        "20162": {
            "year_quarter": 20162,
            "year": 2016,
            "quarter": 2,
            "eps": 2.69,
            "eps_growth_year": null,
            "eps_4q": 5.61,
            "eps_4q_growth_year": null,
            "roe": 9.54,
            "roe_4q": 20.369999999999997,
            "gross_profit": 108715,
            "gross_margin": 44.58,
            "gross_margin_4q_avg": 22.04,
            "net_income": 60475,
            "revenue": 243838,
            "common_shares": 224649,
            "book_valuer_per_share": 28.07,
            "book_valuer_per_share_4q_avg": 20.49,
            "equity": 630594,
            "current_ratio": 264.63,
            "debt_ratio": 36.61,
            "inventory_turnover_ratio": 0.86,
            "account_receivable_turnover_ratio": 1.92,
            "reinvestment_rate": null,
            "research_to_sale_ratio": 8.69,
            "price_fair": 32.28,
            "eps_avg_yearly": 10.76,
            "eps_latest_yearly": 10.76,
            "eps_growth_yearly": -31.51
        },
        "20163": {
            "year_quarter": 20163,
            "year": 2016,
            "quarter": 3,
            "eps": 2.82,
            "eps_growth_year": null,
            "eps_4q": 8.43,
            "eps_4q_growth_year": null,
            "roe": 9.51,
            "roe_4q": 29.879999999999995,
            "gross_profit": 127309,
            "gross_margin": 41.8,
            "gross_margin_4q_avg": 32.49,
            "net_income": 63393,
            "revenue": 304542,
            "common_shares": 224649,
            "book_valuer_per_share": 31.28,
            "book_valuer_per_share_4q_avg": 28.31,
            "equity": 702796,
            "current_ratio": 331.31,
            "debt_ratio": 30.03,
            "inventory_turnover_ratio": 0.98,
            "account_receivable_turnover_ratio": 2.39,
            "reinvestment_rate": null,
            "research_to_sale_ratio": 5.38,
            "price_fair": 33.06,
            "eps_avg_yearly": 11.02,
            "eps_latest_yearly": 11.28,
            "eps_growth_yearly": -6.09
        },
        "20164": {
            "year_quarter": 20164,
            "year": 2016,
            "quarter": 4,
            "eps": 1.95,
            "eps_growth_year": null,
            "eps_4q": 9.62,
            "eps_4q_growth_year": null,
            "roe": 5.43,
            "roe_4q": 35.309999999999995,
            "gross_profit": 105722,
            "gross_margin": 46.29,
            "gross_margin_4q_avg": 44.06,
            "net_income": 48092,
            "revenue": 228391,
            "common_shares": 247009,
            "book_valuer_per_share": 43.28,
            "book_valuer_per_share_4q_avg": 32.76,
            "equity": 1069000,
            "current_ratio": 527.79,
            "debt_ratio": 20.28,
            "inventory_turnover_ratio": 0.64,
            "account_receivable_turnover_ratio": 2.03,
            "reinvestment_rate": null,
            "research_to_sale_ratio": 21.38,
            "price_fair": 29.84,
            "eps_avg_yearly": 9.95,
            "eps_latest_yearly": 7.8,
            "eps_growth_yearly": -45.19
        },
        "20171": {
            "year_quarter": 20171,
            "year": 2017,
            "quarter": 1,
            "eps": 2.07,
            "eps_growth_year": -29.11,
            "eps_4q": 9.03,
            "eps_4q_growth_year": 209.37,
            "roe": 4.67,
            "roe_4q": 29.15,
            "gross_profit": 127405,
            "gross_margin": 49.59,
            "gross_margin_4q_avg": 45.57,
            "net_income": 51042,
            "revenue": 256892,
            "common_shares": 247009,
            "book_valuer_per_share": 45.21,
            "book_valuer_per_share_4q_avg": 36.96,
            "equity": 1116747,
            "current_ratio": 576.93,
            "debt_ratio": 18.4,
            "inventory_turnover_ratio": 0.7,
            "account_receivable_turnover_ratio": 3.07,
            "reinvestment_rate": null,
            "research_to_sale_ratio": 6.31,
            "price_fair": 28.59,
            "eps_avg_yearly": 9.53,
            "eps_latest_yearly": 8.28,
            "eps_growth_yearly": -27.74
        },
        "20172": {
            "year_quarter": 20172,
            "year": 2017,
            "quarter": 2,
            "eps": 2.21,
            "eps_growth_year": -17.9,
            "eps_4q": 8.79,
            "eps_4q_growth_year": 56.77,
            "roe": 5.06,
            "roe_4q": 24.67,
            "gross_profit": 121935,
            "gross_margin": 44.77,
            "gross_margin_4q_avg": 45.61,
            "net_income": 54717,
            "revenue": 272336,
            "common_shares": 247009,
            "book_valuer_per_share": 42.43,
            "book_valuer_per_share_4q_avg": 40.55,
            "equity": 1048070,
            "current_ratio": 366.09,
            "debt_ratio": 26.58,
            "inventory_turnover_ratio": 0.93,
            "account_receivable_turnover_ratio": 3.14,
            "reinvestment_rate": null,
            "research_to_sale_ratio": 15.6,
            "price_fair": 28.18,
            "eps_avg_yearly": 9.39,
            "eps_latest_yearly": 8.84,
            "eps_growth_yearly": -16.78
        },
        "20173": {
            "year_quarter": 20173,
            "year": 2017,
            "quarter": 3,
            "eps": 2.53,
            "eps_growth_year": -10.28,
            "eps_4q": 8.76,
            "eps_4q_growth_year": 3.84,
            "roe": 5.78,
            "roe_4q": 20.939999999999998,
            "gross_profit": 120969,
            "gross_margin": 42.34,
            "gross_margin_4q_avg": 45.75,
            "net_income": 62420,
            "revenue": 285693,
            "common_shares": 247009,
            "book_valuer_per_share": 45.06,
            "book_valuer_per_share_4q_avg": 44,
            "equity": 1113021,
            "current_ratio": 584.86,
            "debt_ratio": 17.14,
            "inventory_turnover_ratio": 1.26,
            "account_receivable_turnover_ratio": 3.42,
            "reinvestment_rate": null,
            "research_to_sale_ratio": 13.33,
            "price_fair": 28.54,
            "eps_avg_yearly": 9.51,
            "eps_latest_yearly": 10.12,
            "eps_growth_yearly": -4.33
        },
        "20174": {
            "year_quarter": 20174,
            "year": 2017,
            "quarter": 4,
            "eps": 2.84,
            "eps_growth_year": 45.98,
            "eps_4q": 9.65,
            "eps_4q_growth_year": 0.36,
            "roe": 6.11,
            "roe_4q": 21.619999999999997,
            "gross_profit": 134582,
            "gross_margin": 45.49,
            "gross_margin_4q_avg": 45.55,
            "net_income": 70205,
            "revenue": 295840,
            "common_shares": 247009,
            "book_valuer_per_share": 47.95,
            "book_valuer_per_share_4q_avg": 45.16,
            "equity": 1184367,
            "current_ratio": 554.01,
            "debt_ratio": 17.61,
            "inventory_turnover_ratio": 1.43,
            "account_receivable_turnover_ratio": 3.29,
            "reinvestment_rate": null,
            "research_to_sale_ratio": 10.16,
            "price_fair": 129.92,
            "eps_avg_yearly": 9.78,
            "eps_latest_yearly": 11.36,
            "eps_growth_yearly": 3.29
        },
        "20181": {
            "year_quarter": 20181,
            "year": 2018,
            "quarter": 1,
            "eps": 2.22,
            "eps_growth_year": 7.25,
            "eps_4q": 9.81,
            "eps_4q_growth_year": 8.64,
            "roe": 4.53,
            "roe_4q": 21.48,
            "gross_profit": 115292,
            "gross_margin": 44.43,
            "gross_margin_4q_avg": 44.26,
            "net_income": 54923,
            "revenue": 259469,
            "common_shares": 247009,
            "book_valuer_per_share": 50.19,
            "book_valuer_per_share_4q_avg": 46.41,
            "equity": 1239848,
            "current_ratio": 598.77,
            "debt_ratio": 13.59,
            "inventory_turnover_ratio": 1.22,
            "account_receivable_turnover_ratio": 2.84,
            "reinvestment_rate": null,
            "research_to_sale_ratio": 15.93,
            "price_fair": 29,
            "eps_avg_yearly": 9.67,
            "eps_latest_yearly": 8.88,
            "eps_growth_yearly": -8.04
        },
        "20182": {
            "year_quarter": 20182,
            "year": 2018,
            "quarter": 2,
            "eps": 1.61,
            "eps_growth_year": -27.15,
            "eps_4q": 9.2,
            "eps_4q_growth_year": 4.61,
            "roe": 3.31,
            "roe_4q": 19.73,
            "gross_profit": 106863,
            "gross_margin": 44.87,
            "gross_margin_4q_avg": 44.28,
            "net_income": 39719,
            "revenue": 238159,
            "common_shares": 247009,
            "book_valuer_per_share": 46.84,
            "book_valuer_per_share_4q_avg": 47.51,
            "equity": 1156989,
            "current_ratio": 367.45,
            "debt_ratio": 21.96,
            "inventory_turnover_ratio": 0.95,
            "account_receivable_turnover_ratio": 2.69,
            "reinvestment_rate": null,
            "research_to_sale_ratio": 13.96,
            "price_fair": 27.92,
            "eps_avg_yearly": 9.31,
            "eps_latest_yearly": 6.44,
            "eps_growth_yearly": -19.36
        },
        "20183": {
            "year_quarter": 20183,
            "year": 2018,
            "quarter": 3,
            "eps": 2.34,
            "eps_growth_year": -7.51,
            "eps_4q": 9.02,
            "eps_4q_growth_year": 3,
            "roe": 4.88,
            "roe_4q": 18.83,
            "gross_profit": 137628,
            "gross_margin": 45.33,
            "gross_margin_4q_avg": 45.03,
            "net_income": 57918,
            "revenue": 303621,
            "common_shares": 247009,
            "book_valuer_per_share": 49.18,
            "book_valuer_per_share_4q_avg": 48.54,
            "equity": 1214759,
            "current_ratio": 596.79,
            "debt_ratio": 12.93,
            "inventory_turnover_ratio": 1.21,
            "account_receivable_turnover_ratio": 3.19,
            "reinvestment_rate": null,
            "research_to_sale_ratio": 18.66,
            "price_fair": 93.12,
            "eps_avg_yearly": 9.31,
            "eps_latest_yearly": 9.36,
            "eps_growth_yearly": 0.72
        },
        "20184": {
            "year_quarter": 20184,
            "year": 2018,
            "quarter": 4,
            "eps": 2.68,
            "eps_growth_year": -5.8,
            "eps_4q": 8.85,
            "eps_4q_growth_year": -8.26,
            "roe": 5.3,
            "roe_4q": 18.02,
            "gross_profit": 151029,
            "gross_margin": 47.64,
            "gross_margin_4q_avg": 45.57,
            "net_income": 66134,
            "revenue": 317053,
            "common_shares": 247009,
            "book_valuer_per_share": 51.92,
            "book_valuer_per_share_4q_avg": 49.53,
            "equity": 1282399,
            "current_ratio": 497.14,
            "debt_ratio": 16.49,
            "inventory_turnover_ratio": 1.21,
            "account_receivable_turnover_ratio": 3.5,
            "reinvestment_rate": 22.69,
            "research_to_sale_ratio": 17.95,
            "price_fair": 150.41,
            "eps_avg_yearly": 9.44,
            "eps_latest_yearly": 10.72,
            "eps_growth_yearly": 5.93
        },
        "20191": {
            "year_quarter": 20191,
            "year": 2019,
            "quarter": 1,
            "eps": 2.88,
            "eps_growth_year": 29.73,
            "eps_4q": 9.51,
            "eps_4q_growth_year": -3.03,
            "roe": 5.4,
            "roe_4q": 18.889999999999997,
            "gross_profit": 137519,
            "gross_margin": 48.56,
            "gross_margin_4q_avg": 46.6,
            "net_income": 71163,
            "revenue": 283173,
            "common_shares": 247009,
            "book_valuer_per_share": 54.82,
            "book_valuer_per_share_4q_avg": 50.69,
            "equity": 1354120,
            "current_ratio": 540.55,
            "debt_ratio": 15.35,
            "inventory_turnover_ratio": 0.98,
            "account_receivable_turnover_ratio": 3.44,
            "reinvestment_rate": 21.19,
            "research_to_sale_ratio": 17.52,
            "price_fair": 172.34,
            "eps_avg_yearly": 9.61,
            "eps_latest_yearly": 11.52,
            "eps_growth_yearly": 7.93
        },
        "20192": {
            "year_quarter": 20192,
            "year": 2019,
            "quarter": 2,
            "eps": 2.44,
            "eps_growth_year": 51.55,
            "eps_4q": 10.18,
            "eps_4q_growth_year": 10.65,
            "roe": 4.53,
            "roe_4q": 20.11,
            "gross_profit": 135829,
            "gross_margin": 47.74,
            "gross_margin_4q_avg": 47.32,
            "net_income": 60320,
            "revenue": 284527,
            "common_shares": 251009,
            "book_valuer_per_share": 52.11,
            "book_valuer_per_share_4q_avg": 52.01,
            "equity": 1308114,
            "current_ratio": 363.62,
            "debt_ratio": 23.29,
            "inventory_turnover_ratio": 0.98,
            "account_receivable_turnover_ratio": 3.04,
            "reinvestment_rate": 21.69,
            "research_to_sale_ratio": 13.47,
            "price_fair": 121.43,
            "eps_avg_yearly": 9.62,
            "eps_latest_yearly": 9.76,
            "eps_growth_yearly": 2.62
        },
        "20193": {
            "year_quarter": 20193,
            "year": 2019,
            "quarter": 3,
            "eps": 2.41,
            "eps_growth_year": 2.99,
            "eps_4q": 10.13,
            "eps_4q_growth_year": 12.36,
            "roe": 4.44,
            "roe_4q": 19.67,
            "gross_profit": 152329,
            "gross_margin": 50.76,
            "gross_margin_4q_avg": 48.68,
            "net_income": 59415,
            "revenue": 300116,
            "common_shares": 250859,
            "book_valuer_per_share": 54.65,
            "book_valuer_per_share_4q_avg": 53.38,
            "equity": 1370821,
            "current_ratio": 484.15,
            "debt_ratio": 17.14,
            "inventory_turnover_ratio": 1,
            "account_receivable_turnover_ratio": 2.9,
            "reinvestment_rate": 17.38,
            "research_to_sale_ratio": 20.65,
            "price_fair": 116.26,
            "eps_avg_yearly": 9.63,
            "eps_latest_yearly": 9.64,
            "eps_growth_yearly": 2.08
        },
        "20194": {
            "year_quarter": 20194,
            "year": 2019,
            "quarter": 4,
            "eps": 1.11,
            "eps_growth_year": -58.65,
            "eps_4q": 8.71,
            "eps_4q_growth_year": -1.6,
            "roe": 2,
            "roe_4q": 16.37,
            "gross_profit": 121960,
            "gross_margin": 46.82,
            "gross_margin_4q_avg": 48.47,
            "net_income": 27788,
            "revenue": 260503,
            "common_shares": 251109,
            "book_valuer_per_share": 55.8,
            "book_valuer_per_share_4q_avg": 54.35,
            "equity": 1401177,
            "current_ratio": 501.4,
            "debt_ratio": 16.71,
            "inventory_turnover_ratio": 1.02,
            "account_receivable_turnover_ratio": 2.7,
            "reinvestment_rate": 7.8,
            "research_to_sale_ratio": 24.55,
            "price_fair": 27.84,
            "eps_avg_yearly": 9.28,
            "eps_latest_yearly": 4.44,
            "eps_growth_yearly": -12.45
        },
        "20201": {
            "year_quarter": 20201,
            "year": 2020,
            "quarter": 1,
            "eps": 1.25,
            "eps_growth_year": -56.6,
            "eps_4q": 7.13,
            "eps_4q_growth_year": -25.04,
            "roe": 2.34,
            "roe_4q": 13.310000000000002,
            "gross_profit": 113158,
            "gross_margin": 49.05,
            "gross_margin_4q_avg": 48.59,
            "net_income": 31367,
            "revenue": 230703,
            "common_shares": 251009,
            "book_valuer_per_share": 51.11,
            "book_valuer_per_share_4q_avg": 53.42,
            "equity": 1282983,
            "current_ratio": 337.77,
            "debt_ratio": 24.76,
            "inventory_turnover_ratio": 0.87,
            "account_receivable_turnover_ratio": 2.79,
            "reinvestment_rate": 7.59,
            "research_to_sale_ratio": 22.83,
            "price_fair": 27.04,
            "eps_avg_yearly": 9.01,
            "eps_latest_yearly": 5,
            "eps_growth_yearly": -8.51
        },
        "20202": {
            "year_quarter": 20202,
            "year": 2020,
            "quarter": 2,
            "eps": 0.74,
            "eps_growth_year": -69.67,
            "eps_4q": 5.45,
            "eps_4q_growth_year": -46.47,
            "roe": 1.43,
            "roe_4q": 10.21,
            "gross_profit": 80380,
            "gross_margin": 48.76,
            "gross_margin_4q_avg": 48.85,
            "net_income": 18369,
            "revenue": 164841,
            "common_shares": 254689,
            "book_valuer_per_share": 51.52,
            "book_valuer_per_share_4q_avg": 53.27,
            "equity": 1294608,
            "current_ratio": 352.9,
            "debt_ratio": 23.31,
            "inventory_turnover_ratio": 0.51,
            "account_receivable_turnover_ratio": 2.33,
            "reinvestment_rate": 9.53,
            "research_to_sale_ratio": 27.03,
            "price_fair": 25.58,
            "eps_avg_yearly": 8.53,
            "eps_latest_yearly": 2.96,
            "eps_growth_yearly": -16.74
        },
        "20203": {
            "year_quarter": 20203,
            "year": 2020,
            "quarter": 3,
            "eps": 2.51,
            "eps_growth_year": 4.15,
            "eps_4q": 5.57,
            "eps_4q_growth_year": -44.99,
            "roe": 4.71,
            "roe_4q": 10.48,
            "gross_profit": 151818,
            "gross_margin": 43.69,
            "gross_margin_4q_avg": 47.08,
            "net_income": 62570,
            "revenue": 347464,
            "common_shares": 254809,
            "book_valuer_per_share": 54.21,
            "book_valuer_per_share_4q_avg": 53.16,
            "equity": 1362390,
            "current_ratio": 476.18,
            "debt_ratio": 17.16,
            "inventory_turnover_ratio": 1.19,
            "account_receivable_turnover_ratio": 4.39,
            "reinvestment_rate": 9.64,
            "research_to_sale_ratio": 14.71,
            "price_fair": 295.66,
            "eps_avg_yearly": 8.45,
            "eps_latest_yearly": 10.04,
            "eps_growth_yearly": 41.84
        },
        "20204": {
            "year_quarter": 20204,
            "year": 2020,
            "quarter": 4,
            "eps": 2.75,
            "eps_growth_year": 148.41,
            "eps_4q": 7.18,
            "eps_4q_growth_year": -17.55,
            "roe": 4.98,
            "roe_4q": 13.46,
            "gross_profit": 174945,
            "gross_margin": 54.7,
            "gross_margin_4q_avg": 49.05,
            "net_income": 69670,
            "revenue": 319843,
            "common_shares": 257141,
            "book_valuer_per_share": 56.48,
            "book_valuer_per_share_4q_avg": 53.33,
            "equity": 1433013,
            "current_ratio": 534.04,
            "debt_ratio": 15.48,
            "inventory_turnover_ratio": 1.06,
            "account_receivable_turnover_ratio": 3.06,
            "reinvestment_rate": 8.93,
            "research_to_sale_ratio": 24.66,
            "price_fair": 302.66,
            "eps_avg_yearly": 8.65,
            "eps_latest_yearly": 11,
            "eps_growth_yearly": 51.95
        },
        "20211": {
            "year_quarter": 20211,
            "year": 2021,
            "quarter": 1,
            "eps": 1.58,
            "eps_growth_year": 26.4,
            "eps_4q": 7.47,
            "eps_4q_growth_year": 4.76,
            "roe": 2.77,
            "roe_4q": 13.89,
            "gross_profit": 125224,
            "gross_margin": 48.04,
            "gross_margin_4q_avg": 48.8,
            "net_income": 38614,
            "revenue": 260674,
            "common_shares": 256741,
            "book_valuer_per_share": 53.32,
            "book_valuer_per_share_4q_avg": 53.88,
            "equity": 1350874,
            "current_ratio": 344.12,
            "debt_ratio": 23.8,
            "inventory_turnover_ratio": 1.05,
            "account_receivable_turnover_ratio": 2.23,
            "reinvestment_rate": 9.29,
            "research_to_sale_ratio": 21.8,
            "price_fair": 298.38,
            "eps_avg_yearly": 8.53,
            "eps_latest_yearly": 6.32,
            "eps_growth_yearly": 39.77
        },
        "20212": {
            "year_quarter": 20212,
            "year": 2021,
            "quarter": 2,
            "eps": 2.28,
            "eps_growth_year": 208.11,
            "eps_4q": 8.94,
            "eps_4q_growth_year": 64.12,
            "roe": 4.04,
            "roe_4q": 16.5,
            "gross_profit": 149641,
            "gross_margin": 52.95,
            "gross_margin_4q_avg": 49.85,
            "net_income": 55739,
            "revenue": 282626,
            "common_shares": 256763,
            "book_valuer_per_share": 55.71,
            "book_valuer_per_share_4q_avg": 54.93,
            "equity": 1411455,
            "current_ratio": 398.67,
            "debt_ratio": 20.27,
            "inventory_turnover_ratio": 0.96,
            "account_receivable_turnover_ratio": 2.55,
            "reinvestment_rate": 9.24,
            "research_to_sale_ratio": 26.13,
            "price_fair": 298.99,
            "eps_avg_yearly": 8.54,
            "eps_latest_yearly": 9.12,
            "eps_growth_yearly": 49.16
        },
        "20213": {
            "year_quarter": 20213,
            "year": 2021,
            "quarter": 3,
            "eps": 1.11,
            "eps_growth_year": -55.78,
            "eps_4q": 6.47,
            "eps_4q_growth_year": 16.01,
            "roe": 2.3,
            "roe_4q": 14.09,
            "gross_profit": 133549,
            "gross_margin": 59.93,
            "gross_margin_4q_avg": 53.91,
            "net_income": 32860,
            "revenue": 222859,
            "common_shares": 307891,
            "book_valuer_per_share": 47.54,
            "book_valuer_per_share_4q_avg": 53.26,
            "equity": 1447373,
            "current_ratio": 583.29,
            "debt_ratio": 13.85,
            "inventory_turnover_ratio": 0.47,
            "account_receivable_turnover_ratio": 2.85,
            "reinvestment_rate": 3.29,
            "research_to_sale_ratio": 31.05,
            "price_fair": 286.56,
            "eps_avg_yearly": 8.19,
            "eps_latest_yearly": 4.44,
            "eps_growth_yearly": 32.71
        },
        "20214": {
            "year_quarter": 20214,
            "year": 2021,
            "quarter": 4,
            "eps": 1.28,
            "eps_growth_year": -53.28,
            "eps_4q": 5.45,
            "eps_4q_growth_year": -24.15,
            "roe": 2.67,
            "roe_4q": 11.78,
            "gross_profit": 150730,
            "gross_margin": 56.87,
            "gross_margin_4q_avg": 54.45,
            "net_income": 39251,
            "revenue": 265055,
            "common_shares": 307831,
            "book_valuer_per_share": 48.97,
            "book_valuer_per_share_4q_avg": 51.39,
            "equity": 1491248,
            "current_ratio": 567.05,
            "debt_ratio": 14.28,
            "inventory_turnover_ratio": 0.46,
            "account_receivable_turnover_ratio": 3.79,
            "reinvestment_rate": 2.68,
            "research_to_sale_ratio": 30.69,
            "price_fair": 272.91,
            "eps_avg_yearly": 7.8,
            "eps_latest_yearly": 5.12,
            "eps_growth_yearly": 33.47
        },
        "20221": {
            "year_quarter": 20221,
            "year": 2022,
            "quarter": 1,
            "eps": 0.67,
            "eps_growth_year": -57.59,
            "eps_4q": 4.77,
            "eps_4q_growth_year": -36.15,
            "roe": 1.39,
            "roe_4q": 10.399999999999999,
            "gross_profit": 115576,
            "gross_margin": 47.54,
            "gross_margin_4q_avg": 54.32,
            "net_income": 19852,
            "revenue": 243124,
            "common_shares": 307911,
            "book_valuer_per_share": 44.78,
            "book_valuer_per_share_4q_avg": 49.25,
            "equity": 1365403,
            "current_ratio": 314.16,
            "debt_ratio": 26.23,
            "inventory_turnover_ratio": 0.41,
            "account_receivable_turnover_ratio": 2.89,
            "reinvestment_rate": 3.68,
            "research_to_sale_ratio": 30.33,
            "price_fair": 259.35,
            "eps_avg_yearly": 7.41,
            "eps_latest_yearly": 2.68,
            "eps_growth_yearly": 27.02
        },
        "20222": {
            "year_quarter": 20222,
            "year": 2022,
            "quarter": 2,
            "eps": 1.51,
            "eps_growth_year": -33.77,
            "eps_4q": 4.47,
            "eps_4q_growth_year": -49.96,
            "roe": 3.22,
            "roe_4q": 9.58,
            "gross_profit": 161866,
            "gross_margin": 50.57,
            "gross_margin_4q_avg": 53.73,
            "net_income": 45036,
            "revenue": 320087,
            "common_shares": 308091,
            "book_valuer_per_share": 46.6,
            "book_valuer_per_share_4q_avg": 46.97,
            "equity": 1427724,
            "current_ratio": 283,
            "debt_ratio": 29.43,
            "inventory_turnover_ratio": 0.39,
            "account_receivable_turnover_ratio": 4.11,
            "reinvestment_rate": 2.6,
            "research_to_sale_ratio": 24.62,
            "price_fair": 258.48,
            "eps_avg_yearly": 7.39,
            "eps_latest_yearly": 6.04,
            "eps_growth_yearly": 65.23
        },
        "20223": {
            "year_quarter": 20223,
            "year": 2022,
            "quarter": 3,
            "eps": 0.15,
            "eps_growth_year": -86.49,
            "eps_4q": 3.56,
            "eps_4q_growth_year": -45.03,
            "roe": 0.33,
            "roe_4q": 7.61,
            "gross_profit": 96269,
            "gross_margin": 35.12,
            "gross_margin_4q_avg": 47.53,
            "net_income": 4678,
            "revenue": 274147,
            "common_shares": 307871,
            "book_valuer_per_share": 46.89,
            "book_valuer_per_share_4q_avg": 46.81,
            "equity": 1435155,
            "current_ratio": 319.53,
            "debt_ratio": 25.79,
            "inventory_turnover_ratio": 0.38,
            "account_receivable_turnover_ratio": 3.75,
            "reinvestment_rate": -4.01,
            "research_to_sale_ratio": 25.07,
            "price_fair": 239.31,
            "eps_avg_yearly": 6.84,
            "eps_latest_yearly": 0.6,
            "eps_growth_yearly": 31.38
        },
        "20224": {
            "year_quarter": 20224,
            "year": 2022,
            "quarter": 4,
            "eps": 1.7,
            "eps_growth_year": 32.49,
            "eps_4q": 3.98,
            "eps_4q_growth_year": -27.03,
            "roe": 3.56,
            "roe_4q": 8.5,
            "gross_profit": 153253,
            "gross_margin": 32.9,
            "gross_margin_4q_avg": 41.53,
            "net_income": 52081,
            "revenue": 465778,
            "common_shares": 307791,
            "book_valuer_per_share": 48.71,
            "book_valuer_per_share_4q_avg": 46.75,
            "equity": 1490330,
            "current_ratio": 404.69,
            "debt_ratio": 20.61,
            "inventory_turnover_ratio": 0.65,
            "account_receivable_turnover_ratio": 5.8,
            "reinvestment_rate": -1.87,
            "research_to_sale_ratio": 15.71,
            "price_fair": 230.74,
            "eps_avg_yearly": 6.59,
            "eps_latest_yearly": 6.8,
            "eps_growth_yearly": 286.08
        },
        "20231": {
            "year_quarter": 20231,
            "year": 2023,
            "quarter": 1,
            "eps": 0.76,
            "eps_growth_year": 13.43,
            "eps_4q": 4.07,
            "eps_4q_growth_year": -14.57,
            "roe": 1.58,
            "roe_4q": 8.690000000000001,
            "gross_profit": 109132,
            "gross_margin": 36.22,
            "gross_margin_4q_avg": 38.7,
            "net_income": 22820,
            "revenue": 301343,
            "common_shares": 307651,
            "book_valuer_per_share": 45.5,
            "book_valuer_per_share_4q_avg": 46.93,
            "equity": 1392259,
            "current_ratio": 406.24,
            "debt_ratio": 20.5,
            "inventory_turnover_ratio": 0.43,
            "account_receivable_turnover_ratio": 3.51,
            "reinvestment_rate": -2.34,
            "research_to_sale_ratio": 25.17,
            "price_fair": 212.19,
            "eps_avg_yearly": 6.06,
            "eps_latest_yearly": 3.04,
            "eps_growth_yearly": 270.39
        }
    },
    "months": {
        "2016-01": {
            "month": "2016-01",
            "price": "97.67",
            "revenue": 126415
        },
        "2016-02": {
            "month": "2016-02",
            "price": "93.22",
            "revenue": 110564
        },
        "2016-03": {
            "month": "2016-03",
            "price": "127.14",
            "revenue": 109257
        },
        "2016-04": {
            "month": "2016-04",
            "price": "147.75",
            "revenue": 84892
        },
        "2016-05": {
            "month": "2016-05",
            "price": "121.95",
            "revenue": 76380
        },
        "2016-06": {
            "month": "2016-06",
            "price": "121.86",
            "revenue": 82566
        },
        "2016-07": {
            "month": "2016-07",
            "price": "130.18",
            "revenue": 93982
        },
        "2016-08": {
            "month": "2016-08",
            "price": "150.78",
            "revenue": 124467
        },
        "2016-09": {
            "month": "2016-09",
            "price": "168.69",
            "revenue": 86093
        },
        "2016-10": {
            "month": "2016-10",
            "price": "168.89",
            "revenue": 66762
        },
        "2016-11": {
            "month": "2016-11",
            "price": "157.52",
            "revenue": 75938
        },
        "2016-12": {
            "month": "2016-12",
            "price": "153.58",
            "revenue": 85691
        },
        "2017-01": {
            "month": "2017-01",
            "price": "141.91",
            "revenue": 87608
        },
        "2017-02": {
            "month": "2017-02",
            "price": "152.17",
            "revenue": 73630
        },
        "2017-03": {
            "month": "2017-03",
            "price": "162.17",
            "revenue": 95654
        },
        "2017-04": {
            "month": "2017-04",
            "price": "163.08",
            "revenue": 95140
        },
        "2017-05": {
            "month": "2017-05",
            "price": "183.18",
            "revenue": 85878
        },
        "2017-06": {
            "month": "2017-06",
            "price": "178.33",
            "revenue": 91318
        },
        "2017-07": {
            "month": "2017-07",
            "price": "184.76",
            "revenue": 83167
        },
        "2017-08": {
            "month": "2017-08",
            "price": "200.04",
            "revenue": 93889
        },
        "2017-09": {
            "month": "2017-09",
            "price": "199.70",
            "revenue": 108637
        },
        "2017-10": {
            "month": "2017-10",
            "price": "208.89",
            "revenue": 94872
        },
        "2017-11": {
            "month": "2017-11",
            "price": "187.82",
            "revenue": 106086
        },
        "2017-12": {
            "month": "2017-12",
            "price": "177.55",
            "revenue": 94882
        },
        "2018-01": {
            "month": "2018-01",
            "price": "187.55",
            "revenue": 117829
        },
        "2018-02": {
            "month": "2018-02",
            "price": "180.42",
            "revenue": 60378
        },
        "2018-03": {
            "month": "2018-03",
            "price": "173.67",
            "revenue": 81262
        },
        "2018-04": {
            "month": "2018-04",
            "price": "153.03",
            "revenue": 82211
        },
        "2018-05": {
            "month": "2018-05",
            "price": "138.80",
            "revenue": 65918
        },
        "2018-06": {
            "month": "2018-06",
            "price": "129.95",
            "revenue": 90030
        },
        "2018-07": {
            "month": "2018-07",
            "price": "136.66",
            "revenue": 98647
        },
        "2018-08": {
            "month": "2018-08",
            "price": "148.30",
            "revenue": 101610
        },
        "2018-09": {
            "month": "2018-09",
            "price": "135.42",
            "revenue": 103364
        },
        "2018-10": {
            "month": "2018-10",
            "price": "105.07",
            "revenue": 102584
        },
        "2018-11": {
            "month": "2018-11",
            "price": "121.59",
            "revenue": 107582
        },
        "2018-12": {
            "month": "2018-12",
            "price": "145.90",
            "revenue": 106887
        },
        "2019-01": {
            "month": "2019-01",
            "price": "146.38",
            "revenue": 107942
        },
        "2019-02": {
            "month": "2019-02",
            "price": "155.19",
            "revenue": 70791
        },
        "2019-03": {
            "month": "2019-03",
            "price": "153.30",
            "revenue": 104440
        },
        "2019-04": {
            "month": "2019-04",
            "price": "165.80",
            "revenue": 102723
        },
        "2019-05": {
            "month": "2019-05",
            "price": "159.25",
            "revenue": 90700
        },
        "2019-06": {
            "month": "2019-06",
            "price": "165.42",
            "revenue": 91104
        },
        "2019-07": {
            "month": "2019-07",
            "price": "194.61",
            "revenue": 90094
        },
        "2019-08": {
            "month": "2019-08",
            "price": "205.29",
            "revenue": 116218
        },
        "2019-09": {
            "month": "2019-09",
            "price": "206.16",
            "revenue": 93804
        },
        "2019-10": {
            "month": "2019-10",
            "price": "194.98",
            "revenue": 84164
        },
        "2019-11": {
            "month": "2019-11",
            "price": "182.12",
            "revenue": 86312
        },
        "2019-12": {
            "month": "2019-12",
            "price": "179.66",
            "revenue": 90027
        },
        "2020-01": {
            "month": "2020-01",
            "price": "168.83",
            "revenue": 69170
        },
        "2020-02": {
            "month": "2020-02",
            "price": "145.55",
            "revenue": 60749
        },
        "2020-03": {
            "month": "2020-03",
            "price": "110.90",
            "revenue": 100784
        },
        "2020-04": {
            "month": "2020-04",
            "price": "115.92",
            "revenue": 43744
        },
        "2020-05": {
            "month": "2020-05",
            "price": "124.55",
            "revenue": 47845
        },
        "2020-06": {
            "month": "2020-06",
            "price": "131.02",
            "revenue": 73252
        },
        "2020-07": {
            "month": "2020-07",
            "price": "145.96",
            "revenue": 93032
        },
        "2020-08": {
            "month": "2020-08",
            "price": "146.86",
            "revenue": 130790
        },
        "2020-09": {
            "month": "2020-09",
            "price": "151.39",
            "revenue": 123642
        },
        "2020-10": {
            "month": "2020-10",
            "price": "133.21",
            "revenue": 107532
        },
        "2020-11": {
            "month": "2020-11",
            "price": "133.24",
            "revenue": 105600
        },
        "2020-12": {
            "month": "2020-12",
            "price": "137.76",
            "revenue": 106711
        },
        "2021-01": {
            "month": "2021-01",
            "price": "140.60",
            "revenue": 93522
        },
        "2021-02": {
            "month": "2021-02",
            "price": "139.27",
            "revenue": 62190
        },
        "2021-03": {
            "month": "2021-03",
            "price": "142.80",
            "revenue": 104962
        },
        "2021-04": {
            "month": "2021-04",
            "price": "157.08",
            "revenue": 96282
        },
        "2021-05": {
            "month": "2021-05",
            "price": "133.88",
            "revenue": 99678
        },
        "2021-06": {
            "month": "2021-06",
            "price": "135.36",
            "revenue": 86666
        },
        "2021-07": {
            "month": "2021-07",
            "price": "158.32",
            "revenue": 81697
        },
        "2021-08": {
            "month": "2021-08",
            "price": "234.23",
            "revenue": 71202
        },
        "2021-09": {
            "month": "2021-09",
            "price": "334.22",
            "revenue": 69960
        },
        "2021-10": {
            "month": "2021-10",
            "price": "310.88",
            "revenue": 74763
        },
        "2021-11": {
            "month": "2021-11",
            "price": "350.39",
            "revenue": 100867
        },
        "2021-12": {
            "month": "2021-12",
            "price": "361.55",
            "revenue": 89425
        },
        "2022-01": {
            "month": "2022-01",
            "price": "318.19",
            "revenue": 68365
        },
        "2022-02": {
            "month": "2022-02",
            "price": "225.57",
            "revenue": 71244
        },
        "2022-03": {
            "month": "2022-03",
            "price": "206.61",
            "revenue": 103515
        },
        "2022-04": {
            "month": "2022-04",
            "price": "168.00",
            "revenue": 112153
        },
        "2022-05": {
            "month": "2022-05",
            "price": "161.86",
            "revenue": 123104
        },
        "2022-06": {
            "month": "2022-06",
            "price": "165.38",
            "revenue": 84830
        },
        "2022-07": {
            "month": "2022-07",
            "price": "124.79",
            "revenue": 92601
        },
        "2022-08": {
            "month": "2022-08",
            "price": "128.59",
            "revenue": 91755
        },
        "2022-09": {
            "month": "2022-09",
            "price": "139.83",
            "revenue": 89791
        },
        "2022-10": {
            "month": "2022-10",
            "price": "123.72",
            "revenue": 132340
        },
        "2022-11": {
            "month": "2022-11",
            "price": "136.18",
            "revenue": 180187
        },
        "2022-12": {
            "month": "2022-12",
            "price": "175.25",
            "revenue": 153251
        },
        "2023-01": {
            "month": "2023-01",
            "price": "164.46",
            "revenue": 103373
        },
        "2023-02": {
            "month": "2023-02",
            "price": "174.11",
            "revenue": 79217
        },
        "2023-03": {
            "month": "2023-03",
            "price": "165.04",
            "revenue": 118753
        },
        "2023-04": {
            "month": "2023-04",
            "price": "173.59",
            "revenue": 85959
        },
        "2023-05": {
            "month": "2023-05",
            "price": "167.50",
            "revenue": 61514
        }
    }
}
