{
    "summary": {
        "stock_name": "醫揚",
        "stock_id": "6569",
        "category": "生技醫療",
        "main_business": "醫療用電腦設計、製造及銷售<br>其他零組件買賣",
        "website_url": "http://www.onyx-healthcare.com/",
        "ceo": "莊富鈞",
        "pe_ratio": 22,
        "report_year_from": 2014,
        "report_year_to": 2023,
        "age": 10,
        "eps_negative_percentage": 0,
        "eps_growth_avg": {
            "last_all": 5.92,
            "last_2y": 10.69,
            "last_4y": 1.6,
            "last_8y": null,
            "last_12y": null,
            "last_16y": null,
            "last_20y": null,
            "at_2006_last_3y": null,
            "at_2007_last_3y": null,
            "at_2008_last_3y": null,
            "at_2009_last_3y": null,
            "at_2010_last_3y": null,
            "at_2011_last_3y": null,
            "at_2012_last_3y": null,
            "at_2013_last_3y": null,
            "at_2014_last_3y": null,
            "at_2015_last_3y": null,
            "at_2016_last_3y": null,
            "at_2017_last_3y": null,
            "at_2018_last_3y": null,
            "at_2019_last_3y": null,
            "at_2020_last_3y": 2.34,
            "at_2021_last_3y": 0.49,
            "at_2022_last_3y": -3.74,
            "at_2023_last_3y": -2.67,
            "at_2024_last_3y": -2.67,
            "at_2006_last_all": null,
            "at_2007_last_all": null,
            "at_2008_last_all": null,
            "at_2009_last_all": null,
            "at_2010_last_all": null,
            "at_2011_last_all": null,
            "at_2012_last_all": null,
            "at_2013_last_all": null,
            "at_2014_last_all": null,
            "at_2015_last_all": null,
            "at_2016_last_all": null,
            "at_2017_last_all": null,
            "at_2018_last_all": 16.71,
            "at_2019_last_all": 17.37,
            "at_2020_last_all": 2.34,
            "at_2021_last_all": -5.01,
            "at_2022_last_all": 3.08,
            "at_2023_last_all": 5.92,
            "at_2024_last_all": 5.92
        },
        "latest_eps": 7.62,
        "latest_price": 168.5,
        "latest_roe": 17.47,
        "latest_gross_margin": 41.11,
        "latest_equity": 1520546,
        "latest_revenue": 434797,
        "latest_gross_profit": 178763,
        "latest_net_income": 66332,
        "latest_debt_ratio": 25.76,
        "latest_current_ratio": 285.42,
        "latest_account_receivable_turnover_ratio": 2.14,
        "latest_inventory_turnover_ratio": 0.88,
        "latest_reinvestment_rate": 64.42,
        "latest_research_to_sale_ratio": 5.01
    },
    "eps_dividends": {
        "2001": {
            "cash": 0,
            "stock": 0,
            "eps": 0
        },
        "2002": {
            "cash": 0,
            "stock": 0,
            "eps": 0
        },
        "2003": {
            "cash": 0,
            "stock": 0,
            "eps": 0
        },
        "2004": {
            "cash": 0,
            "stock": 0,
            "eps": 0
        },
        "2005": {
            "cash": 0,
            "stock": 0,
            "eps": 0
        },
        "2006": {
            "cash": 0,
            "stock": 0,
            "eps": 0
        },
        "2007": {
            "cash": 0,
            "stock": 0,
            "eps": 0
        },
        "2008": {
            "cash": 0,
            "stock": 0,
            "eps": 0
        },
        "2009": {
            "cash": 0,
            "stock": 0,
            "eps": 0
        },
        "2010": {
            "cash": 0,
            "stock": 0,
            "eps": 0
        },
        "2011": {
            "cash": 0,
            "stock": 0,
            "eps": 0
        },
        "2012": {
            "cash": 0,
            "stock": 0,
            "eps": 0
        },
        "2013": {
            "cash": 0,
            "stock": 0,
            "eps": 0
        },
        "2014": {
            "cash": 0.6,
            "stock": 3.5,
            "eps": 0
        },
        "2015": {
            "cash": 3,
            "stock": 1,
            "eps": 0
        },
        "2016": {
            "cash": 6,
            "stock": 1,
            "eps": 8.32
        },
        "2017": {
            "cash": 7,
            "stock": 1,
            "eps": 6.07
        },
        "2018": {
            "cash": 6.5,
            "stock": 0,
            "eps": 9.74
        },
        "2019": {
            "cash": 6.5,
            "stock": 1,
            "eps": 11.56
        },
        "2020": {
            "cash": 6,
            "stock": 2.5,
            "eps": 6.62
        },
        "2021": {
            "cash": 5.5,
            "stock": 1,
            "eps": 4.34
        },
        "2022": {
            "cash": 4,
            "stock": 0,
            "eps": 6.23
        },
        "2023": {
            "cash": 5,
            "stock": 0,
            "eps": 7.66
        },
        "2024": {
            "cash": 5,
            "stock": 1.5,
            "eps": 0
        }
    },
    "dividends": {
        "2014-06-27": {
            "cash": 0.6,
            "stock": 3.5
        },
        "2015-03-17": {
            "cash": 3,
            "stock": 1
        },
        "2016-09-21": {
            "cash": 6,
            "stock": 1
        },
        "2017-09-20": {
            "cash": 7,
            "stock": 1
        },
        "2018-07-27": {
            "cash": 6.5,
            "stock": 0
        },
        "2019-07-26": {
            "cash": 6.5,
            "stock": 1
        },
        "2020-09-09": {
            "cash": 6,
            "stock": 2.5
        },
        "2021-09-29": {
            "cash": 5.5,
            "stock": 1
        },
        "2022-07-26": {
            "cash": 4,
            "stock": 0
        },
        "2023-07-31": {
            "cash": 5,
            "stock": 0
        },
        "2024-02-27": {
            "cash": 5,
            "stock": 1.5
        }
    },
    "prices": {
        "200101": "無",
        "200102": "無",
        "200103": "無",
        "200104": "無",
        "200105": "無",
        "200106": "無",
        "200107": "無",
        "200108": "無",
        "200109": "無",
        "200110": "無",
        "200111": "無",
        "200112": "無",
        "200201": "無",
        "200202": "無",
        "200203": "無",
        "200204": "無",
        "200205": "無",
        "200206": "無",
        "200207": "無",
        "200208": "無",
        "200209": "無",
        "200210": "無",
        "200211": "無",
        "200212": "無",
        "200301": "無",
        "200302": "無",
        "200303": "無",
        "200304": "無",
        "200305": "無",
        "200306": "無",
        "200307": "無",
        "200308": "無",
        "200309": "無",
        "200310": "無",
        "200311": "無",
        "200312": "無",
        "200401": "無",
        "200402": "無",
        "200403": "無",
        "200404": "無",
        "200405": "無",
        "200406": "無",
        "200407": "無",
        "200408": "無",
        "200409": "無",
        "200410": "無",
        "200411": "無",
        "200412": "無",
        "200501": "無",
        "200502": "無",
        "200503": "無",
        "200504": "無",
        "200505": "無",
        "200506": "無",
        "200507": "無",
        "200508": "無",
        "200509": "無",
        "200510": "無",
        "200511": "無",
        "200512": "無",
        "200601": "無",
        "200602": "無",
        "200603": "無",
        "200604": "無",
        "200605": "無",
        "200606": "無",
        "200607": "無",
        "200608": "無",
        "200609": "無",
        "200610": "無",
        "200611": "無",
        "200612": "無",
        "200701": "無",
        "200702": "無",
        "200703": "無",
        "200704": "無",
        "200705": "無",
        "200706": "無",
        "200707": "無",
        "200708": "無",
        "200709": "無",
        "200710": "無",
        "200711": "無",
        "200712": "無",
        "200801": "無",
        "200802": "無",
        "200803": "無",
        "200804": "無",
        "200805": "無",
        "200806": "無",
        "200807": "無",
        "200808": "無",
        "200809": "無",
        "200810": "無",
        "200811": "無",
        "200812": "無",
        "200901": "無",
        "200902": "無",
        "200903": "無",
        "200904": "無",
        "200905": "無",
        "200906": "無",
        "200907": "無",
        "200908": "無",
        "200909": "無",
        "200910": "無",
        "200911": "無",
        "200912": "無",
        "201001": "無",
        "201002": "無",
        "201003": "無",
        "201004": "無",
        "201005": "無",
        "201006": "無",
        "201007": "無",
        "201008": "無",
        "201009": "無",
        "201010": "無",
        "201011": "無",
        "201012": "無",
        "201101": "無",
        "201102": "無",
        "201103": "無",
        "201104": "無",
        "201105": "無",
        "201106": "無",
        "201107": "無",
        "201108": "無",
        "201109": "無",
        "201110": "無",
        "201111": "無",
        "201112": "無",
        "201201": "無",
        "201202": "無",
        "201203": "無",
        "201204": "無",
        "201205": "無",
        "201206": "無",
        "201207": "無",
        "201208": "無",
        "201209": "無",
        "201210": "無",
        "201211": "無",
        "201212": "無",
        "201301": "無",
        "201302": "無",
        "201303": "無",
        "201304": "無",
        "201305": "無",
        "201306": "無",
        "201307": "無",
        "201308": "無",
        "201309": "無",
        "201310": "無",
        "201311": "無",
        "201312": "無",
        "201401": "無",
        "201402": "無",
        "201403": "無",
        "201404": "無",
        "201405": "無",
        "201406": "無",
        "201407": "無",
        "201408": "無",
        "201409": "無",
        "201410": "無",
        "201411": "無",
        "201412": "無",
        "201501": "無",
        "201502": "無",
        "201503": "無",
        "201504": "無",
        "201505": "無",
        "201506": "無",
        "201507": "無",
        "201508": "無",
        "201509": "無",
        "201510": "無",
        "201511": "無",
        "201512": "無",
        "201601": "146.84",
        "201602": "179.87",
        "201603": "193.26",
        "201604": "244.31",
        "201605": "262.91",
        "201606": "284.85",
        "201607": "277.96",
        "201608": "227.76",
        "201609": "219.91",
        "201610": "220.28",
        "201611": "225.72",
        "201612": "232.92",
        "201701": "225.84",
        "201702": "225.83",
        "201703": "267.83",
        "201704": "278.92",
        "201705": "238.32",
        "201706": "247.52",
        "201707": "245.45",
        "201708": "213.93",
        "201709": "199.89",
        "201710": "181.39",
        "201711": "161.84",
        "201712": "156.98",
        "201801": "154.34",
        "201802": "157.27",
        "201803": "165.87",
        "201804": "174.36",
        "201805": "153.98",
        "201806": "150.78",
        "201807": "120.73",
        "201808": "125.43",
        "201809": "123.47",
        "201810": "111.43",
        "201811": "124.70",
        "201812": "132.68",
        "201901": "137.29",
        "201902": "152.62",
        "201903": "156.20",
        "201904": "164.72",
        "201905": "166.25",
        "201906": "168.97",
        "201907": "174.54",
        "201908": "186.10",
        "201909": "180.34",
        "201910": "169.93",
        "201911": "167.79",
        "201912": "158.07",
        "202001": "158.80",
        "202002": "156.58",
        "202003": "164.36",
        "202004": "169.10",
        "202005": "170.28",
        "202006": "172.55",
        "202007": "171.72",
        "202008": "142.43",
        "202009": "136.68",
        "202010": "126.63",
        "202011": "123.29",
        "202012": "130.35",
        "202101": "128.81",
        "202102": "129.04",
        "202103": "139.20",
        "202104": "139.39",
        "202105": "130.45",
        "202106": "129.02",
        "202107": "132.57",
        "202108": "123.73",
        "202109": "110.19",
        "202110": "106.69",
        "202111": "105.50",
        "202112": "105.30",
        "202201": "105.94",
        "202202": "106.40",
        "202203": "101.84",
        "202204": "106.61",
        "202205": "103.22",
        "202206": "102.60",
        "202207": "95.77",
        "202208": "96.67",
        "202209": "96.95",
        "202210": "91.02",
        "202211": "92.20",
        "202212": "98.08",
        "202301": "98.42",
        "202302": "101.16",
        "202303": "108.37",
        "202304": "110.29",
        "202305": "117.39",
        "202306": "140.52",
        "202307": "189.86",
        "202308": "178.30",
        "202309": "166.62",
        "202310": "179.12",
        "202311": "191.39",
        "202312": "171.83"
    },
    "quarters": {
        "20011": {
            "year_quarter": 20011,
            "year": 2001,
            "quarter": 1,
            "eps": null,
            "eps_growth_year": null,
            "eps_4q": null,
            "eps_4q_growth_year": null,
            "roe": null,
            "roe_4q": 0,
            "gross_profit": null,
            "gross_margin": null,
            "gross_margin_4q_avg": 0,
            "net_income": null,
            "net_income_4q": null,
            "revenue": null,
            "revenue_4q": null,
            "common_shares": null,
            "book_valuer_per_share": null,
            "book_valuer_per_share_4q_avg": 0,
            "equity": null,
            "current_ratio": null,
            "debt_ratio": null,
            "inventory_turnover_ratio": null,
            "account_receivable_turnover_ratio": null,
            "reinvestment_rate": null,
            "research_to_sale_ratio": null,
            "price_fair": 0,
            "eps_avg_yearly": 0,
            "eps_latest_yearly": 0,
            "eps_growth_yearly": 0
        },
        "20012": {
            "year_quarter": 20012,
            "year": 2001,
            "quarter": 2,
            "eps": null,
            "eps_growth_year": null,
            "eps_4q": null,
            "eps_4q_growth_year": null,
            "roe": null,
            "roe_4q": 0,
            "gross_profit": null,
            "gross_margin": null,
            "gross_margin_4q_avg": 0,
            "net_income": null,
            "net_income_4q": null,
            "revenue": null,
            "revenue_4q": null,
            "common_shares": null,
            "book_valuer_per_share": null,
            "book_valuer_per_share_4q_avg": 0,
            "equity": null,
            "current_ratio": null,
            "debt_ratio": null,
            "inventory_turnover_ratio": null,
            "account_receivable_turnover_ratio": null,
            "reinvestment_rate": null,
            "research_to_sale_ratio": null,
            "price_fair": 0,
            "eps_avg_yearly": 0,
            "eps_latest_yearly": 0,
            "eps_growth_yearly": 0
        },
        "20013": {
            "year_quarter": 20013,
            "year": 2001,
            "quarter": 3,
            "eps": null,
            "eps_growth_year": null,
            "eps_4q": null,
            "eps_4q_growth_year": null,
            "roe": null,
            "roe_4q": 0,
            "gross_profit": null,
            "gross_margin": null,
            "gross_margin_4q_avg": 0,
            "net_income": null,
            "net_income_4q": null,
            "revenue": null,
            "revenue_4q": null,
            "common_shares": null,
            "book_valuer_per_share": null,
            "book_valuer_per_share_4q_avg": 0,
            "equity": null,
            "current_ratio": null,
            "debt_ratio": null,
            "inventory_turnover_ratio": null,
            "account_receivable_turnover_ratio": null,
            "reinvestment_rate": null,
            "research_to_sale_ratio": null,
            "price_fair": 0,
            "eps_avg_yearly": 0,
            "eps_latest_yearly": 0,
            "eps_growth_yearly": 0
        },
        "20014": {
            "year_quarter": 20014,
            "year": 2001,
            "quarter": 4,
            "eps": null,
            "eps_growth_year": null,
            "eps_4q": null,
            "eps_4q_growth_year": null,
            "roe": null,
            "roe_4q": 0,
            "gross_profit": null,
            "gross_margin": null,
            "gross_margin_4q_avg": 0,
            "net_income": null,
            "net_income_4q": null,
            "revenue": null,
            "revenue_4q": null,
            "common_shares": null,
            "book_valuer_per_share": null,
            "book_valuer_per_share_4q_avg": 0,
            "equity": null,
            "current_ratio": null,
            "debt_ratio": null,
            "inventory_turnover_ratio": null,
            "account_receivable_turnover_ratio": null,
            "reinvestment_rate": null,
            "research_to_sale_ratio": null,
            "price_fair": 0,
            "eps_avg_yearly": 0,
            "eps_latest_yearly": 0,
            "eps_growth_yearly": 0
        },
        "20021": {
            "year_quarter": 20021,
            "year": 2002,
            "quarter": 1,
            "eps": null,
            "eps_growth_year": null,
            "eps_4q": null,
            "eps_4q_growth_year": null,
            "roe": null,
            "roe_4q": 0,
            "gross_profit": null,
            "gross_margin": null,
            "gross_margin_4q_avg": 0,
            "net_income": null,
            "net_income_4q": null,
            "revenue": null,
            "revenue_4q": null,
            "common_shares": null,
            "book_valuer_per_share": null,
            "book_valuer_per_share_4q_avg": 0,
            "equity": null,
            "current_ratio": null,
            "debt_ratio": null,
            "inventory_turnover_ratio": null,
            "account_receivable_turnover_ratio": null,
            "reinvestment_rate": null,
            "research_to_sale_ratio": null,
            "price_fair": 0,
            "eps_avg_yearly": 0,
            "eps_latest_yearly": 0,
            "eps_growth_yearly": 0
        },
        "20022": {
            "year_quarter": 20022,
            "year": 2002,
            "quarter": 2,
            "eps": null,
            "eps_growth_year": null,
            "eps_4q": null,
            "eps_4q_growth_year": null,
            "roe": null,
            "roe_4q": 0,
            "gross_profit": null,
            "gross_margin": null,
            "gross_margin_4q_avg": 0,
            "net_income": null,
            "net_income_4q": null,
            "revenue": null,
            "revenue_4q": null,
            "common_shares": null,
            "book_valuer_per_share": null,
            "book_valuer_per_share_4q_avg": 0,
            "equity": null,
            "current_ratio": null,
            "debt_ratio": null,
            "inventory_turnover_ratio": null,
            "account_receivable_turnover_ratio": null,
            "reinvestment_rate": null,
            "research_to_sale_ratio": null,
            "price_fair": 0,
            "eps_avg_yearly": 0,
            "eps_latest_yearly": 0,
            "eps_growth_yearly": 0
        },
        "20023": {
            "year_quarter": 20023,
            "year": 2002,
            "quarter": 3,
            "eps": null,
            "eps_growth_year": null,
            "eps_4q": null,
            "eps_4q_growth_year": null,
            "roe": null,
            "roe_4q": 0,
            "gross_profit": null,
            "gross_margin": null,
            "gross_margin_4q_avg": 0,
            "net_income": null,
            "net_income_4q": null,
            "revenue": null,
            "revenue_4q": null,
            "common_shares": null,
            "book_valuer_per_share": null,
            "book_valuer_per_share_4q_avg": 0,
            "equity": null,
            "current_ratio": null,
            "debt_ratio": null,
            "inventory_turnover_ratio": null,
            "account_receivable_turnover_ratio": null,
            "reinvestment_rate": null,
            "research_to_sale_ratio": null,
            "price_fair": 0,
            "eps_avg_yearly": 0,
            "eps_latest_yearly": 0,
            "eps_growth_yearly": 0
        },
        "20024": {
            "year_quarter": 20024,
            "year": 2002,
            "quarter": 4,
            "eps": null,
            "eps_growth_year": null,
            "eps_4q": null,
            "eps_4q_growth_year": null,
            "roe": null,
            "roe_4q": 0,
            "gross_profit": null,
            "gross_margin": null,
            "gross_margin_4q_avg": 0,
            "net_income": null,
            "net_income_4q": null,
            "revenue": null,
            "revenue_4q": null,
            "common_shares": null,
            "book_valuer_per_share": null,
            "book_valuer_per_share_4q_avg": 0,
            "equity": null,
            "current_ratio": null,
            "debt_ratio": null,
            "inventory_turnover_ratio": null,
            "account_receivable_turnover_ratio": null,
            "reinvestment_rate": null,
            "research_to_sale_ratio": null,
            "price_fair": 0,
            "eps_avg_yearly": 0,
            "eps_latest_yearly": 0,
            "eps_growth_yearly": 0
        },
        "20031": {
            "year_quarter": 20031,
            "year": 2003,
            "quarter": 1,
            "eps": null,
            "eps_growth_year": null,
            "eps_4q": null,
            "eps_4q_growth_year": null,
            "roe": null,
            "roe_4q": 0,
            "gross_profit": null,
            "gross_margin": null,
            "gross_margin_4q_avg": 0,
            "net_income": null,
            "net_income_4q": null,
            "revenue": null,
            "revenue_4q": null,
            "common_shares": null,
            "book_valuer_per_share": null,
            "book_valuer_per_share_4q_avg": 0,
            "equity": null,
            "current_ratio": null,
            "debt_ratio": null,
            "inventory_turnover_ratio": null,
            "account_receivable_turnover_ratio": null,
            "reinvestment_rate": null,
            "research_to_sale_ratio": null,
            "price_fair": 0,
            "eps_avg_yearly": 0,
            "eps_latest_yearly": 0,
            "eps_growth_yearly": 0
        },
        "20032": {
            "year_quarter": 20032,
            "year": 2003,
            "quarter": 2,
            "eps": null,
            "eps_growth_year": null,
            "eps_4q": null,
            "eps_4q_growth_year": null,
            "roe": null,
            "roe_4q": 0,
            "gross_profit": null,
            "gross_margin": null,
            "gross_margin_4q_avg": 0,
            "net_income": null,
            "net_income_4q": null,
            "revenue": null,
            "revenue_4q": null,
            "common_shares": null,
            "book_valuer_per_share": null,
            "book_valuer_per_share_4q_avg": 0,
            "equity": null,
            "current_ratio": null,
            "debt_ratio": null,
            "inventory_turnover_ratio": null,
            "account_receivable_turnover_ratio": null,
            "reinvestment_rate": null,
            "research_to_sale_ratio": null,
            "price_fair": 0,
            "eps_avg_yearly": 0,
            "eps_latest_yearly": 0,
            "eps_growth_yearly": 0
        },
        "20033": {
            "year_quarter": 20033,
            "year": 2003,
            "quarter": 3,
            "eps": null,
            "eps_growth_year": null,
            "eps_4q": null,
            "eps_4q_growth_year": null,
            "roe": null,
            "roe_4q": 0,
            "gross_profit": null,
            "gross_margin": null,
            "gross_margin_4q_avg": 0,
            "net_income": null,
            "net_income_4q": null,
            "revenue": null,
            "revenue_4q": null,
            "common_shares": null,
            "book_valuer_per_share": null,
            "book_valuer_per_share_4q_avg": 0,
            "equity": null,
            "current_ratio": null,
            "debt_ratio": null,
            "inventory_turnover_ratio": null,
            "account_receivable_turnover_ratio": null,
            "reinvestment_rate": null,
            "research_to_sale_ratio": null,
            "price_fair": 0,
            "eps_avg_yearly": 0,
            "eps_latest_yearly": 0,
            "eps_growth_yearly": 0
        },
        "20034": {
            "year_quarter": 20034,
            "year": 2003,
            "quarter": 4,
            "eps": null,
            "eps_growth_year": null,
            "eps_4q": null,
            "eps_4q_growth_year": null,
            "roe": null,
            "roe_4q": 0,
            "gross_profit": null,
            "gross_margin": null,
            "gross_margin_4q_avg": 0,
            "net_income": null,
            "net_income_4q": null,
            "revenue": null,
            "revenue_4q": null,
            "common_shares": null,
            "book_valuer_per_share": null,
            "book_valuer_per_share_4q_avg": 0,
            "equity": null,
            "current_ratio": null,
            "debt_ratio": null,
            "inventory_turnover_ratio": null,
            "account_receivable_turnover_ratio": null,
            "reinvestment_rate": null,
            "research_to_sale_ratio": null,
            "price_fair": 0,
            "eps_avg_yearly": 0,
            "eps_latest_yearly": 0,
            "eps_growth_yearly": 0
        },
        "20041": {
            "year_quarter": 20041,
            "year": 2004,
            "quarter": 1,
            "eps": null,
            "eps_growth_year": null,
            "eps_4q": null,
            "eps_4q_growth_year": null,
            "roe": null,
            "roe_4q": 0,
            "gross_profit": null,
            "gross_margin": null,
            "gross_margin_4q_avg": 0,
            "net_income": null,
            "net_income_4q": null,
            "revenue": null,
            "revenue_4q": null,
            "common_shares": null,
            "book_valuer_per_share": null,
            "book_valuer_per_share_4q_avg": 0,
            "equity": null,
            "current_ratio": null,
            "debt_ratio": null,
            "inventory_turnover_ratio": null,
            "account_receivable_turnover_ratio": null,
            "reinvestment_rate": null,
            "research_to_sale_ratio": null,
            "price_fair": 0,
            "eps_avg_yearly": 0,
            "eps_latest_yearly": 0,
            "eps_growth_yearly": 0
        },
        "20042": {
            "year_quarter": 20042,
            "year": 2004,
            "quarter": 2,
            "eps": null,
            "eps_growth_year": null,
            "eps_4q": null,
            "eps_4q_growth_year": null,
            "roe": null,
            "roe_4q": 0,
            "gross_profit": null,
            "gross_margin": null,
            "gross_margin_4q_avg": 0,
            "net_income": null,
            "net_income_4q": null,
            "revenue": null,
            "revenue_4q": null,
            "common_shares": null,
            "book_valuer_per_share": null,
            "book_valuer_per_share_4q_avg": 0,
            "equity": null,
            "current_ratio": null,
            "debt_ratio": null,
            "inventory_turnover_ratio": null,
            "account_receivable_turnover_ratio": null,
            "reinvestment_rate": null,
            "research_to_sale_ratio": null,
            "price_fair": 0,
            "eps_avg_yearly": 0,
            "eps_latest_yearly": 0,
            "eps_growth_yearly": 0
        },
        "20043": {
            "year_quarter": 20043,
            "year": 2004,
            "quarter": 3,
            "eps": null,
            "eps_growth_year": null,
            "eps_4q": null,
            "eps_4q_growth_year": null,
            "roe": null,
            "roe_4q": 0,
            "gross_profit": null,
            "gross_margin": null,
            "gross_margin_4q_avg": 0,
            "net_income": null,
            "net_income_4q": null,
            "revenue": null,
            "revenue_4q": null,
            "common_shares": null,
            "book_valuer_per_share": null,
            "book_valuer_per_share_4q_avg": 0,
            "equity": null,
            "current_ratio": null,
            "debt_ratio": null,
            "inventory_turnover_ratio": null,
            "account_receivable_turnover_ratio": null,
            "reinvestment_rate": null,
            "research_to_sale_ratio": null,
            "price_fair": 0,
            "eps_avg_yearly": 0,
            "eps_latest_yearly": 0,
            "eps_growth_yearly": 0
        },
        "20044": {
            "year_quarter": 20044,
            "year": 2004,
            "quarter": 4,
            "eps": null,
            "eps_growth_year": null,
            "eps_4q": null,
            "eps_4q_growth_year": null,
            "roe": null,
            "roe_4q": 0,
            "gross_profit": null,
            "gross_margin": null,
            "gross_margin_4q_avg": 0,
            "net_income": null,
            "net_income_4q": null,
            "revenue": null,
            "revenue_4q": null,
            "common_shares": null,
            "book_valuer_per_share": null,
            "book_valuer_per_share_4q_avg": 0,
            "equity": null,
            "current_ratio": null,
            "debt_ratio": null,
            "inventory_turnover_ratio": null,
            "account_receivable_turnover_ratio": null,
            "reinvestment_rate": null,
            "research_to_sale_ratio": null,
            "price_fair": 0,
            "eps_avg_yearly": 0,
            "eps_latest_yearly": 0,
            "eps_growth_yearly": 0
        },
        "20051": {
            "year_quarter": 20051,
            "year": 2005,
            "quarter": 1,
            "eps": null,
            "eps_growth_year": null,
            "eps_4q": null,
            "eps_4q_growth_year": null,
            "roe": null,
            "roe_4q": 0,
            "gross_profit": null,
            "gross_margin": null,
            "gross_margin_4q_avg": 0,
            "net_income": null,
            "net_income_4q": null,
            "revenue": null,
            "revenue_4q": null,
            "common_shares": null,
            "book_valuer_per_share": null,
            "book_valuer_per_share_4q_avg": 0,
            "equity": null,
            "current_ratio": null,
            "debt_ratio": null,
            "inventory_turnover_ratio": null,
            "account_receivable_turnover_ratio": null,
            "reinvestment_rate": null,
            "research_to_sale_ratio": null,
            "price_fair": 0,
            "eps_avg_yearly": 0,
            "eps_latest_yearly": 0,
            "eps_growth_yearly": 0
        },
        "20052": {
            "year_quarter": 20052,
            "year": 2005,
            "quarter": 2,
            "eps": null,
            "eps_growth_year": null,
            "eps_4q": null,
            "eps_4q_growth_year": null,
            "roe": null,
            "roe_4q": 0,
            "gross_profit": null,
            "gross_margin": null,
            "gross_margin_4q_avg": 0,
            "net_income": null,
            "net_income_4q": null,
            "revenue": null,
            "revenue_4q": null,
            "common_shares": null,
            "book_valuer_per_share": null,
            "book_valuer_per_share_4q_avg": 0,
            "equity": null,
            "current_ratio": null,
            "debt_ratio": null,
            "inventory_turnover_ratio": null,
            "account_receivable_turnover_ratio": null,
            "reinvestment_rate": null,
            "research_to_sale_ratio": null,
            "price_fair": 0,
            "eps_avg_yearly": 0,
            "eps_latest_yearly": 0,
            "eps_growth_yearly": 0
        },
        "20053": {
            "year_quarter": 20053,
            "year": 2005,
            "quarter": 3,
            "eps": null,
            "eps_growth_year": null,
            "eps_4q": null,
            "eps_4q_growth_year": null,
            "roe": null,
            "roe_4q": 0,
            "gross_profit": null,
            "gross_margin": null,
            "gross_margin_4q_avg": 0,
            "net_income": null,
            "net_income_4q": null,
            "revenue": null,
            "revenue_4q": null,
            "common_shares": null,
            "book_valuer_per_share": null,
            "book_valuer_per_share_4q_avg": 0,
            "equity": null,
            "current_ratio": null,
            "debt_ratio": null,
            "inventory_turnover_ratio": null,
            "account_receivable_turnover_ratio": null,
            "reinvestment_rate": null,
            "research_to_sale_ratio": null,
            "price_fair": 0,
            "eps_avg_yearly": 0,
            "eps_latest_yearly": 0,
            "eps_growth_yearly": 0
        },
        "20054": {
            "year_quarter": 20054,
            "year": 2005,
            "quarter": 4,
            "eps": null,
            "eps_growth_year": null,
            "eps_4q": null,
            "eps_4q_growth_year": null,
            "roe": null,
            "roe_4q": 0,
            "gross_profit": null,
            "gross_margin": null,
            "gross_margin_4q_avg": 0,
            "net_income": null,
            "net_income_4q": null,
            "revenue": null,
            "revenue_4q": null,
            "common_shares": null,
            "book_valuer_per_share": null,
            "book_valuer_per_share_4q_avg": 0,
            "equity": null,
            "current_ratio": null,
            "debt_ratio": null,
            "inventory_turnover_ratio": null,
            "account_receivable_turnover_ratio": null,
            "reinvestment_rate": null,
            "research_to_sale_ratio": null,
            "price_fair": 0,
            "eps_avg_yearly": 0,
            "eps_latest_yearly": 0,
            "eps_growth_yearly": 0
        },
        "20061": {
            "year_quarter": 20061,
            "year": 2006,
            "quarter": 1,
            "eps": null,
            "eps_growth_year": null,
            "eps_4q": null,
            "eps_4q_growth_year": null,
            "roe": null,
            "roe_4q": 0,
            "gross_profit": null,
            "gross_margin": null,
            "gross_margin_4q_avg": 0,
            "net_income": null,
            "net_income_4q": null,
            "revenue": null,
            "revenue_4q": null,
            "common_shares": null,
            "book_valuer_per_share": null,
            "book_valuer_per_share_4q_avg": 0,
            "equity": null,
            "current_ratio": null,
            "debt_ratio": null,
            "inventory_turnover_ratio": null,
            "account_receivable_turnover_ratio": null,
            "reinvestment_rate": null,
            "research_to_sale_ratio": null,
            "price_fair": 0,
            "eps_avg_yearly": 0,
            "eps_latest_yearly": 0,
            "eps_growth_yearly": 0
        },
        "20062": {
            "year_quarter": 20062,
            "year": 2006,
            "quarter": 2,
            "eps": null,
            "eps_growth_year": null,
            "eps_4q": null,
            "eps_4q_growth_year": null,
            "roe": null,
            "roe_4q": 0,
            "gross_profit": null,
            "gross_margin": null,
            "gross_margin_4q_avg": 0,
            "net_income": null,
            "net_income_4q": null,
            "revenue": null,
            "revenue_4q": null,
            "common_shares": null,
            "book_valuer_per_share": null,
            "book_valuer_per_share_4q_avg": 0,
            "equity": null,
            "current_ratio": null,
            "debt_ratio": null,
            "inventory_turnover_ratio": null,
            "account_receivable_turnover_ratio": null,
            "reinvestment_rate": null,
            "research_to_sale_ratio": null,
            "price_fair": 0,
            "eps_avg_yearly": 0,
            "eps_latest_yearly": 0,
            "eps_growth_yearly": 0
        },
        "20063": {
            "year_quarter": 20063,
            "year": 2006,
            "quarter": 3,
            "eps": null,
            "eps_growth_year": null,
            "eps_4q": null,
            "eps_4q_growth_year": null,
            "roe": null,
            "roe_4q": 0,
            "gross_profit": null,
            "gross_margin": null,
            "gross_margin_4q_avg": 0,
            "net_income": null,
            "net_income_4q": null,
            "revenue": null,
            "revenue_4q": null,
            "common_shares": null,
            "book_valuer_per_share": null,
            "book_valuer_per_share_4q_avg": 0,
            "equity": null,
            "current_ratio": null,
            "debt_ratio": null,
            "inventory_turnover_ratio": null,
            "account_receivable_turnover_ratio": null,
            "reinvestment_rate": null,
            "research_to_sale_ratio": null,
            "price_fair": 0,
            "eps_avg_yearly": 0,
            "eps_latest_yearly": 0,
            "eps_growth_yearly": 0
        },
        "20064": {
            "year_quarter": 20064,
            "year": 2006,
            "quarter": 4,
            "eps": null,
            "eps_growth_year": null,
            "eps_4q": null,
            "eps_4q_growth_year": null,
            "roe": null,
            "roe_4q": 0,
            "gross_profit": null,
            "gross_margin": null,
            "gross_margin_4q_avg": 0,
            "net_income": null,
            "net_income_4q": null,
            "revenue": null,
            "revenue_4q": null,
            "common_shares": null,
            "book_valuer_per_share": null,
            "book_valuer_per_share_4q_avg": 0,
            "equity": null,
            "current_ratio": null,
            "debt_ratio": null,
            "inventory_turnover_ratio": null,
            "account_receivable_turnover_ratio": null,
            "reinvestment_rate": null,
            "research_to_sale_ratio": null,
            "price_fair": 0,
            "eps_avg_yearly": 0,
            "eps_latest_yearly": 0,
            "eps_growth_yearly": 0
        },
        "20071": {
            "year_quarter": 20071,
            "year": 2007,
            "quarter": 1,
            "eps": null,
            "eps_growth_year": null,
            "eps_4q": null,
            "eps_4q_growth_year": null,
            "roe": null,
            "roe_4q": 0,
            "gross_profit": null,
            "gross_margin": null,
            "gross_margin_4q_avg": 0,
            "net_income": null,
            "net_income_4q": null,
            "revenue": null,
            "revenue_4q": null,
            "common_shares": null,
            "book_valuer_per_share": null,
            "book_valuer_per_share_4q_avg": 0,
            "equity": null,
            "current_ratio": null,
            "debt_ratio": null,
            "inventory_turnover_ratio": null,
            "account_receivable_turnover_ratio": null,
            "reinvestment_rate": null,
            "research_to_sale_ratio": null,
            "price_fair": 0,
            "eps_avg_yearly": 0,
            "eps_latest_yearly": 0,
            "eps_growth_yearly": 0
        },
        "20072": {
            "year_quarter": 20072,
            "year": 2007,
            "quarter": 2,
            "eps": null,
            "eps_growth_year": null,
            "eps_4q": null,
            "eps_4q_growth_year": null,
            "roe": null,
            "roe_4q": 0,
            "gross_profit": null,
            "gross_margin": null,
            "gross_margin_4q_avg": 0,
            "net_income": null,
            "net_income_4q": null,
            "revenue": null,
            "revenue_4q": null,
            "common_shares": null,
            "book_valuer_per_share": null,
            "book_valuer_per_share_4q_avg": 0,
            "equity": null,
            "current_ratio": null,
            "debt_ratio": null,
            "inventory_turnover_ratio": null,
            "account_receivable_turnover_ratio": null,
            "reinvestment_rate": null,
            "research_to_sale_ratio": null,
            "price_fair": 0,
            "eps_avg_yearly": 0,
            "eps_latest_yearly": 0,
            "eps_growth_yearly": 0
        },
        "20073": {
            "year_quarter": 20073,
            "year": 2007,
            "quarter": 3,
            "eps": null,
            "eps_growth_year": null,
            "eps_4q": null,
            "eps_4q_growth_year": null,
            "roe": null,
            "roe_4q": 0,
            "gross_profit": null,
            "gross_margin": null,
            "gross_margin_4q_avg": 0,
            "net_income": null,
            "net_income_4q": null,
            "revenue": null,
            "revenue_4q": null,
            "common_shares": null,
            "book_valuer_per_share": null,
            "book_valuer_per_share_4q_avg": 0,
            "equity": null,
            "current_ratio": null,
            "debt_ratio": null,
            "inventory_turnover_ratio": null,
            "account_receivable_turnover_ratio": null,
            "reinvestment_rate": null,
            "research_to_sale_ratio": null,
            "price_fair": 0,
            "eps_avg_yearly": 0,
            "eps_latest_yearly": 0,
            "eps_growth_yearly": 0
        },
        "20074": {
            "year_quarter": 20074,
            "year": 2007,
            "quarter": 4,
            "eps": null,
            "eps_growth_year": null,
            "eps_4q": null,
            "eps_4q_growth_year": null,
            "roe": null,
            "roe_4q": 0,
            "gross_profit": null,
            "gross_margin": null,
            "gross_margin_4q_avg": 0,
            "net_income": null,
            "net_income_4q": null,
            "revenue": null,
            "revenue_4q": null,
            "common_shares": null,
            "book_valuer_per_share": null,
            "book_valuer_per_share_4q_avg": 0,
            "equity": null,
            "current_ratio": null,
            "debt_ratio": null,
            "inventory_turnover_ratio": null,
            "account_receivable_turnover_ratio": null,
            "reinvestment_rate": null,
            "research_to_sale_ratio": null,
            "price_fair": 0,
            "eps_avg_yearly": 0,
            "eps_latest_yearly": 0,
            "eps_growth_yearly": 0
        },
        "20081": {
            "year_quarter": 20081,
            "year": 2008,
            "quarter": 1,
            "eps": null,
            "eps_growth_year": null,
            "eps_4q": null,
            "eps_4q_growth_year": null,
            "roe": null,
            "roe_4q": 0,
            "gross_profit": null,
            "gross_margin": null,
            "gross_margin_4q_avg": 0,
            "net_income": null,
            "net_income_4q": null,
            "revenue": null,
            "revenue_4q": null,
            "common_shares": null,
            "book_valuer_per_share": null,
            "book_valuer_per_share_4q_avg": 0,
            "equity": null,
            "current_ratio": null,
            "debt_ratio": null,
            "inventory_turnover_ratio": null,
            "account_receivable_turnover_ratio": null,
            "reinvestment_rate": null,
            "research_to_sale_ratio": null,
            "price_fair": 0,
            "eps_avg_yearly": 0,
            "eps_latest_yearly": 0,
            "eps_growth_yearly": 0
        },
        "20082": {
            "year_quarter": 20082,
            "year": 2008,
            "quarter": 2,
            "eps": null,
            "eps_growth_year": null,
            "eps_4q": null,
            "eps_4q_growth_year": null,
            "roe": null,
            "roe_4q": 0,
            "gross_profit": null,
            "gross_margin": null,
            "gross_margin_4q_avg": 0,
            "net_income": null,
            "net_income_4q": null,
            "revenue": null,
            "revenue_4q": null,
            "common_shares": null,
            "book_valuer_per_share": null,
            "book_valuer_per_share_4q_avg": 0,
            "equity": null,
            "current_ratio": null,
            "debt_ratio": null,
            "inventory_turnover_ratio": null,
            "account_receivable_turnover_ratio": null,
            "reinvestment_rate": null,
            "research_to_sale_ratio": null,
            "price_fair": 0,
            "eps_avg_yearly": 0,
            "eps_latest_yearly": 0,
            "eps_growth_yearly": 0
        },
        "20083": {
            "year_quarter": 20083,
            "year": 2008,
            "quarter": 3,
            "eps": null,
            "eps_growth_year": null,
            "eps_4q": null,
            "eps_4q_growth_year": null,
            "roe": null,
            "roe_4q": 0,
            "gross_profit": null,
            "gross_margin": null,
            "gross_margin_4q_avg": 0,
            "net_income": null,
            "net_income_4q": null,
            "revenue": null,
            "revenue_4q": null,
            "common_shares": null,
            "book_valuer_per_share": null,
            "book_valuer_per_share_4q_avg": 0,
            "equity": null,
            "current_ratio": null,
            "debt_ratio": null,
            "inventory_turnover_ratio": null,
            "account_receivable_turnover_ratio": null,
            "reinvestment_rate": null,
            "research_to_sale_ratio": null,
            "price_fair": 0,
            "eps_avg_yearly": 0,
            "eps_latest_yearly": 0,
            "eps_growth_yearly": 0
        },
        "20084": {
            "year_quarter": 20084,
            "year": 2008,
            "quarter": 4,
            "eps": null,
            "eps_growth_year": null,
            "eps_4q": null,
            "eps_4q_growth_year": null,
            "roe": null,
            "roe_4q": 0,
            "gross_profit": null,
            "gross_margin": null,
            "gross_margin_4q_avg": 0,
            "net_income": null,
            "net_income_4q": null,
            "revenue": null,
            "revenue_4q": null,
            "common_shares": null,
            "book_valuer_per_share": null,
            "book_valuer_per_share_4q_avg": 0,
            "equity": null,
            "current_ratio": null,
            "debt_ratio": null,
            "inventory_turnover_ratio": null,
            "account_receivable_turnover_ratio": null,
            "reinvestment_rate": null,
            "research_to_sale_ratio": null,
            "price_fair": 0,
            "eps_avg_yearly": 0,
            "eps_latest_yearly": 0,
            "eps_growth_yearly": 0
        },
        "20091": {
            "year_quarter": 20091,
            "year": 2009,
            "quarter": 1,
            "eps": null,
            "eps_growth_year": null,
            "eps_4q": null,
            "eps_4q_growth_year": null,
            "roe": null,
            "roe_4q": 0,
            "gross_profit": null,
            "gross_margin": null,
            "gross_margin_4q_avg": 0,
            "net_income": null,
            "net_income_4q": null,
            "revenue": null,
            "revenue_4q": null,
            "common_shares": null,
            "book_valuer_per_share": null,
            "book_valuer_per_share_4q_avg": 0,
            "equity": null,
            "current_ratio": null,
            "debt_ratio": null,
            "inventory_turnover_ratio": null,
            "account_receivable_turnover_ratio": null,
            "reinvestment_rate": null,
            "research_to_sale_ratio": null,
            "price_fair": 0,
            "eps_avg_yearly": 0,
            "eps_latest_yearly": 0,
            "eps_growth_yearly": 0
        },
        "20092": {
            "year_quarter": 20092,
            "year": 2009,
            "quarter": 2,
            "eps": null,
            "eps_growth_year": null,
            "eps_4q": null,
            "eps_4q_growth_year": null,
            "roe": null,
            "roe_4q": 0,
            "gross_profit": null,
            "gross_margin": null,
            "gross_margin_4q_avg": 0,
            "net_income": null,
            "net_income_4q": null,
            "revenue": null,
            "revenue_4q": null,
            "common_shares": null,
            "book_valuer_per_share": null,
            "book_valuer_per_share_4q_avg": 0,
            "equity": null,
            "current_ratio": null,
            "debt_ratio": null,
            "inventory_turnover_ratio": null,
            "account_receivable_turnover_ratio": null,
            "reinvestment_rate": null,
            "research_to_sale_ratio": null,
            "price_fair": 0,
            "eps_avg_yearly": 0,
            "eps_latest_yearly": 0,
            "eps_growth_yearly": 0
        },
        "20093": {
            "year_quarter": 20093,
            "year": 2009,
            "quarter": 3,
            "eps": null,
            "eps_growth_year": null,
            "eps_4q": null,
            "eps_4q_growth_year": null,
            "roe": null,
            "roe_4q": 0,
            "gross_profit": null,
            "gross_margin": null,
            "gross_margin_4q_avg": 0,
            "net_income": null,
            "net_income_4q": null,
            "revenue": null,
            "revenue_4q": null,
            "common_shares": null,
            "book_valuer_per_share": null,
            "book_valuer_per_share_4q_avg": 0,
            "equity": null,
            "current_ratio": null,
            "debt_ratio": null,
            "inventory_turnover_ratio": null,
            "account_receivable_turnover_ratio": null,
            "reinvestment_rate": null,
            "research_to_sale_ratio": null,
            "price_fair": 0,
            "eps_avg_yearly": 0,
            "eps_latest_yearly": 0,
            "eps_growth_yearly": 0
        },
        "20094": {
            "year_quarter": 20094,
            "year": 2009,
            "quarter": 4,
            "eps": null,
            "eps_growth_year": null,
            "eps_4q": null,
            "eps_4q_growth_year": null,
            "roe": null,
            "roe_4q": 0,
            "gross_profit": null,
            "gross_margin": null,
            "gross_margin_4q_avg": 0,
            "net_income": null,
            "net_income_4q": null,
            "revenue": null,
            "revenue_4q": null,
            "common_shares": null,
            "book_valuer_per_share": null,
            "book_valuer_per_share_4q_avg": 0,
            "equity": null,
            "current_ratio": null,
            "debt_ratio": null,
            "inventory_turnover_ratio": null,
            "account_receivable_turnover_ratio": null,
            "reinvestment_rate": null,
            "research_to_sale_ratio": null,
            "price_fair": 0,
            "eps_avg_yearly": 0,
            "eps_latest_yearly": 0,
            "eps_growth_yearly": 0
        },
        "20101": {
            "year_quarter": 20101,
            "year": 2010,
            "quarter": 1,
            "eps": null,
            "eps_growth_year": null,
            "eps_4q": null,
            "eps_4q_growth_year": null,
            "roe": null,
            "roe_4q": 0,
            "gross_profit": null,
            "gross_margin": null,
            "gross_margin_4q_avg": 0,
            "net_income": null,
            "net_income_4q": null,
            "revenue": null,
            "revenue_4q": null,
            "common_shares": null,
            "book_valuer_per_share": null,
            "book_valuer_per_share_4q_avg": 0,
            "equity": null,
            "current_ratio": null,
            "debt_ratio": null,
            "inventory_turnover_ratio": null,
            "account_receivable_turnover_ratio": null,
            "reinvestment_rate": null,
            "research_to_sale_ratio": null,
            "price_fair": 0,
            "eps_avg_yearly": 0,
            "eps_latest_yearly": 0,
            "eps_growth_yearly": 0
        },
        "20102": {
            "year_quarter": 20102,
            "year": 2010,
            "quarter": 2,
            "eps": null,
            "eps_growth_year": null,
            "eps_4q": null,
            "eps_4q_growth_year": null,
            "roe": null,
            "roe_4q": 0,
            "gross_profit": null,
            "gross_margin": null,
            "gross_margin_4q_avg": 0,
            "net_income": null,
            "net_income_4q": null,
            "revenue": null,
            "revenue_4q": null,
            "common_shares": null,
            "book_valuer_per_share": null,
            "book_valuer_per_share_4q_avg": 0,
            "equity": null,
            "current_ratio": null,
            "debt_ratio": null,
            "inventory_turnover_ratio": null,
            "account_receivable_turnover_ratio": null,
            "reinvestment_rate": null,
            "research_to_sale_ratio": null,
            "price_fair": 0,
            "eps_avg_yearly": 0,
            "eps_latest_yearly": 0,
            "eps_growth_yearly": 0
        },
        "20103": {
            "year_quarter": 20103,
            "year": 2010,
            "quarter": 3,
            "eps": null,
            "eps_growth_year": null,
            "eps_4q": null,
            "eps_4q_growth_year": null,
            "roe": null,
            "roe_4q": 0,
            "gross_profit": null,
            "gross_margin": null,
            "gross_margin_4q_avg": 0,
            "net_income": null,
            "net_income_4q": null,
            "revenue": null,
            "revenue_4q": null,
            "common_shares": null,
            "book_valuer_per_share": null,
            "book_valuer_per_share_4q_avg": 0,
            "equity": null,
            "current_ratio": null,
            "debt_ratio": null,
            "inventory_turnover_ratio": null,
            "account_receivable_turnover_ratio": null,
            "reinvestment_rate": null,
            "research_to_sale_ratio": null,
            "price_fair": 0,
            "eps_avg_yearly": 0,
            "eps_latest_yearly": 0,
            "eps_growth_yearly": 0
        },
        "20104": {
            "year_quarter": 20104,
            "year": 2010,
            "quarter": 4,
            "eps": null,
            "eps_growth_year": null,
            "eps_4q": null,
            "eps_4q_growth_year": null,
            "roe": null,
            "roe_4q": 0,
            "gross_profit": null,
            "gross_margin": null,
            "gross_margin_4q_avg": 0,
            "net_income": null,
            "net_income_4q": null,
            "revenue": null,
            "revenue_4q": null,
            "common_shares": null,
            "book_valuer_per_share": null,
            "book_valuer_per_share_4q_avg": 0,
            "equity": null,
            "current_ratio": null,
            "debt_ratio": null,
            "inventory_turnover_ratio": null,
            "account_receivable_turnover_ratio": null,
            "reinvestment_rate": null,
            "research_to_sale_ratio": null,
            "price_fair": 0,
            "eps_avg_yearly": 0,
            "eps_latest_yearly": 0,
            "eps_growth_yearly": 0
        },
        "20111": {
            "year_quarter": 20111,
            "year": 2011,
            "quarter": 1,
            "eps": null,
            "eps_growth_year": null,
            "eps_4q": null,
            "eps_4q_growth_year": null,
            "roe": null,
            "roe_4q": 0,
            "gross_profit": null,
            "gross_margin": null,
            "gross_margin_4q_avg": 0,
            "net_income": null,
            "net_income_4q": null,
            "revenue": null,
            "revenue_4q": null,
            "common_shares": null,
            "book_valuer_per_share": null,
            "book_valuer_per_share_4q_avg": 0,
            "equity": null,
            "current_ratio": null,
            "debt_ratio": null,
            "inventory_turnover_ratio": null,
            "account_receivable_turnover_ratio": null,
            "reinvestment_rate": null,
            "research_to_sale_ratio": null,
            "price_fair": 0,
            "eps_avg_yearly": 0,
            "eps_latest_yearly": 0,
            "eps_growth_yearly": 0
        },
        "20112": {
            "year_quarter": 20112,
            "year": 2011,
            "quarter": 2,
            "eps": null,
            "eps_growth_year": null,
            "eps_4q": null,
            "eps_4q_growth_year": null,
            "roe": null,
            "roe_4q": 0,
            "gross_profit": null,
            "gross_margin": null,
            "gross_margin_4q_avg": 0,
            "net_income": null,
            "net_income_4q": null,
            "revenue": null,
            "revenue_4q": null,
            "common_shares": null,
            "book_valuer_per_share": null,
            "book_valuer_per_share_4q_avg": 0,
            "equity": null,
            "current_ratio": null,
            "debt_ratio": null,
            "inventory_turnover_ratio": null,
            "account_receivable_turnover_ratio": null,
            "reinvestment_rate": null,
            "research_to_sale_ratio": null,
            "price_fair": 0,
            "eps_avg_yearly": 0,
            "eps_latest_yearly": 0,
            "eps_growth_yearly": 0
        },
        "20113": {
            "year_quarter": 20113,
            "year": 2011,
            "quarter": 3,
            "eps": null,
            "eps_growth_year": null,
            "eps_4q": null,
            "eps_4q_growth_year": null,
            "roe": null,
            "roe_4q": 0,
            "gross_profit": null,
            "gross_margin": null,
            "gross_margin_4q_avg": 0,
            "net_income": null,
            "net_income_4q": null,
            "revenue": null,
            "revenue_4q": null,
            "common_shares": null,
            "book_valuer_per_share": null,
            "book_valuer_per_share_4q_avg": 0,
            "equity": null,
            "current_ratio": null,
            "debt_ratio": null,
            "inventory_turnover_ratio": null,
            "account_receivable_turnover_ratio": null,
            "reinvestment_rate": null,
            "research_to_sale_ratio": null,
            "price_fair": 0,
            "eps_avg_yearly": 0,
            "eps_latest_yearly": 0,
            "eps_growth_yearly": 0
        },
        "20114": {
            "year_quarter": 20114,
            "year": 2011,
            "quarter": 4,
            "eps": null,
            "eps_growth_year": null,
            "eps_4q": null,
            "eps_4q_growth_year": null,
            "roe": null,
            "roe_4q": 0,
            "gross_profit": null,
            "gross_margin": null,
            "gross_margin_4q_avg": 0,
            "net_income": null,
            "net_income_4q": null,
            "revenue": null,
            "revenue_4q": null,
            "common_shares": null,
            "book_valuer_per_share": null,
            "book_valuer_per_share_4q_avg": 0,
            "equity": null,
            "current_ratio": null,
            "debt_ratio": null,
            "inventory_turnover_ratio": null,
            "account_receivable_turnover_ratio": null,
            "reinvestment_rate": null,
            "research_to_sale_ratio": null,
            "price_fair": 0,
            "eps_avg_yearly": 0,
            "eps_latest_yearly": 0,
            "eps_growth_yearly": 0
        },
        "20121": {
            "year_quarter": 20121,
            "year": 2012,
            "quarter": 1,
            "eps": null,
            "eps_growth_year": null,
            "eps_4q": null,
            "eps_4q_growth_year": null,
            "roe": null,
            "roe_4q": 0,
            "gross_profit": null,
            "gross_margin": null,
            "gross_margin_4q_avg": 0,
            "net_income": null,
            "net_income_4q": null,
            "revenue": null,
            "revenue_4q": null,
            "common_shares": null,
            "book_valuer_per_share": null,
            "book_valuer_per_share_4q_avg": 0,
            "equity": null,
            "current_ratio": null,
            "debt_ratio": null,
            "inventory_turnover_ratio": null,
            "account_receivable_turnover_ratio": null,
            "reinvestment_rate": null,
            "research_to_sale_ratio": null,
            "price_fair": 0,
            "eps_avg_yearly": 0,
            "eps_latest_yearly": 0,
            "eps_growth_yearly": 0
        },
        "20122": {
            "year_quarter": 20122,
            "year": 2012,
            "quarter": 2,
            "eps": null,
            "eps_growth_year": null,
            "eps_4q": null,
            "eps_4q_growth_year": null,
            "roe": null,
            "roe_4q": 0,
            "gross_profit": null,
            "gross_margin": null,
            "gross_margin_4q_avg": 0,
            "net_income": null,
            "net_income_4q": null,
            "revenue": null,
            "revenue_4q": null,
            "common_shares": null,
            "book_valuer_per_share": null,
            "book_valuer_per_share_4q_avg": 0,
            "equity": null,
            "current_ratio": null,
            "debt_ratio": null,
            "inventory_turnover_ratio": null,
            "account_receivable_turnover_ratio": null,
            "reinvestment_rate": null,
            "research_to_sale_ratio": null,
            "price_fair": 0,
            "eps_avg_yearly": 0,
            "eps_latest_yearly": 0,
            "eps_growth_yearly": 0
        },
        "20123": {
            "year_quarter": 20123,
            "year": 2012,
            "quarter": 3,
            "eps": null,
            "eps_growth_year": null,
            "eps_4q": null,
            "eps_4q_growth_year": null,
            "roe": null,
            "roe_4q": 0,
            "gross_profit": null,
            "gross_margin": null,
            "gross_margin_4q_avg": 0,
            "net_income": null,
            "net_income_4q": null,
            "revenue": null,
            "revenue_4q": null,
            "common_shares": null,
            "book_valuer_per_share": null,
            "book_valuer_per_share_4q_avg": 0,
            "equity": null,
            "current_ratio": null,
            "debt_ratio": null,
            "inventory_turnover_ratio": null,
            "account_receivable_turnover_ratio": null,
            "reinvestment_rate": null,
            "research_to_sale_ratio": null,
            "price_fair": 0,
            "eps_avg_yearly": 0,
            "eps_latest_yearly": 0,
            "eps_growth_yearly": 0
        },
        "20124": {
            "year_quarter": 20124,
            "year": 2012,
            "quarter": 4,
            "eps": null,
            "eps_growth_year": null,
            "eps_4q": null,
            "eps_4q_growth_year": null,
            "roe": null,
            "roe_4q": 0,
            "gross_profit": null,
            "gross_margin": null,
            "gross_margin_4q_avg": 0,
            "net_income": null,
            "net_income_4q": null,
            "revenue": null,
            "revenue_4q": null,
            "common_shares": null,
            "book_valuer_per_share": null,
            "book_valuer_per_share_4q_avg": 0,
            "equity": null,
            "current_ratio": null,
            "debt_ratio": null,
            "inventory_turnover_ratio": null,
            "account_receivable_turnover_ratio": null,
            "reinvestment_rate": null,
            "research_to_sale_ratio": null,
            "price_fair": 0,
            "eps_avg_yearly": 0,
            "eps_latest_yearly": 0,
            "eps_growth_yearly": 0
        },
        "20131": {
            "year_quarter": 20131,
            "year": 2013,
            "quarter": 1,
            "eps": null,
            "eps_growth_year": null,
            "eps_4q": null,
            "eps_4q_growth_year": null,
            "roe": null,
            "roe_4q": 0,
            "gross_profit": null,
            "gross_margin": null,
            "gross_margin_4q_avg": 0,
            "net_income": null,
            "net_income_4q": null,
            "revenue": null,
            "revenue_4q": null,
            "common_shares": null,
            "book_valuer_per_share": null,
            "book_valuer_per_share_4q_avg": 0,
            "equity": null,
            "current_ratio": null,
            "debt_ratio": null,
            "inventory_turnover_ratio": null,
            "account_receivable_turnover_ratio": null,
            "reinvestment_rate": null,
            "research_to_sale_ratio": null,
            "price_fair": 0,
            "eps_avg_yearly": 0,
            "eps_latest_yearly": 0,
            "eps_growth_yearly": 0
        },
        "20132": {
            "year_quarter": 20132,
            "year": 2013,
            "quarter": 2,
            "eps": null,
            "eps_growth_year": null,
            "eps_4q": null,
            "eps_4q_growth_year": null,
            "roe": null,
            "roe_4q": 0,
            "gross_profit": null,
            "gross_margin": null,
            "gross_margin_4q_avg": 0,
            "net_income": null,
            "net_income_4q": null,
            "revenue": null,
            "revenue_4q": null,
            "common_shares": null,
            "book_valuer_per_share": null,
            "book_valuer_per_share_4q_avg": 0,
            "equity": null,
            "current_ratio": null,
            "debt_ratio": null,
            "inventory_turnover_ratio": null,
            "account_receivable_turnover_ratio": null,
            "reinvestment_rate": null,
            "research_to_sale_ratio": null,
            "price_fair": 0,
            "eps_avg_yearly": 0,
            "eps_latest_yearly": 0,
            "eps_growth_yearly": 0
        },
        "20133": {
            "year_quarter": 20133,
            "year": 2013,
            "quarter": 3,
            "eps": null,
            "eps_growth_year": null,
            "eps_4q": null,
            "eps_4q_growth_year": null,
            "roe": null,
            "roe_4q": 0,
            "gross_profit": null,
            "gross_margin": null,
            "gross_margin_4q_avg": 0,
            "net_income": null,
            "net_income_4q": null,
            "revenue": null,
            "revenue_4q": null,
            "common_shares": null,
            "book_valuer_per_share": null,
            "book_valuer_per_share_4q_avg": 0,
            "equity": null,
            "current_ratio": null,
            "debt_ratio": null,
            "inventory_turnover_ratio": null,
            "account_receivable_turnover_ratio": null,
            "reinvestment_rate": null,
            "research_to_sale_ratio": null,
            "price_fair": 0,
            "eps_avg_yearly": 0,
            "eps_latest_yearly": 0,
            "eps_growth_yearly": 0
        },
        "20134": {
            "year_quarter": 20134,
            "year": 2013,
            "quarter": 4,
            "eps": null,
            "eps_growth_year": null,
            "eps_4q": null,
            "eps_4q_growth_year": null,
            "roe": null,
            "roe_4q": 0,
            "gross_profit": null,
            "gross_margin": null,
            "gross_margin_4q_avg": 0,
            "net_income": null,
            "net_income_4q": null,
            "revenue": null,
            "revenue_4q": null,
            "common_shares": null,
            "book_valuer_per_share": null,
            "book_valuer_per_share_4q_avg": 0,
            "equity": null,
            "current_ratio": null,
            "debt_ratio": null,
            "inventory_turnover_ratio": null,
            "account_receivable_turnover_ratio": null,
            "reinvestment_rate": null,
            "research_to_sale_ratio": null,
            "price_fair": 0,
            "eps_avg_yearly": 0,
            "eps_latest_yearly": 0,
            "eps_growth_yearly": 0
        },
        "20141": {
            "year_quarter": 20141,
            "year": 2014,
            "quarter": 1,
            "eps": null,
            "eps_growth_year": null,
            "eps_4q": null,
            "eps_4q_growth_year": null,
            "roe": null,
            "roe_4q": 0,
            "gross_profit": null,
            "gross_margin": null,
            "gross_margin_4q_avg": 0,
            "net_income": null,
            "net_income_4q": null,
            "revenue": null,
            "revenue_4q": null,
            "common_shares": null,
            "book_valuer_per_share": null,
            "book_valuer_per_share_4q_avg": 0,
            "equity": null,
            "current_ratio": null,
            "debt_ratio": null,
            "inventory_turnover_ratio": null,
            "account_receivable_turnover_ratio": null,
            "reinvestment_rate": null,
            "research_to_sale_ratio": null,
            "price_fair": 0,
            "eps_avg_yearly": 0,
            "eps_latest_yearly": 0,
            "eps_growth_yearly": 0
        },
        "20142": {
            "year_quarter": 20142,
            "year": 2014,
            "quarter": 2,
            "eps": null,
            "eps_growth_year": null,
            "eps_4q": null,
            "eps_4q_growth_year": null,
            "roe": null,
            "roe_4q": 0,
            "gross_profit": null,
            "gross_margin": null,
            "gross_margin_4q_avg": 0,
            "net_income": null,
            "net_income_4q": null,
            "revenue": null,
            "revenue_4q": null,
            "common_shares": 96600,
            "book_valuer_per_share": null,
            "book_valuer_per_share_4q_avg": 0,
            "equity": 190002,
            "current_ratio": null,
            "debt_ratio": null,
            "inventory_turnover_ratio": null,
            "account_receivable_turnover_ratio": null,
            "reinvestment_rate": null,
            "research_to_sale_ratio": null,
            "price_fair": 0,
            "eps_avg_yearly": 0,
            "eps_latest_yearly": 0,
            "eps_growth_yearly": 0
        },
        "20143": {
            "year_quarter": 20143,
            "year": 2014,
            "quarter": 3,
            "eps": null,
            "eps_growth_year": null,
            "eps_4q": null,
            "eps_4q_growth_year": null,
            "roe": null,
            "roe_4q": 0,
            "gross_profit": null,
            "gross_margin": null,
            "gross_margin_4q_avg": 0,
            "net_income": null,
            "net_income_4q": null,
            "revenue": null,
            "revenue_4q": null,
            "common_shares": null,
            "book_valuer_per_share": null,
            "book_valuer_per_share_4q_avg": 0,
            "equity": null,
            "current_ratio": null,
            "debt_ratio": null,
            "inventory_turnover_ratio": null,
            "account_receivable_turnover_ratio": null,
            "reinvestment_rate": null,
            "research_to_sale_ratio": null,
            "price_fair": 0,
            "eps_avg_yearly": 0,
            "eps_latest_yearly": 0,
            "eps_growth_yearly": 0
        },
        "20144": {
            "year_quarter": 20144,
            "year": 2014,
            "quarter": 4,
            "eps": null,
            "eps_growth_year": null,
            "eps_4q": null,
            "eps_4q_growth_year": null,
            "roe": null,
            "roe_4q": 0,
            "gross_profit": null,
            "gross_margin": null,
            "gross_margin_4q_avg": 0,
            "net_income": null,
            "net_income_4q": null,
            "revenue": null,
            "revenue_4q": null,
            "common_shares": 130410,
            "book_valuer_per_share": null,
            "book_valuer_per_share_4q_avg": 0,
            "equity": 236345,
            "current_ratio": null,
            "debt_ratio": null,
            "inventory_turnover_ratio": null,
            "account_receivable_turnover_ratio": null,
            "reinvestment_rate": null,
            "research_to_sale_ratio": null,
            "price_fair": 0,
            "eps_avg_yearly": 0,
            "eps_latest_yearly": 0,
            "eps_growth_yearly": 0
        },
        "20151": {
            "year_quarter": 20151,
            "year": 2015,
            "quarter": 1,
            "eps": null,
            "eps_growth_year": null,
            "eps_4q": null,
            "eps_4q_growth_year": null,
            "roe": null,
            "roe_4q": 0,
            "gross_profit": null,
            "gross_margin": null,
            "gross_margin_4q_avg": 0,
            "net_income": null,
            "net_income_4q": null,
            "revenue": null,
            "revenue_4q": null,
            "common_shares": null,
            "book_valuer_per_share": null,
            "book_valuer_per_share_4q_avg": 0,
            "equity": null,
            "current_ratio": null,
            "debt_ratio": null,
            "inventory_turnover_ratio": null,
            "account_receivable_turnover_ratio": null,
            "reinvestment_rate": null,
            "research_to_sale_ratio": null,
            "price_fair": 0,
            "eps_avg_yearly": 0,
            "eps_latest_yearly": 0,
            "eps_growth_yearly": 0
        },
        "20152": {
            "year_quarter": 20152,
            "year": 2015,
            "quarter": 2,
            "eps": null,
            "eps_growth_year": null,
            "eps_4q": null,
            "eps_4q_growth_year": null,
            "roe": null,
            "roe_4q": 0,
            "gross_profit": null,
            "gross_margin": null,
            "gross_margin_4q_avg": 0,
            "net_income": null,
            "net_income_4q": null,
            "revenue": null,
            "revenue_4q": null,
            "common_shares": 130410,
            "book_valuer_per_share": 18.95,
            "book_valuer_per_share_4q_avg": 4.74,
            "equity": 247069,
            "current_ratio": 231.07,
            "debt_ratio": 47.01,
            "inventory_turnover_ratio": null,
            "account_receivable_turnover_ratio": null,
            "reinvestment_rate": null,
            "research_to_sale_ratio": null,
            "price_fair": 0,
            "eps_avg_yearly": 0,
            "eps_latest_yearly": 0,
            "eps_growth_yearly": 0
        },
        "20153": {
            "year_quarter": 20153,
            "year": 2015,
            "quarter": 3,
            "eps": null,
            "eps_growth_year": null,
            "eps_4q": null,
            "eps_4q_growth_year": null,
            "roe": null,
            "roe_4q": 0,
            "gross_profit": 97678,
            "gross_margin": null,
            "gross_margin_4q_avg": 0,
            "net_income": 40893,
            "net_income_4q": null,
            "revenue": 264253,
            "revenue_4q": null,
            "common_shares": 143451,
            "book_valuer_per_share": 20.26,
            "book_valuer_per_share_4q_avg": 9.8,
            "equity": 290570,
            "current_ratio": 314.41,
            "debt_ratio": 36.84,
            "inventory_turnover_ratio": null,
            "account_receivable_turnover_ratio": null,
            "reinvestment_rate": null,
            "research_to_sale_ratio": null,
            "price_fair": 0,
            "eps_avg_yearly": 0,
            "eps_latest_yearly": 0,
            "eps_growth_yearly": 0
        },
        "20154": {
            "year_quarter": 20154,
            "year": 2015,
            "quarter": 4,
            "eps": null,
            "eps_growth_year": null,
            "eps_4q": null,
            "eps_4q_growth_year": null,
            "roe": null,
            "roe_4q": 0,
            "gross_profit": 80478,
            "gross_margin": null,
            "gross_margin_4q_avg": 0,
            "net_income": 27251,
            "net_income_4q": null,
            "revenue": 251481,
            "revenue_4q": null,
            "common_shares": 143451,
            "book_valuer_per_share": 22.12,
            "book_valuer_per_share_4q_avg": 15.33,
            "equity": 317279,
            "current_ratio": 324.1,
            "debt_ratio": 36.08,
            "inventory_turnover_ratio": null,
            "account_receivable_turnover_ratio": null,
            "reinvestment_rate": null,
            "research_to_sale_ratio": null,
            "price_fair": 0,
            "eps_avg_yearly": 0,
            "eps_latest_yearly": 0,
            "eps_growth_yearly": 0
        },
        "20161": {
            "year_quarter": 20161,
            "year": 2016,
            "quarter": 1,
            "eps": null,
            "eps_growth_year": null,
            "eps_4q": null,
            "eps_4q_growth_year": null,
            "roe": null,
            "roe_4q": 0,
            "gross_profit": 99875,
            "gross_margin": null,
            "gross_margin_4q_avg": 0,
            "net_income": 23274,
            "net_income_4q": null,
            "revenue": 255487,
            "revenue_4q": null,
            "common_shares": 143451,
            "book_valuer_per_share": 23.72,
            "book_valuer_per_share_4q_avg": 21.26,
            "equity": 340266,
            "current_ratio": 290.59,
            "debt_ratio": 39.28,
            "inventory_turnover_ratio": null,
            "account_receivable_turnover_ratio": null,
            "reinvestment_rate": null,
            "research_to_sale_ratio": null,
            "price_fair": 0,
            "eps_avg_yearly": 0,
            "eps_latest_yearly": 0,
            "eps_growth_yearly": 0
        },
        "20162": {
            "year_quarter": 20162,
            "year": 2016,
            "quarter": 2,
            "eps": 2.57,
            "eps_growth_year": null,
            "eps_4q": 2.57,
            "eps_4q_growth_year": null,
            "roe": 12.79,
            "roe_4q": 12.79,
            "gross_profit": 124504,
            "gross_margin": 42.51,
            "gross_margin_4q_avg": 10.63,
            "net_income": 40537,
            "net_income_4q": null,
            "revenue": 292861,
            "revenue_4q": null,
            "common_shares": 143451,
            "book_valuer_per_share": 20.48,
            "book_valuer_per_share_4q_avg": 21.65,
            "equity": 293800,
            "current_ratio": 219.46,
            "debt_ratio": 49.43,
            "inventory_turnover_ratio": 1.22,
            "account_receivable_turnover_ratio": 3.03,
            "reinvestment_rate": null,
            "research_to_sale_ratio": null,
            "price_fair": 0,
            "eps_avg_yearly": 0,
            "eps_latest_yearly": 0,
            "eps_growth_yearly": 0
        },
        "20163": {
            "year_quarter": 20163,
            "year": 2016,
            "quarter": 3,
            "eps": 1.85,
            "eps_growth_year": null,
            "eps_4q": 4.42,
            "eps_4q_growth_year": null,
            "roe": 9.48,
            "roe_4q": 22.27,
            "gross_profit": 111840,
            "gross_margin": 43.93,
            "gross_margin_4q_avg": 21.61,
            "net_income": 29189,
            "net_income_4q": null,
            "revenue": 254606,
            "revenue_4q": null,
            "common_shares": 157796,
            "book_valuer_per_share": 20.39,
            "book_valuer_per_share_4q_avg": 21.68,
            "equity": 321779,
            "current_ratio": 299.78,
            "debt_ratio": 37.98,
            "inventory_turnover_ratio": 1.05,
            "account_receivable_turnover_ratio": 1.6,
            "reinvestment_rate": null,
            "research_to_sale_ratio": 6.33,
            "price_fair": 22.2,
            "eps_avg_yearly": 7.4,
            "eps_latest_yearly": 7.4,
            "eps_growth_yearly": -112.06
        },
        "20164": {
            "year_quarter": 20164,
            "year": 2016,
            "quarter": 4,
            "eps": 3.9,
            "eps_growth_year": null,
            "eps_4q": 7.74,
            "eps_4q_growth_year": null,
            "roe": 11.76,
            "roe_4q": 34.03,
            "gross_profit": 154401,
            "gross_margin": 47.61,
            "gross_margin_4q_avg": 33.51,
            "net_income": 71012,
            "net_income_4q": null,
            "revenue": 324272,
            "revenue_4q": null,
            "common_shares": 181886,
            "book_valuer_per_share": 48.71,
            "book_valuer_per_share_4q_avg": 28.33,
            "equity": 886024,
            "current_ratio": 436.81,
            "debt_ratio": 25.48,
            "inventory_turnover_ratio": 1.22,
            "account_receivable_turnover_ratio": 1.94,
            "reinvestment_rate": null,
            "research_to_sale_ratio": 5.63,
            "price_fair": 402.5,
            "eps_avg_yearly": 11.5,
            "eps_latest_yearly": 15.6,
            "eps_growth_yearly": 165.59
        },
        "20171": {
            "year_quarter": 20171,
            "year": 2017,
            "quarter": 1,
            "eps": 1,
            "eps_growth_year": null,
            "eps_4q": 8.74,
            "eps_4q_growth_year": null,
            "roe": 2.05,
            "roe_4q": 36.08,
            "gross_profit": 111683,
            "gross_margin": 38.81,
            "gross_margin_4q_avg": 43.22,
            "net_income": 18275,
            "net_income_4q": null,
            "revenue": 287778,
            "revenue_4q": null,
            "common_shares": 181886,
            "book_valuer_per_share": 49.5,
            "book_valuer_per_share_4q_avg": 34.77,
            "equity": 900356,
            "current_ratio": 503.35,
            "debt_ratio": 22.49,
            "inventory_turnover_ratio": 1.1,
            "account_receivable_turnover_ratio": 1.62,
            "reinvestment_rate": null,
            "research_to_sale_ratio": 6.27,
            "price_fair": 191.24,
            "eps_avg_yearly": 9,
            "eps_latest_yearly": 4,
            "eps_growth_yearly": 11.25
        },
        "20172": {
            "year_quarter": 20172,
            "year": 2017,
            "quarter": 2,
            "eps": 2.16,
            "eps_growth_year": -15.92,
            "eps_4q": 7.89,
            "eps_4q_growth_year": 206.96,
            "roe": 4.59,
            "roe_4q": 27.88,
            "gross_profit": 115549,
            "gross_margin": 33.28,
            "gross_margin_4q_avg": 40.91,
            "net_income": 39294,
            "net_income_4q": null,
            "revenue": 347236,
            "revenue_4q": null,
            "common_shares": 181886,
            "book_valuer_per_share": 44.7,
            "book_valuer_per_share_4q_avg": 40.83,
            "equity": 813081,
            "current_ratio": 351.55,
            "debt_ratio": 30.95,
            "inventory_turnover_ratio": 1.39,
            "account_receivable_turnover_ratio": 2.21,
            "reinvestment_rate": null,
            "research_to_sale_ratio": 4.78,
            "price_fair": 311.85,
            "eps_avg_yearly": 8.91,
            "eps_latest_yearly": 8.64,
            "eps_growth_yearly": 124.44
        },
        "20173": {
            "year_quarter": 20173,
            "year": 2017,
            "quarter": 3,
            "eps": 1.25,
            "eps_growth_year": -32.43,
            "eps_4q": 7.68,
            "eps_4q_growth_year": 73.76,
            "roe": 3.03,
            "roe_4q": 21.43,
            "gross_profit": 100061,
            "gross_margin": 31.21,
            "gross_margin_4q_avg": 37.73,
            "net_income": 25038,
            "net_income_4q": null,
            "revenue": 320626,
            "revenue_4q": null,
            "common_shares": 200075,
            "book_valuer_per_share": 41.89,
            "book_valuer_per_share_4q_avg": 46.2,
            "equity": 838018,
            "current_ratio": 528.63,
            "debt_ratio": 21.91,
            "inventory_turnover_ratio": 1.38,
            "account_receivable_turnover_ratio": 2.04,
            "reinvestment_rate": null,
            "research_to_sale_ratio": 6.19,
            "price_fair": 284.48,
            "eps_avg_yearly": 8.13,
            "eps_latest_yearly": 5,
            "eps_growth_yearly": 65.85
        },
        "20174": {
            "year_quarter": 20174,
            "year": 2017,
            "quarter": 4,
            "eps": 1.66,
            "eps_growth_year": -57.36,
            "eps_4q": 5.79,
            "eps_4q_growth_year": -25.13,
            "roe": 3.9,
            "roe_4q": 13.57,
            "gross_profit": 107608,
            "gross_margin": 31.58,
            "gross_margin_4q_avg": 33.72,
            "net_income": 33304,
            "net_income_4q": null,
            "revenue": 340703,
            "revenue_4q": null,
            "common_shares": 200075,
            "book_valuer_per_share": 43.5,
            "book_valuer_per_share_4q_avg": 44.9,
            "equity": 870300,
            "current_ratio": 482.11,
            "debt_ratio": 22.84,
            "inventory_turnover_ratio": 1.39,
            "account_receivable_turnover_ratio": 1.96,
            "reinvestment_rate": null,
            "research_to_sale_ratio": 4.2,
            "price_fair": 275.8,
            "eps_avg_yearly": 7.88,
            "eps_latest_yearly": 6.64,
            "eps_growth_yearly": 76.74
        },
        "20181": {
            "year_quarter": 20181,
            "year": 2018,
            "quarter": 1,
            "eps": 0.43,
            "eps_growth_year": -57,
            "eps_4q": 5.31,
            "eps_4q_growth_year": -39.23,
            "roe": 0.96,
            "roe_4q": 12.479999999999999,
            "gross_profit": 87685,
            "gross_margin": 26.24,
            "gross_margin_4q_avg": 30.58,
            "net_income": 8455,
            "net_income_4q": null,
            "revenue": 334169,
            "revenue_4q": null,
            "common_shares": 200075,
            "book_valuer_per_share": 43.69,
            "book_valuer_per_share_4q_avg": 43.45,
            "equity": 893348,
            "current_ratio": 478.76,
            "debt_ratio": 22.76,
            "inventory_turnover_ratio": 1.41,
            "account_receivable_turnover_ratio": 1.85,
            "reinvestment_rate": null,
            "research_to_sale_ratio": 4.02,
            "price_fair": 234.04,
            "eps_avg_yearly": 7,
            "eps_latest_yearly": 1.72,
            "eps_growth_yearly": 23.43
        },
        "20182": {
            "year_quarter": 20182,
            "year": 2018,
            "quarter": 2,
            "eps": 3.72,
            "eps_growth_year": 72.22,
            "eps_4q": 7.07,
            "eps_4q_growth_year": -10.34,
            "roe": 8.46,
            "roe_4q": 16.35,
            "gross_profit": 111629,
            "gross_margin": 33.42,
            "gross_margin_4q_avg": 30.61,
            "net_income": 73090,
            "net_income_4q": null,
            "revenue": 334063,
            "revenue_4q": null,
            "common_shares": 200075,
            "book_valuer_per_share": 40.82,
            "book_valuer_per_share_4q_avg": 42.48,
            "equity": 834628,
            "current_ratio": 313.69,
            "debt_ratio": 32.83,
            "inventory_turnover_ratio": 1.43,
            "account_receivable_turnover_ratio": 2.21,
            "reinvestment_rate": null,
            "research_to_sale_ratio": 5.19,
            "price_fair": 279.48,
            "eps_avg_yearly": 7.99,
            "eps_latest_yearly": 14.88,
            "eps_growth_yearly": 403.06
        },
        "20183": {
            "year_quarter": 20183,
            "year": 2018,
            "quarter": 3,
            "eps": 4.76,
            "eps_growth_year": 280.8,
            "eps_4q": 10.58,
            "eps_4q_growth_year": 37.75,
            "roe": 10.72,
            "roe_4q": 24.04,
            "gross_profit": 128460,
            "gross_margin": 35.98,
            "gross_margin_4q_avg": 31.81,
            "net_income": 94282,
            "net_income_4q": null,
            "revenue": 357054,
            "revenue_4q": null,
            "common_shares": 200075,
            "book_valuer_per_share": 45.38,
            "book_valuer_per_share_4q_avg": 43.35,
            "equity": 924810,
            "current_ratio": 383.58,
            "debt_ratio": 27.19,
            "inventory_turnover_ratio": 1.51,
            "account_receivable_turnover_ratio": 2.34,
            "reinvestment_rate": null,
            "research_to_sale_ratio": 4.67,
            "price_fair": 322.47,
            "eps_avg_yearly": 9.21,
            "eps_latest_yearly": 19.04,
            "eps_growth_yearly": 370.7
        },
        "20184": {
            "year_quarter": 20184,
            "year": 2018,
            "quarter": 4,
            "eps": 0.83,
            "eps_growth_year": -50.15,
            "eps_4q": 9.74,
            "eps_4q_growth_year": 68.15,
            "roe": 1.68,
            "roe_4q": 21.82,
            "gross_profit": 136808,
            "gross_margin": 34.25,
            "gross_margin_4q_avg": 32.47,
            "net_income": 15568,
            "net_income_4q": null,
            "revenue": 399386,
            "revenue_4q": null,
            "common_shares": 200075,
            "book_valuer_per_share": 45.38,
            "book_valuer_per_share_4q_avg": 43.82,
            "equity": 923921,
            "current_ratio": 465,
            "debt_ratio": 23.34,
            "inventory_turnover_ratio": 1.56,
            "account_receivable_turnover_ratio": 1.92,
            "reinvestment_rate": null,
            "research_to_sale_ratio": 4.68,
            "price_fair": 301.84,
            "eps_avg_yearly": 8.62,
            "eps_latest_yearly": 3.32,
            "eps_growth_yearly": 300.61
        },
        "20191": {
            "year_quarter": 20191,
            "year": 2019,
            "quarter": 1,
            "eps": 2.73,
            "eps_growth_year": 534.88,
            "eps_4q": 12.04,
            "eps_4q_growth_year": 126.68,
            "roe": 5.67,
            "roe_4q": 26.53,
            "gross_profit": 133986,
            "gross_margin": 34.97,
            "gross_margin_4q_avg": 34.66,
            "net_income": 53832,
            "net_income_4q": null,
            "revenue": 383148,
            "revenue_4q": null,
            "common_shares": 200075,
            "book_valuer_per_share": 47.97,
            "book_valuer_per_share_4q_avg": 44.89,
            "equity": 974752,
            "current_ratio": 367.79,
            "debt_ratio": 28.86,
            "inventory_turnover_ratio": 1.32,
            "account_receivable_turnover_ratio": 1.64,
            "reinvestment_rate": null,
            "research_to_sale_ratio": 4.36,
            "price_fair": 309.15,
            "eps_avg_yearly": 8.83,
            "eps_latest_yearly": 10.92,
            "eps_growth_yearly": 356.52
        },
        "20192": {
            "year_quarter": 20192,
            "year": 2019,
            "quarter": 2,
            "eps": 4.91,
            "eps_growth_year": 31.99,
            "eps_4q": 12.03,
            "eps_4q_growth_year": 70.15,
            "roe": 10.17,
            "roe_4q": 28.240000000000002,
            "gross_profit": 178027,
            "gross_margin": 39.23,
            "gross_margin_4q_avg": 36.11,
            "net_income": 97236,
            "net_income_4q": null,
            "revenue": 453852,
            "revenue_4q": null,
            "common_shares": 200075,
            "book_valuer_per_share": 46.18,
            "book_valuer_per_share_4q_avg": 46.23,
            "equity": 937898,
            "current_ratio": 192.72,
            "debt_ratio": 34.67,
            "inventory_turnover_ratio": 1.45,
            "account_receivable_turnover_ratio": 1.96,
            "reinvestment_rate": 70.7,
            "research_to_sale_ratio": 4.44,
            "price_fair": 340.67,
            "eps_avg_yearly": 9.73,
            "eps_latest_yearly": 19.64,
            "eps_growth_yearly": 353.43
        },
        "20193": {
            "year_quarter": 20193,
            "year": 2019,
            "quarter": 3,
            "eps": 1.68,
            "eps_growth_year": -64.71,
            "eps_4q": 9.39,
            "eps_4q_growth_year": -11.22,
            "roe": 3.78,
            "roe_4q": 21.299999999999997,
            "gross_profit": 107235,
            "gross_margin": 37.64,
            "gross_margin_4q_avg": 36.52,
            "net_income": 36161,
            "net_income_4q": null,
            "revenue": 284914,
            "revenue_4q": null,
            "common_shares": 220082,
            "book_valuer_per_share": 43.65,
            "book_valuer_per_share_4q_avg": 45.8,
            "equity": 973675,
            "current_ratio": 252.68,
            "debt_ratio": 27.94,
            "inventory_turnover_ratio": 1,
            "account_receivable_turnover_ratio": 1.57,
            "reinvestment_rate": 76.45,
            "research_to_sale_ratio": 5.72,
            "price_fair": 332.55,
            "eps_avg_yearly": 9.5,
            "eps_latest_yearly": 6.72,
            "eps_growth_yearly": 306
        },
        "20194": {
            "year_quarter": 20194,
            "year": 2019,
            "quarter": 4,
            "eps": 2.24,
            "eps_growth_year": 170.16,
            "eps_4q": 10.88,
            "eps_4q_growth_year": 11.65,
            "roe": 4.85,
            "roe_4q": 24.47,
            "gross_profit": 123396,
            "gross_margin": 34.18,
            "gross_margin_4q_avg": 36.51,
            "net_income": 48300,
            "net_income_4q": null,
            "revenue": 361030,
            "revenue_4q": null,
            "common_shares": 220082,
            "book_valuer_per_share": 45.8,
            "book_valuer_per_share_4q_avg": 45.9,
            "equity": 1020011,
            "current_ratio": 269.01,
            "debt_ratio": 26.03,
            "inventory_turnover_ratio": 1.34,
            "account_receivable_turnover_ratio": 2.56,
            "reinvestment_rate": 76.06,
            "research_to_sale_ratio": 4.38,
            "price_fair": 331.2,
            "eps_avg_yearly": 9.46,
            "eps_latest_yearly": 8.96,
            "eps_growth_yearly": 293.67
        },
        "20201": {
            "year_quarter": 20201,
            "year": 2020,
            "quarter": 1,
            "eps": 0.13,
            "eps_growth_year": -95.24,
            "eps_4q": 8.52,
            "eps_4q_growth_year": -29.26,
            "roe": 0.14,
            "roe_4q": 18.939999999999998,
            "gross_profit": 81968,
            "gross_margin": 32.48,
            "gross_margin_4q_avg": 35.88,
            "net_income": 1400,
            "net_income_4q": null,
            "revenue": 252338,
            "revenue_4q": null,
            "common_shares": 220082,
            "book_valuer_per_share": 45.85,
            "book_valuer_per_share_4q_avg": 45.37,
            "equity": 1019790,
            "current_ratio": 295.14,
            "debt_ratio": 23.39,
            "inventory_turnover_ratio": 0.92,
            "account_receivable_turnover_ratio": 1.64,
            "reinvestment_rate": 78.77,
            "research_to_sale_ratio": 7.17,
            "price_fair": 310.33,
            "eps_avg_yearly": 8.87,
            "eps_latest_yearly": 0.52,
            "eps_growth_yearly": 248.97
        },
        "20202": {
            "year_quarter": 20202,
            "year": 2020,
            "quarter": 2,
            "eps": 2.62,
            "eps_growth_year": -46.64,
            "eps_4q": 5.34,
            "eps_4q_growth_year": -55.59,
            "roe": 5.79,
            "roe_4q": 14.559999999999999,
            "gross_profit": 129394,
            "gross_margin": 35.22,
            "gross_margin_4q_avg": 34.88,
            "net_income": 56860,
            "net_income_4q": null,
            "revenue": 367395,
            "revenue_4q": null,
            "common_shares": 220082,
            "book_valuer_per_share": 42.45,
            "book_valuer_per_share_4q_avg": 44.44,
            "equity": 944048,
            "current_ratio": 199.64,
            "debt_ratio": 33.41,
            "inventory_turnover_ratio": 1.13,
            "account_receivable_turnover_ratio": 2.08,
            "reinvestment_rate": 76.07,
            "research_to_sale_ratio": 4.64,
            "price_fair": 313.86,
            "eps_avg_yearly": 8.97,
            "eps_latest_yearly": 10.48,
            "eps_growth_yearly": 712.26
        },
        "20203": {
            "year_quarter": 20203,
            "year": 2020,
            "quarter": 3,
            "eps": 1.37,
            "eps_growth_year": -18.45,
            "eps_4q": 5.36,
            "eps_4q_growth_year": -42.88,
            "roe": 3.92,
            "roe_4q": 14.700000000000001,
            "gross_profit": 96458,
            "gross_margin": 32.89,
            "gross_margin_4q_avg": 33.69,
            "net_income": 37759,
            "net_income_4q": null,
            "revenue": 293265,
            "revenue_4q": null,
            "common_shares": 275102,
            "book_valuer_per_share": 35.41,
            "book_valuer_per_share_4q_avg": 42.38,
            "equity": 984099,
            "current_ratio": 271.39,
            "debt_ratio": 24.29,
            "inventory_turnover_ratio": 0.81,
            "account_receivable_turnover_ratio": 1.87,
            "reinvestment_rate": 77.1,
            "research_to_sale_ratio": 5.89,
            "price_fair": 309.66,
            "eps_avg_yearly": 8.85,
            "eps_latest_yearly": 5.48,
            "eps_growth_yearly": 707.33
        },
        "20204": {
            "year_quarter": 20204,
            "year": 2020,
            "quarter": 4,
            "eps": 2.5,
            "eps_growth_year": 11.66,
            "eps_4q": 6.07,
            "eps_4q_growth_year": -44.16,
            "roe": 6.76,
            "roe_4q": 16.61,
            "gross_profit": 156187,
            "gross_margin": 35.96,
            "gross_margin_4q_avg": 34.14,
            "net_income": 68888,
            "net_income_4q": null,
            "revenue": 434306,
            "revenue_4q": null,
            "common_shares": 275102,
            "book_valuer_per_share": 37.91,
            "book_valuer_per_share_4q_avg": 40.41,
            "equity": 1052849,
            "current_ratio": 273.4,
            "debt_ratio": 24.43,
            "inventory_turnover_ratio": 1.28,
            "account_receivable_turnover_ratio": 3.37,
            "reinvestment_rate": 80.4,
            "research_to_sale_ratio": 3.73,
            "price_fair": 297.41,
            "eps_avg_yearly": 8.5,
            "eps_latest_yearly": 10,
            "eps_growth_yearly": 700.25
        },
        "20211": {
            "year_quarter": 20211,
            "year": 2021,
            "quarter": 1,
            "eps": 0.63,
            "eps_growth_year": 384.62,
            "eps_4q": 6.6,
            "eps_4q_growth_year": -22.52,
            "roe": 1.57,
            "roe_4q": 18.04,
            "gross_profit": 83072,
            "gross_margin": 30.4,
            "gross_margin_4q_avg": 33.62,
            "net_income": 16662,
            "net_income_4q": null,
            "revenue": 273277,
            "revenue_4q": null,
            "common_shares": 275102,
            "book_valuer_per_share": 38.63,
            "book_valuer_per_share_4q_avg": 38.6,
            "equity": 1071909,
            "current_ratio": 255.49,
            "debt_ratio": 25.95,
            "inventory_turnover_ratio": 1.04,
            "account_receivable_turnover_ratio": 2.12,
            "reinvestment_rate": 83.93,
            "research_to_sale_ratio": 9.83,
            "price_fair": 294.18,
            "eps_avg_yearly": 8.41,
            "eps_latest_yearly": 2.52,
            "eps_growth_yearly": 700.14
        },
        "20212": {
            "year_quarter": 20212,
            "year": 2021,
            "quarter": 2,
            "eps": 0.7,
            "eps_growth_year": -73.28,
            "eps_4q": 4.73,
            "eps_4q_growth_year": -11.56,
            "roe": 1.82,
            "roe_4q": 14.07,
            "gross_profit": 67823,
            "gross_margin": 26.88,
            "gross_margin_4q_avg": 31.53,
            "net_income": 18324,
            "net_income_4q": null,
            "revenue": 252320,
            "revenue_4q": null,
            "common_shares": 275102,
            "book_valuer_per_share": 33.88,
            "book_valuer_per_share_4q_avg": 36.46,
            "equity": 940312,
            "current_ratio": 155,
            "debt_ratio": 42.57,
            "inventory_turnover_ratio": 0.95,
            "account_receivable_turnover_ratio": 2.19,
            "reinvestment_rate": 120.95,
            "research_to_sale_ratio": 6.62,
            "price_fair": 281.4,
            "eps_avg_yearly": 8.04,
            "eps_latest_yearly": 2.8,
            "eps_growth_yearly": 673.92
        },
        "20213": {
            "year_quarter": 20213,
            "year": 2021,
            "quarter": 3,
            "eps": 0.55,
            "eps_growth_year": -59.85,
            "eps_4q": 4.03,
            "eps_4q_growth_year": -24.83,
            "roe": 1.7,
            "roe_4q": 11.85,
            "gross_profit": 67982,
            "gross_margin": 27.52,
            "gross_margin_4q_avg": 30.19,
            "net_income": 16176,
            "net_income_4q": null,
            "revenue": 247013,
            "revenue_4q": null,
            "common_shares": 302612,
            "book_valuer_per_share": 31.41,
            "book_valuer_per_share_4q_avg": 35.46,
            "equity": 958325,
            "current_ratio": 153.8,
            "debt_ratio": 39.76,
            "inventory_turnover_ratio": 0.77,
            "account_receivable_turnover_ratio": 1.78,
            "reinvestment_rate": 85.15,
            "research_to_sale_ratio": 6.7,
            "price_fair": 275.28,
            "eps_avg_yearly": 7.87,
            "eps_latest_yearly": 2.2,
            "eps_growth_yearly": 679.09
        },
        "20214": {
            "year_quarter": 20214,
            "year": 2021,
            "quarter": 4,
            "eps": 2.46,
            "eps_growth_year": -1.76,
            "eps_4q": 4.22,
            "eps_4q_growth_year": -30.6,
            "roe": 7.56,
            "roe_4q": 12.65,
            "gross_profit": 144851,
            "gross_margin": 33.75,
            "gross_margin_4q_avg": 29.64,
            "net_income": 75347,
            "net_income_4q": null,
            "revenue": 429150,
            "revenue_4q": null,
            "common_shares": 302612,
            "book_valuer_per_share": 33.9,
            "book_valuer_per_share_4q_avg": 34.46,
            "equity": 1034766,
            "current_ratio": 161.93,
            "debt_ratio": 39.2,
            "inventory_turnover_ratio": 1.07,
            "account_receivable_turnover_ratio": 2.4,
            "reinvestment_rate": 77.05,
            "research_to_sale_ratio": 4.48,
            "price_fair": 282.28,
            "eps_avg_yearly": 8.07,
            "eps_latest_yearly": 9.84,
            "eps_growth_yearly": 757.71
        },
        "20221": {
            "year_quarter": 20221,
            "year": 2022,
            "quarter": 1,
            "eps": 1.39,
            "eps_growth_year": 120.63,
            "eps_4q": 2.82,
            "eps_4q_growth_year": -57.34,
            "roe": 3.52,
            "roe_4q": 14.6,
            "gross_profit": 119539,
            "gross_margin": 28.52,
            "gross_margin_4q_avg": 29.17,
            "net_income": 41558,
            "net_income_4q": null,
            "revenue": 419208,
            "revenue_4q": null,
            "common_shares": 302612,
            "book_valuer_per_share": 40.03,
            "book_valuer_per_share_4q_avg": 34.81,
            "equity": 1327835,
            "current_ratio": 230.74,
            "debt_ratio": 34.42,
            "inventory_turnover_ratio": 1.08,
            "account_receivable_turnover_ratio": 1.87,
            "reinvestment_rate": 80.1,
            "research_to_sale_ratio": 4.94,
            "price_fair": 290.68,
            "eps_avg_yearly": 8.31,
            "eps_latest_yearly": 5.56,
            "eps_growth_yearly": 765.36
        },
        "20222": {
            "year_quarter": 20222,
            "year": 2022,
            "quarter": 2,
            "eps": 0.96,
            "eps_growth_year": 37.14,
            "eps_4q": 4.96,
            "eps_4q_growth_year": 4.9,
            "roe": 2.45,
            "roe_4q": 15.23,
            "gross_profit": 103135,
            "gross_margin": 28.85,
            "gross_margin_4q_avg": 29.66,
            "net_income": 31625,
            "net_income_4q": null,
            "revenue": 357464,
            "revenue_4q": null,
            "common_shares": 332612,
            "book_valuer_per_share": 37.51,
            "book_valuer_per_share_4q_avg": 35.71,
            "equity": 1255887,
            "current_ratio": 216.46,
            "debt_ratio": 35.93,
            "inventory_turnover_ratio": 0.88,
            "account_receivable_turnover_ratio": 1.68,
            "reinvestment_rate": 79.6,
            "research_to_sale_ratio": 5.3,
            "price_fair": 266.53,
            "eps_avg_yearly": 7.62,
            "eps_latest_yearly": 3.84,
            "eps_growth_yearly": 566.35
        },
        "20223": {
            "year_quarter": 20223,
            "year": 2022,
            "quarter": 3,
            "eps": 1.61,
            "eps_growth_year": 192.73,
            "eps_4q": 6.07,
            "eps_4q_growth_year": 50.53,
            "roe": 4.16,
            "roe_4q": 17.69,
            "gross_profit": 88552,
            "gross_margin": 26.33,
            "gross_margin_4q_avg": 29.36,
            "net_income": 53545,
            "net_income_4q": null,
            "revenue": 336350,
            "revenue_4q": null,
            "common_shares": 332612,
            "book_valuer_per_share": 39.44,
            "book_valuer_per_share_4q_avg": 37.72,
            "equity": 1319861,
            "current_ratio": 262.45,
            "debt_ratio": 31.63,
            "inventory_turnover_ratio": 0.75,
            "account_receivable_turnover_ratio": 1.9,
            "reinvestment_rate": 88.54,
            "research_to_sale_ratio": 6.6,
            "price_fair": 238.96,
            "eps_avg_yearly": 6.83,
            "eps_latest_yearly": 6.44,
            "eps_growth_yearly": 576.29
        },
        "20224": {
            "year_quarter": 20224,
            "year": 2022,
            "quarter": 4,
            "eps": 2.27,
            "eps_growth_year": -7.65,
            "eps_4q": 6.1,
            "eps_4q_growth_year": 44.77,
            "roe": 5.62,
            "roe_4q": 15.75,
            "gross_profit": 161080,
            "gross_margin": 33.06,
            "gross_margin_4q_avg": 29.19,
            "net_income": 76410,
            "net_income_4q": null,
            "revenue": 487243,
            "revenue_4q": null,
            "common_shares": 332612,
            "book_valuer_per_share": 41.85,
            "book_valuer_per_share_4q_avg": 39.71,
            "equity": 1400889,
            "current_ratio": 294.47,
            "debt_ratio": 28.78,
            "inventory_turnover_ratio": 0.97,
            "account_receivable_turnover_ratio": 2.24,
            "reinvestment_rate": 122.47,
            "research_to_sale_ratio": 5.09,
            "price_fair": 251.56,
            "eps_avg_yearly": 7.19,
            "eps_latest_yearly": 9.08,
            "eps_growth_yearly": 607.18
        },
        "20231": {
            "year_quarter": 20231,
            "year": 2023,
            "quarter": 1,
            "eps": 1.69,
            "eps_growth_year": 21.58,
            "eps_4q": 6.53,
            "eps_4q_growth_year": 131.86,
            "roe": 3.92,
            "roe_4q": 16.15,
            "gross_profit": 111481,
            "gross_margin": 33.99,
            "gross_margin_4q_avg": 30.56,
            "net_income": 56092,
            "net_income_4q": null,
            "revenue": 327942,
            "revenue_4q": null,
            "common_shares": 332612,
            "book_valuer_per_share": 43.65,
            "book_valuer_per_share_4q_avg": 40.61,
            "equity": 1460996,
            "current_ratio": 304.72,
            "debt_ratio": 27.52,
            "inventory_turnover_ratio": 0.68,
            "account_receivable_turnover_ratio": 1.39,
            "reinvestment_rate": 132.54,
            "research_to_sale_ratio": 6.16,
            "price_fair": 242.46,
            "eps_avg_yearly": 6.93,
            "eps_latest_yearly": 6.76,
            "eps_growth_yearly": 543.56
        },
        "20232": {
            "year_quarter": 20232,
            "year": 2023,
            "quarter": 2,
            "eps": 2.03,
            "eps_growth_year": 111.46,
            "eps_4q": 7.59,
            "eps_4q_growth_year": 53.22,
            "roe": 4.77,
            "roe_4q": 18.47,
            "gross_profit": 135747,
            "gross_margin": 37.93,
            "gross_margin_4q_avg": 32.83,
            "net_income": 67524,
            "net_income_4q": null,
            "revenue": 357874,
            "revenue_4q": null,
            "common_shares": 332883,
            "book_valuer_per_share": 40.86,
            "book_valuer_per_share_4q_avg": 41.45,
            "equity": 1368980,
            "current_ratio": 221.33,
            "debt_ratio": 32.39,
            "inventory_turnover_ratio": 0.75,
            "account_receivable_turnover_ratio": 1.57,
            "reinvestment_rate": 70.86,
            "research_to_sale_ratio": 5.16,
            "price_fair": 217.26,
            "eps_avg_yearly": 6.21,
            "eps_latest_yearly": 8.12,
            "eps_growth_yearly": 528.63
        },
        "20233": {
            "year_quarter": 20233,
            "year": 2023,
            "quarter": 3,
            "eps": 1.96,
            "eps_growth_year": 21.74,
            "eps_4q": 7.89,
            "eps_4q_growth_year": 30.06,
            "roe": 4.6,
            "roe_4q": 18.91,
            "gross_profit": 130153,
            "gross_margin": 34.96,
            "gross_margin_4q_avg": 34.99,
            "net_income": 65222,
            "net_income_4q": null,
            "revenue": 372247,
            "revenue_4q": null,
            "common_shares": 335063,
            "book_valuer_per_share": 43.49,
            "book_valuer_per_share_4q_avg": 42.46,
            "equity": 1466240,
            "current_ratio": 220.66,
            "debt_ratio": 31.37,
            "inventory_turnover_ratio": 0.8,
            "account_receivable_turnover_ratio": 1.6,
            "reinvestment_rate": 67.07,
            "research_to_sale_ratio": 5.08,
            "price_fair": 219.71,
            "eps_avg_yearly": 6.28,
            "eps_latest_yearly": 7.84,
            "eps_growth_yearly": 544.21
        },
        "20234": {
            "year_quarter": 20234,
            "year": 2023,
            "quarter": 4,
            "eps": 1.98,
            "eps_growth_year": -12.84,
            "eps_4q": 7.62,
            "eps_4q_growth_year": 24.81,
            "roe": 4.44,
            "roe_4q": 17.729999999999997,
            "gross_profit": 178763,
            "gross_margin": 41.11,
            "gross_margin_4q_avg": 37,
            "net_income": 66332,
            "net_income_4q": null,
            "revenue": 434797,
            "revenue_4q": null,
            "common_shares": 335163,
            "book_valuer_per_share": 45.1,
            "book_valuer_per_share_4q_avg": 43.28,
            "equity": 1520546,
            "current_ratio": 285.42,
            "debt_ratio": 25.76,
            "inventory_turnover_ratio": 0.88,
            "account_receivable_turnover_ratio": 2.14,
            "reinvestment_rate": 64.42,
            "research_to_sale_ratio": 5.01,
            "price_fair": 217.44,
            "eps_avg_yearly": 6.21,
            "eps_latest_yearly": 7.92,
            "eps_growth_yearly": 536.13
        }
    },
    "months": {
        "2016-01": {
            "month": "2016-01",
            "price": "146.84",
            "revenue": 100312
        },
        "2016-02": {
            "month": "2016-02",
            "price": "179.87",
            "revenue": 51928
        },
        "2016-03": {
            "month": "2016-03",
            "price": "193.26",
            "revenue": 103247
        },
        "2016-04": {
            "month": "2016-04",
            "price": "244.31",
            "revenue": 91989
        },
        "2016-05": {
            "month": "2016-05",
            "price": "262.91",
            "revenue": 114939
        },
        "2016-06": {
            "month": "2016-06",
            "price": "284.85",
            "revenue": 85933
        },
        "2016-07": {
            "month": "2016-07",
            "price": "277.96",
            "revenue": 63478
        },
        "2016-08": {
            "month": "2016-08",
            "price": "227.76",
            "revenue": 88007
        },
        "2016-09": {
            "month": "2016-09",
            "price": "219.91",
            "revenue": 103121
        },
        "2016-10": {
            "month": "2016-10",
            "price": "220.28",
            "revenue": 85428
        },
        "2016-11": {
            "month": "2016-11",
            "price": "225.72",
            "revenue": 91432
        },
        "2016-12": {
            "month": "2016-12",
            "price": "232.92",
            "revenue": 147412
        },
        "2017-01": {
            "month": "2017-01",
            "price": "225.84",
            "revenue": 101322
        },
        "2017-02": {
            "month": "2017-02",
            "price": "225.83",
            "revenue": 88453
        },
        "2017-03": {
            "month": "2017-03",
            "price": "267.83",
            "revenue": 98003
        },
        "2017-04": {
            "month": "2017-04",
            "price": "278.92",
            "revenue": 130660
        },
        "2017-05": {
            "month": "2017-05",
            "price": "238.32",
            "revenue": 92683
        },
        "2017-06": {
            "month": "2017-06",
            "price": "247.52",
            "revenue": 123893
        },
        "2017-07": {
            "month": "2017-07",
            "price": "245.45",
            "revenue": 83929
        },
        "2017-08": {
            "month": "2017-08",
            "price": "213.93",
            "revenue": 137579
        },
        "2017-09": {
            "month": "2017-09",
            "price": "199.89",
            "revenue": 99118
        },
        "2017-10": {
            "month": "2017-10",
            "price": "181.39",
            "revenue": 90414
        },
        "2017-11": {
            "month": "2017-11",
            "price": "161.84",
            "revenue": 131731
        },
        "2017-12": {
            "month": "2017-12",
            "price": "156.98",
            "revenue": 118558
        },
        "2018-01": {
            "month": "2018-01",
            "price": "154.34",
            "revenue": 148192
        },
        "2018-02": {
            "month": "2018-02",
            "price": "157.27",
            "revenue": 58634
        },
        "2018-03": {
            "month": "2018-03",
            "price": "165.87",
            "revenue": 127342
        },
        "2018-04": {
            "month": "2018-04",
            "price": "174.36",
            "revenue": 133005
        },
        "2018-05": {
            "month": "2018-05",
            "price": "153.98",
            "revenue": 105601
        },
        "2018-06": {
            "month": "2018-06",
            "price": "150.78",
            "revenue": 95457
        },
        "2018-07": {
            "month": "2018-07",
            "price": "120.73",
            "revenue": 117595
        },
        "2018-08": {
            "month": "2018-08",
            "price": "125.43",
            "revenue": 117507
        },
        "2018-09": {
            "month": "2018-09",
            "price": "123.47",
            "revenue": 121951
        },
        "2018-10": {
            "month": "2018-10",
            "price": "111.43",
            "revenue": 122895
        },
        "2018-11": {
            "month": "2018-11",
            "price": "124.70",
            "revenue": 138535
        },
        "2018-12": {
            "month": "2018-12",
            "price": "132.68",
            "revenue": 137956
        },
        "2019-01": {
            "month": "2019-01",
            "price": "137.29",
            "revenue": 123829
        },
        "2019-02": {
            "month": "2019-02",
            "price": "152.62",
            "revenue": 87431
        },
        "2019-03": {
            "month": "2019-03",
            "price": "156.20",
            "revenue": 171887
        },
        "2019-04": {
            "month": "2019-04",
            "price": "164.72",
            "revenue": 139110
        },
        "2019-05": {
            "month": "2019-05",
            "price": "166.25",
            "revenue": 163572
        },
        "2019-06": {
            "month": "2019-06",
            "price": "168.97",
            "revenue": 151171
        },
        "2019-07": {
            "month": "2019-07",
            "price": "174.54",
            "revenue": 111603
        },
        "2019-08": {
            "month": "2019-08",
            "price": "186.10",
            "revenue": 96257
        },
        "2019-09": {
            "month": "2019-09",
            "price": "180.34",
            "revenue": 77054
        },
        "2019-10": {
            "month": "2019-10",
            "price": "169.93",
            "revenue": 115175
        },
        "2019-11": {
            "month": "2019-11",
            "price": "167.79",
            "revenue": 91033
        },
        "2019-12": {
            "month": "2019-12",
            "price": "158.07",
            "revenue": 154822
        },
        "2020-01": {
            "month": "2020-01",
            "price": "158.80",
            "revenue": 71340
        },
        "2020-02": {
            "month": "2020-02",
            "price": "156.58",
            "revenue": 97086
        },
        "2020-03": {
            "month": "2020-03",
            "price": "164.36",
            "revenue": 83912
        },
        "2020-04": {
            "month": "2020-04",
            "price": "169.10",
            "revenue": 120521
        },
        "2020-05": {
            "month": "2020-05",
            "price": "170.28",
            "revenue": 101210
        },
        "2020-06": {
            "month": "2020-06",
            "price": "172.55",
            "revenue": 145665
        },
        "2020-07": {
            "month": "2020-07",
            "price": "171.72",
            "revenue": 107170
        },
        "2020-08": {
            "month": "2020-08",
            "price": "142.43",
            "revenue": 117983
        },
        "2020-09": {
            "month": "2020-09",
            "price": "136.68",
            "revenue": 68112
        },
        "2020-10": {
            "month": "2020-10",
            "price": "126.63",
            "revenue": 144714
        },
        "2020-11": {
            "month": "2020-11",
            "price": "123.29",
            "revenue": 124725
        },
        "2020-12": {
            "month": "2020-12",
            "price": "130.35",
            "revenue": 164866
        },
        "2021-01": {
            "month": "2021-01",
            "price": "128.81",
            "revenue": 111654
        },
        "2021-02": {
            "month": "2021-02",
            "price": "129.04",
            "revenue": 56116
        },
        "2021-03": {
            "month": "2021-03",
            "price": "139.20",
            "revenue": 105507
        },
        "2021-04": {
            "month": "2021-04",
            "price": "139.39",
            "revenue": 75896
        },
        "2021-05": {
            "month": "2021-05",
            "price": "130.45",
            "revenue": 80649
        },
        "2021-06": {
            "month": "2021-06",
            "price": "129.02",
            "revenue": 95775
        },
        "2021-07": {
            "month": "2021-07",
            "price": "132.57",
            "revenue": 56837
        },
        "2021-08": {
            "month": "2021-08",
            "price": "123.73",
            "revenue": 96361
        },
        "2021-09": {
            "month": "2021-09",
            "price": "110.19",
            "revenue": 93815
        },
        "2021-10": {
            "month": "2021-10",
            "price": "106.69",
            "revenue": 124742
        },
        "2021-11": {
            "month": "2021-11",
            "price": "105.50",
            "revenue": 141636
        },
        "2021-12": {
            "month": "2021-12",
            "price": "105.30",
            "revenue": 162773
        },
        "2022-01": {
            "month": "2022-01",
            "price": "105.94",
            "revenue": 120899
        },
        "2022-02": {
            "month": "2022-02",
            "price": "106.40",
            "revenue": 120862
        },
        "2022-03": {
            "month": "2022-03",
            "price": "101.84",
            "revenue": 177447
        },
        "2022-04": {
            "month": "2022-04",
            "price": "106.61",
            "revenue": 131917
        },
        "2022-05": {
            "month": "2022-05",
            "price": "103.22",
            "revenue": 105654
        },
        "2022-06": {
            "month": "2022-06",
            "price": "102.60",
            "revenue": 119893
        },
        "2022-07": {
            "month": "2022-07",
            "price": "95.77",
            "revenue": 112825
        },
        "2022-08": {
            "month": "2022-08",
            "price": "96.67",
            "revenue": 112270
        },
        "2022-09": {
            "month": "2022-09",
            "price": "96.95",
            "revenue": 111254
        },
        "2022-10": {
            "month": "2022-10",
            "price": "91.02",
            "revenue": 147121
        },
        "2022-11": {
            "month": "2022-11",
            "price": "92.20",
            "revenue": 181798
        },
        "2022-12": {
            "month": "2022-12",
            "price": "98.08",
            "revenue": 158325
        },
        "2023-01": {
            "month": "2023-01",
            "price": "98.42",
            "revenue": 97974
        },
        "2023-02": {
            "month": "2023-02",
            "price": "101.16",
            "revenue": 106064
        },
        "2023-03": {
            "month": "2023-03",
            "price": "108.37",
            "revenue": 123904
        },
        "2023-04": {
            "month": "2023-04",
            "price": "110.29",
            "revenue": 120872
        },
        "2023-05": {
            "month": "2023-05",
            "price": "117.39",
            "revenue": 99199
        },
        "2023-06": {
            "month": "2023-06",
            "price": "140.52",
            "revenue": 137802
        },
        "2023-07": {
            "month": "2023-07",
            "price": "189.86",
            "revenue": 94450
        },
        "2023-08": {
            "month": "2023-08",
            "price": "178.30",
            "revenue": 121579
        },
        "2023-09": {
            "month": "2023-09",
            "price": "166.62",
            "revenue": 156218
        },
        "2023-10": {
            "month": "2023-10",
            "price": "179.12",
            "revenue": 179346
        },
        "2023-11": {
            "month": "2023-11",
            "price": "191.39",
            "revenue": 99839
        },
        "2023-12": {
            "month": "2023-12",
            "price": "171.83",
            "revenue": 155614
        }
    }
}
