{
    "summary": {
        "stock_name": "霈方",
        "stock_id": "6574",
        "category": "生技醫療",
        "main_business": "美容保養相關產品之研發及銷售<br>除許可業務外，得經營法令非禁止或限制之業務",
        "website_url": "http://www.mikobeaute.com",
        "ceo": "呂慶盛",
        "pe_ratio": 23,
        "report_year_from": 2015,
        "report_year_to": 2023,
        "age": 8,
        "eps_negative_percentage": 0,
        "eps_growth_avg": {
            "last_all": -13.92,
            "last_2y": -6.43,
            "last_4y": -13.92,
            "last_8y": null,
            "last_12y": null,
            "last_16y": null,
            "last_20y": null,
            "at_2006_last_3y": null,
            "at_2007_last_3y": null,
            "at_2008_last_3y": null,
            "at_2009_last_3y": null,
            "at_2010_last_3y": null,
            "at_2011_last_3y": null,
            "at_2012_last_3y": null,
            "at_2013_last_3y": null,
            "at_2014_last_3y": null,
            "at_2015_last_3y": null,
            "at_2016_last_3y": null,
            "at_2017_last_3y": null,
            "at_2018_last_3y": null,
            "at_2019_last_3y": null,
            "at_2020_last_3y": null,
            "at_2021_last_3y": -42.4,
            "at_2022_last_3y": -9.42,
            "at_2023_last_3y": -9.42,
            "at_2006_last_all": null,
            "at_2007_last_all": null,
            "at_2008_last_all": null,
            "at_2009_last_all": null,
            "at_2010_last_all": null,
            "at_2011_last_all": null,
            "at_2012_last_all": null,
            "at_2013_last_all": null,
            "at_2014_last_all": null,
            "at_2015_last_all": null,
            "at_2016_last_all": null,
            "at_2017_last_all": null,
            "at_2018_last_all": null,
            "at_2019_last_all": -25.15,
            "at_2020_last_all": -34.42,
            "at_2021_last_all": -42.4,
            "at_2022_last_all": -13.92,
            "at_2023_last_all": -13.92
        },
        "latest_eps": 2.73,
        "latest_price": 61.9,
        "latest_roe": 10.07,
        "latest_gross_margin": 76.72,
        "latest_equity": 606881,
        "latest_revenue": 125622,
        "latest_gross_profit": 96372,
        "latest_net_income": 9896,
        "latest_debt_ratio": 33.63,
        "latest_current_ratio": 318.35,
        "latest_account_receivable_turnover_ratio": 3.92,
        "latest_inventory_turnover_ratio": 0.58,
        "latest_reinvestment_rate": 12.43,
        "latest_research_to_sale_ratio": 0.37
    },
    "eps_dividends": {
        "2001": {
            "cash": 0,
            "stock": 0,
            "eps": 0
        },
        "2002": {
            "cash": 0,
            "stock": 0,
            "eps": 0
        },
        "2003": {
            "cash": 0,
            "stock": 0,
            "eps": 0
        },
        "2004": {
            "cash": 0,
            "stock": 0,
            "eps": 0
        },
        "2005": {
            "cash": 0,
            "stock": 0,
            "eps": 0
        },
        "2006": {
            "cash": 0,
            "stock": 0,
            "eps": 0
        },
        "2007": {
            "cash": 0,
            "stock": 0,
            "eps": 0
        },
        "2008": {
            "cash": 0,
            "stock": 0,
            "eps": 0
        },
        "2009": {
            "cash": 0,
            "stock": 0,
            "eps": 0
        },
        "2010": {
            "cash": 0,
            "stock": 0,
            "eps": 0
        },
        "2011": {
            "cash": 0,
            "stock": 0,
            "eps": 0
        },
        "2012": {
            "cash": 0,
            "stock": 0,
            "eps": 0
        },
        "2013": {
            "cash": 0,
            "stock": 0,
            "eps": 0
        },
        "2014": {
            "cash": 0,
            "stock": 0,
            "eps": 0
        },
        "2015": {
            "cash": 0,
            "stock": 0,
            "eps": 0
        },
        "2016": {
            "cash": 2.71,
            "stock": 1.76,
            "eps": 0
        },
        "2017": {
            "cash": 7.07,
            "stock": 0,
            "eps": 7.27
        },
        "2018": {
            "cash": 6.16,
            "stock": 0,
            "eps": 4.95
        },
        "2019": {
            "cash": 4,
            "stock": 0,
            "eps": 4.04
        },
        "2020": {
            "cash": 1.23,
            "stock": 0,
            "eps": 1.9
        },
        "2021": {
            "cash": 1.38,
            "stock": 0,
            "eps": 0.64
        },
        "2022": {
            "cash": 1.14,
            "stock": 0,
            "eps": 3.09
        },
        "2023": {
            "cash": 3.5,
            "stock": 0,
            "eps": 0.44
        }
    },
    "dividends": {
        "2016-03-29": {
            "cash": 2.71,
            "stock": 1.76
        },
        "2017-07-06": {
            "cash": 7.07,
            "stock": 0
        },
        "2018-08-31": {
            "cash": 6.16,
            "stock": 0
        },
        "2019-08-30": {
            "cash": 4,
            "stock": 0
        },
        "2020-08-25": {
            "cash": 1.23,
            "stock": 0
        },
        "2021-10-25": {
            "cash": 1.38,
            "stock": 0
        },
        "2022-10-18": {
            "cash": 1.14,
            "stock": 0
        },
        "2023-03-28": {
            "cash": 3.5,
            "stock": 0
        }
    },
    "prices": {
        "200101": "無",
        "200102": "無",
        "200103": "無",
        "200104": "無",
        "200105": "無",
        "200106": "無",
        "200107": "無",
        "200108": "無",
        "200109": "無",
        "200110": "無",
        "200111": "無",
        "200112": "無",
        "200201": "無",
        "200202": "無",
        "200203": "無",
        "200204": "無",
        "200205": "無",
        "200206": "無",
        "200207": "無",
        "200208": "無",
        "200209": "無",
        "200210": "無",
        "200211": "無",
        "200212": "無",
        "200301": "無",
        "200302": "無",
        "200303": "無",
        "200304": "無",
        "200305": "無",
        "200306": "無",
        "200307": "無",
        "200308": "無",
        "200309": "無",
        "200310": "無",
        "200311": "無",
        "200312": "無",
        "200401": "無",
        "200402": "無",
        "200403": "無",
        "200404": "無",
        "200405": "無",
        "200406": "無",
        "200407": "無",
        "200408": "無",
        "200409": "無",
        "200410": "無",
        "200411": "無",
        "200412": "無",
        "200501": "無",
        "200502": "無",
        "200503": "無",
        "200504": "無",
        "200505": "無",
        "200506": "無",
        "200507": "無",
        "200508": "無",
        "200509": "無",
        "200510": "無",
        "200511": "無",
        "200512": "無",
        "200601": "無",
        "200602": "無",
        "200603": "無",
        "200604": "無",
        "200605": "無",
        "200606": "無",
        "200607": "無",
        "200608": "無",
        "200609": "無",
        "200610": "無",
        "200611": "無",
        "200612": "無",
        "200701": "無",
        "200702": "無",
        "200703": "無",
        "200704": "無",
        "200705": "無",
        "200706": "無",
        "200707": "無",
        "200708": "無",
        "200709": "無",
        "200710": "無",
        "200711": "無",
        "200712": "無",
        "200801": "無",
        "200802": "無",
        "200803": "無",
        "200804": "無",
        "200805": "無",
        "200806": "無",
        "200807": "無",
        "200808": "無",
        "200809": "無",
        "200810": "無",
        "200811": "無",
        "200812": "無",
        "200901": "無",
        "200902": "無",
        "200903": "無",
        "200904": "無",
        "200905": "無",
        "200906": "無",
        "200907": "無",
        "200908": "無",
        "200909": "無",
        "200910": "無",
        "200911": "無",
        "200912": "無",
        "201001": "無",
        "201002": "無",
        "201003": "無",
        "201004": "無",
        "201005": "無",
        "201006": "無",
        "201007": "無",
        "201008": "無",
        "201009": "無",
        "201010": "無",
        "201011": "無",
        "201012": "無",
        "201101": "無",
        "201102": "無",
        "201103": "無",
        "201104": "無",
        "201105": "無",
        "201106": "無",
        "201107": "無",
        "201108": "無",
        "201109": "無",
        "201110": "無",
        "201111": "無",
        "201112": "無",
        "201201": "無",
        "201202": "無",
        "201203": "無",
        "201204": "無",
        "201205": "無",
        "201206": "無",
        "201207": "無",
        "201208": "無",
        "201209": "無",
        "201210": "無",
        "201211": "無",
        "201212": "無",
        "201301": "無",
        "201302": "無",
        "201303": "無",
        "201304": "無",
        "201305": "無",
        "201306": "無",
        "201307": "無",
        "201308": "無",
        "201309": "無",
        "201310": "無",
        "201311": "無",
        "201312": "無",
        "201401": "無",
        "201402": "無",
        "201403": "無",
        "201404": "無",
        "201405": "無",
        "201406": "無",
        "201407": "無",
        "201408": "無",
        "201409": "無",
        "201410": "無",
        "201411": "無",
        "201412": "無",
        "201501": "無",
        "201502": "無",
        "201503": "無",
        "201504": "無",
        "201505": "無",
        "201506": "無",
        "201507": "無",
        "201508": "無",
        "201509": "無",
        "201510": "無",
        "201511": "無",
        "201512": "無",
        "201601": "無",
        "201602": "無",
        "201603": "無",
        "201604": "無",
        "201605": "無",
        "201606": "無",
        "201607": "173.83",
        "201608": "178.13",
        "201609": "160.64",
        "201610": "156.69",
        "201611": "150.06",
        "201612": "151.79",
        "201701": "153.22",
        "201702": "156.22",
        "201703": "162.61",
        "201704": "165.47",
        "201705": "164.97",
        "201706": "165.28",
        "201707": "159.00",
        "201708": "150.41",
        "201709": "133.42",
        "201710": "136.22",
        "201711": "132.00",
        "201712": "135.33",
        "201801": "129.76",
        "201802": "121.23",
        "201803": "127.65",
        "201804": "130.97",
        "201805": "125.55",
        "201806": "119.35",
        "201807": "104.62",
        "201808": "98.08",
        "201809": "81.86",
        "201810": "81.38",
        "201811": "85.40",
        "201812": "89.33",
        "201901": "86.46",
        "201902": "85.52",
        "201903": "84.36",
        "201904": "83.55",
        "201905": "81.69",
        "201906": "80.61",
        "201907": "81.38",
        "201908": "80.67",
        "201909": "81.44",
        "201910": "81.20",
        "201911": "82.46",
        "201912": "82.16",
        "202001": "81.38",
        "202002": "78.39",
        "202003": "63.18",
        "202004": "56.96",
        "202005": "57.74",
        "202006": "57.41",
        "202007": "57.64",
        "202008": "55.54",
        "202009": "55.84",
        "202010": "56.87",
        "202011": "57.63",
        "202012": "57.65",
        "202101": "56.96",
        "202102": "56.25",
        "202103": "58.82",
        "202104": "59.81",
        "202105": "59.12",
        "202106": "56.56",
        "202107": "54.21",
        "202108": "53.08",
        "202109": "50.29",
        "202110": "48.66",
        "202111": "48.61",
        "202112": "47.98",
        "202201": "48.57",
        "202202": "50.69",
        "202203": "49.56",
        "202204": "49.83",
        "202205": "49.22",
        "202206": "49.79",
        "202207": "49.77",
        "202208": "50.88",
        "202209": "50.17",
        "202210": "49.66",
        "202211": "50.78",
        "202212": "49.44",
        "202301": "49.53",
        "202302": "50.12",
        "202303": "50.19",
        "202304": "55.69",
        "202305": "61.62",
        "202306": "59.55"
    },
    "quarters": {
        "20011": {
            "year_quarter": 20011,
            "year": 2001,
            "quarter": 1,
            "eps": null,
            "eps_growth_year": null,
            "eps_4q": null,
            "eps_4q_growth_year": null,
            "roe": null,
            "roe_4q": 0,
            "gross_profit": null,
            "gross_margin": null,
            "gross_margin_4q_avg": 0,
            "net_income": null,
            "revenue": null,
            "common_shares": null,
            "book_valuer_per_share": null,
            "book_valuer_per_share_4q_avg": 0,
            "equity": null,
            "current_ratio": null,
            "debt_ratio": null,
            "inventory_turnover_ratio": null,
            "account_receivable_turnover_ratio": null,
            "reinvestment_rate": null,
            "research_to_sale_ratio": null,
            "price_fair": 0,
            "eps_avg_yearly": 0,
            "eps_latest_yearly": 0,
            "eps_growth_yearly": 0
        },
        "20012": {
            "year_quarter": 20012,
            "year": 2001,
            "quarter": 2,
            "eps": null,
            "eps_growth_year": null,
            "eps_4q": null,
            "eps_4q_growth_year": null,
            "roe": null,
            "roe_4q": 0,
            "gross_profit": null,
            "gross_margin": null,
            "gross_margin_4q_avg": 0,
            "net_income": null,
            "revenue": null,
            "common_shares": null,
            "book_valuer_per_share": null,
            "book_valuer_per_share_4q_avg": 0,
            "equity": null,
            "current_ratio": null,
            "debt_ratio": null,
            "inventory_turnover_ratio": null,
            "account_receivable_turnover_ratio": null,
            "reinvestment_rate": null,
            "research_to_sale_ratio": null,
            "price_fair": 0,
            "eps_avg_yearly": 0,
            "eps_latest_yearly": 0,
            "eps_growth_yearly": 0
        },
        "20013": {
            "year_quarter": 20013,
            "year": 2001,
            "quarter": 3,
            "eps": null,
            "eps_growth_year": null,
            "eps_4q": null,
            "eps_4q_growth_year": null,
            "roe": null,
            "roe_4q": 0,
            "gross_profit": null,
            "gross_margin": null,
            "gross_margin_4q_avg": 0,
            "net_income": null,
            "revenue": null,
            "common_shares": null,
            "book_valuer_per_share": null,
            "book_valuer_per_share_4q_avg": 0,
            "equity": null,
            "current_ratio": null,
            "debt_ratio": null,
            "inventory_turnover_ratio": null,
            "account_receivable_turnover_ratio": null,
            "reinvestment_rate": null,
            "research_to_sale_ratio": null,
            "price_fair": 0,
            "eps_avg_yearly": 0,
            "eps_latest_yearly": 0,
            "eps_growth_yearly": 0
        },
        "20014": {
            "year_quarter": 20014,
            "year": 2001,
            "quarter": 4,
            "eps": null,
            "eps_growth_year": null,
            "eps_4q": null,
            "eps_4q_growth_year": null,
            "roe": null,
            "roe_4q": 0,
            "gross_profit": null,
            "gross_margin": null,
            "gross_margin_4q_avg": 0,
            "net_income": null,
            "revenue": null,
            "common_shares": null,
            "book_valuer_per_share": null,
            "book_valuer_per_share_4q_avg": 0,
            "equity": null,
            "current_ratio": null,
            "debt_ratio": null,
            "inventory_turnover_ratio": null,
            "account_receivable_turnover_ratio": null,
            "reinvestment_rate": null,
            "research_to_sale_ratio": null,
            "price_fair": 0,
            "eps_avg_yearly": 0,
            "eps_latest_yearly": 0,
            "eps_growth_yearly": 0
        },
        "20021": {
            "year_quarter": 20021,
            "year": 2002,
            "quarter": 1,
            "eps": null,
            "eps_growth_year": null,
            "eps_4q": null,
            "eps_4q_growth_year": null,
            "roe": null,
            "roe_4q": 0,
            "gross_profit": null,
            "gross_margin": null,
            "gross_margin_4q_avg": 0,
            "net_income": null,
            "revenue": null,
            "common_shares": null,
            "book_valuer_per_share": null,
            "book_valuer_per_share_4q_avg": 0,
            "equity": null,
            "current_ratio": null,
            "debt_ratio": null,
            "inventory_turnover_ratio": null,
            "account_receivable_turnover_ratio": null,
            "reinvestment_rate": null,
            "research_to_sale_ratio": null,
            "price_fair": 0,
            "eps_avg_yearly": 0,
            "eps_latest_yearly": 0,
            "eps_growth_yearly": 0
        },
        "20022": {
            "year_quarter": 20022,
            "year": 2002,
            "quarter": 2,
            "eps": null,
            "eps_growth_year": null,
            "eps_4q": null,
            "eps_4q_growth_year": null,
            "roe": null,
            "roe_4q": 0,
            "gross_profit": null,
            "gross_margin": null,
            "gross_margin_4q_avg": 0,
            "net_income": null,
            "revenue": null,
            "common_shares": null,
            "book_valuer_per_share": null,
            "book_valuer_per_share_4q_avg": 0,
            "equity": null,
            "current_ratio": null,
            "debt_ratio": null,
            "inventory_turnover_ratio": null,
            "account_receivable_turnover_ratio": null,
            "reinvestment_rate": null,
            "research_to_sale_ratio": null,
            "price_fair": 0,
            "eps_avg_yearly": 0,
            "eps_latest_yearly": 0,
            "eps_growth_yearly": 0
        },
        "20023": {
            "year_quarter": 20023,
            "year": 2002,
            "quarter": 3,
            "eps": null,
            "eps_growth_year": null,
            "eps_4q": null,
            "eps_4q_growth_year": null,
            "roe": null,
            "roe_4q": 0,
            "gross_profit": null,
            "gross_margin": null,
            "gross_margin_4q_avg": 0,
            "net_income": null,
            "revenue": null,
            "common_shares": null,
            "book_valuer_per_share": null,
            "book_valuer_per_share_4q_avg": 0,
            "equity": null,
            "current_ratio": null,
            "debt_ratio": null,
            "inventory_turnover_ratio": null,
            "account_receivable_turnover_ratio": null,
            "reinvestment_rate": null,
            "research_to_sale_ratio": null,
            "price_fair": 0,
            "eps_avg_yearly": 0,
            "eps_latest_yearly": 0,
            "eps_growth_yearly": 0
        },
        "20024": {
            "year_quarter": 20024,
            "year": 2002,
            "quarter": 4,
            "eps": null,
            "eps_growth_year": null,
            "eps_4q": null,
            "eps_4q_growth_year": null,
            "roe": null,
            "roe_4q": 0,
            "gross_profit": null,
            "gross_margin": null,
            "gross_margin_4q_avg": 0,
            "net_income": null,
            "revenue": null,
            "common_shares": null,
            "book_valuer_per_share": null,
            "book_valuer_per_share_4q_avg": 0,
            "equity": null,
            "current_ratio": null,
            "debt_ratio": null,
            "inventory_turnover_ratio": null,
            "account_receivable_turnover_ratio": null,
            "reinvestment_rate": null,
            "research_to_sale_ratio": null,
            "price_fair": 0,
            "eps_avg_yearly": 0,
            "eps_latest_yearly": 0,
            "eps_growth_yearly": 0
        },
        "20031": {
            "year_quarter": 20031,
            "year": 2003,
            "quarter": 1,
            "eps": null,
            "eps_growth_year": null,
            "eps_4q": null,
            "eps_4q_growth_year": null,
            "roe": null,
            "roe_4q": 0,
            "gross_profit": null,
            "gross_margin": null,
            "gross_margin_4q_avg": 0,
            "net_income": null,
            "revenue": null,
            "common_shares": null,
            "book_valuer_per_share": null,
            "book_valuer_per_share_4q_avg": 0,
            "equity": null,
            "current_ratio": null,
            "debt_ratio": null,
            "inventory_turnover_ratio": null,
            "account_receivable_turnover_ratio": null,
            "reinvestment_rate": null,
            "research_to_sale_ratio": null,
            "price_fair": 0,
            "eps_avg_yearly": 0,
            "eps_latest_yearly": 0,
            "eps_growth_yearly": 0
        },
        "20032": {
            "year_quarter": 20032,
            "year": 2003,
            "quarter": 2,
            "eps": null,
            "eps_growth_year": null,
            "eps_4q": null,
            "eps_4q_growth_year": null,
            "roe": null,
            "roe_4q": 0,
            "gross_profit": null,
            "gross_margin": null,
            "gross_margin_4q_avg": 0,
            "net_income": null,
            "revenue": null,
            "common_shares": null,
            "book_valuer_per_share": null,
            "book_valuer_per_share_4q_avg": 0,
            "equity": null,
            "current_ratio": null,
            "debt_ratio": null,
            "inventory_turnover_ratio": null,
            "account_receivable_turnover_ratio": null,
            "reinvestment_rate": null,
            "research_to_sale_ratio": null,
            "price_fair": 0,
            "eps_avg_yearly": 0,
            "eps_latest_yearly": 0,
            "eps_growth_yearly": 0
        },
        "20033": {
            "year_quarter": 20033,
            "year": 2003,
            "quarter": 3,
            "eps": null,
            "eps_growth_year": null,
            "eps_4q": null,
            "eps_4q_growth_year": null,
            "roe": null,
            "roe_4q": 0,
            "gross_profit": null,
            "gross_margin": null,
            "gross_margin_4q_avg": 0,
            "net_income": null,
            "revenue": null,
            "common_shares": null,
            "book_valuer_per_share": null,
            "book_valuer_per_share_4q_avg": 0,
            "equity": null,
            "current_ratio": null,
            "debt_ratio": null,
            "inventory_turnover_ratio": null,
            "account_receivable_turnover_ratio": null,
            "reinvestment_rate": null,
            "research_to_sale_ratio": null,
            "price_fair": 0,
            "eps_avg_yearly": 0,
            "eps_latest_yearly": 0,
            "eps_growth_yearly": 0
        },
        "20034": {
            "year_quarter": 20034,
            "year": 2003,
            "quarter": 4,
            "eps": null,
            "eps_growth_year": null,
            "eps_4q": null,
            "eps_4q_growth_year": null,
            "roe": null,
            "roe_4q": 0,
            "gross_profit": null,
            "gross_margin": null,
            "gross_margin_4q_avg": 0,
            "net_income": null,
            "revenue": null,
            "common_shares": null,
            "book_valuer_per_share": null,
            "book_valuer_per_share_4q_avg": 0,
            "equity": null,
            "current_ratio": null,
            "debt_ratio": null,
            "inventory_turnover_ratio": null,
            "account_receivable_turnover_ratio": null,
            "reinvestment_rate": null,
            "research_to_sale_ratio": null,
            "price_fair": 0,
            "eps_avg_yearly": 0,
            "eps_latest_yearly": 0,
            "eps_growth_yearly": 0
        },
        "20041": {
            "year_quarter": 20041,
            "year": 2004,
            "quarter": 1,
            "eps": null,
            "eps_growth_year": null,
            "eps_4q": null,
            "eps_4q_growth_year": null,
            "roe": null,
            "roe_4q": 0,
            "gross_profit": null,
            "gross_margin": null,
            "gross_margin_4q_avg": 0,
            "net_income": null,
            "revenue": null,
            "common_shares": null,
            "book_valuer_per_share": null,
            "book_valuer_per_share_4q_avg": 0,
            "equity": null,
            "current_ratio": null,
            "debt_ratio": null,
            "inventory_turnover_ratio": null,
            "account_receivable_turnover_ratio": null,
            "reinvestment_rate": null,
            "research_to_sale_ratio": null,
            "price_fair": 0,
            "eps_avg_yearly": 0,
            "eps_latest_yearly": 0,
            "eps_growth_yearly": 0
        },
        "20042": {
            "year_quarter": 20042,
            "year": 2004,
            "quarter": 2,
            "eps": null,
            "eps_growth_year": null,
            "eps_4q": null,
            "eps_4q_growth_year": null,
            "roe": null,
            "roe_4q": 0,
            "gross_profit": null,
            "gross_margin": null,
            "gross_margin_4q_avg": 0,
            "net_income": null,
            "revenue": null,
            "common_shares": null,
            "book_valuer_per_share": null,
            "book_valuer_per_share_4q_avg": 0,
            "equity": null,
            "current_ratio": null,
            "debt_ratio": null,
            "inventory_turnover_ratio": null,
            "account_receivable_turnover_ratio": null,
            "reinvestment_rate": null,
            "research_to_sale_ratio": null,
            "price_fair": 0,
            "eps_avg_yearly": 0,
            "eps_latest_yearly": 0,
            "eps_growth_yearly": 0
        },
        "20043": {
            "year_quarter": 20043,
            "year": 2004,
            "quarter": 3,
            "eps": null,
            "eps_growth_year": null,
            "eps_4q": null,
            "eps_4q_growth_year": null,
            "roe": null,
            "roe_4q": 0,
            "gross_profit": null,
            "gross_margin": null,
            "gross_margin_4q_avg": 0,
            "net_income": null,
            "revenue": null,
            "common_shares": null,
            "book_valuer_per_share": null,
            "book_valuer_per_share_4q_avg": 0,
            "equity": null,
            "current_ratio": null,
            "debt_ratio": null,
            "inventory_turnover_ratio": null,
            "account_receivable_turnover_ratio": null,
            "reinvestment_rate": null,
            "research_to_sale_ratio": null,
            "price_fair": 0,
            "eps_avg_yearly": 0,
            "eps_latest_yearly": 0,
            "eps_growth_yearly": 0
        },
        "20044": {
            "year_quarter": 20044,
            "year": 2004,
            "quarter": 4,
            "eps": null,
            "eps_growth_year": null,
            "eps_4q": null,
            "eps_4q_growth_year": null,
            "roe": null,
            "roe_4q": 0,
            "gross_profit": null,
            "gross_margin": null,
            "gross_margin_4q_avg": 0,
            "net_income": null,
            "revenue": null,
            "common_shares": null,
            "book_valuer_per_share": null,
            "book_valuer_per_share_4q_avg": 0,
            "equity": null,
            "current_ratio": null,
            "debt_ratio": null,
            "inventory_turnover_ratio": null,
            "account_receivable_turnover_ratio": null,
            "reinvestment_rate": null,
            "research_to_sale_ratio": null,
            "price_fair": 0,
            "eps_avg_yearly": 0,
            "eps_latest_yearly": 0,
            "eps_growth_yearly": 0
        },
        "20051": {
            "year_quarter": 20051,
            "year": 2005,
            "quarter": 1,
            "eps": null,
            "eps_growth_year": null,
            "eps_4q": null,
            "eps_4q_growth_year": null,
            "roe": null,
            "roe_4q": 0,
            "gross_profit": null,
            "gross_margin": null,
            "gross_margin_4q_avg": 0,
            "net_income": null,
            "revenue": null,
            "common_shares": null,
            "book_valuer_per_share": null,
            "book_valuer_per_share_4q_avg": 0,
            "equity": null,
            "current_ratio": null,
            "debt_ratio": null,
            "inventory_turnover_ratio": null,
            "account_receivable_turnover_ratio": null,
            "reinvestment_rate": null,
            "research_to_sale_ratio": null,
            "price_fair": 0,
            "eps_avg_yearly": 0,
            "eps_latest_yearly": 0,
            "eps_growth_yearly": 0
        },
        "20052": {
            "year_quarter": 20052,
            "year": 2005,
            "quarter": 2,
            "eps": null,
            "eps_growth_year": null,
            "eps_4q": null,
            "eps_4q_growth_year": null,
            "roe": null,
            "roe_4q": 0,
            "gross_profit": null,
            "gross_margin": null,
            "gross_margin_4q_avg": 0,
            "net_income": null,
            "revenue": null,
            "common_shares": null,
            "book_valuer_per_share": null,
            "book_valuer_per_share_4q_avg": 0,
            "equity": null,
            "current_ratio": null,
            "debt_ratio": null,
            "inventory_turnover_ratio": null,
            "account_receivable_turnover_ratio": null,
            "reinvestment_rate": null,
            "research_to_sale_ratio": null,
            "price_fair": 0,
            "eps_avg_yearly": 0,
            "eps_latest_yearly": 0,
            "eps_growth_yearly": 0
        },
        "20053": {
            "year_quarter": 20053,
            "year": 2005,
            "quarter": 3,
            "eps": null,
            "eps_growth_year": null,
            "eps_4q": null,
            "eps_4q_growth_year": null,
            "roe": null,
            "roe_4q": 0,
            "gross_profit": null,
            "gross_margin": null,
            "gross_margin_4q_avg": 0,
            "net_income": null,
            "revenue": null,
            "common_shares": null,
            "book_valuer_per_share": null,
            "book_valuer_per_share_4q_avg": 0,
            "equity": null,
            "current_ratio": null,
            "debt_ratio": null,
            "inventory_turnover_ratio": null,
            "account_receivable_turnover_ratio": null,
            "reinvestment_rate": null,
            "research_to_sale_ratio": null,
            "price_fair": 0,
            "eps_avg_yearly": 0,
            "eps_latest_yearly": 0,
            "eps_growth_yearly": 0
        },
        "20054": {
            "year_quarter": 20054,
            "year": 2005,
            "quarter": 4,
            "eps": null,
            "eps_growth_year": null,
            "eps_4q": null,
            "eps_4q_growth_year": null,
            "roe": null,
            "roe_4q": 0,
            "gross_profit": null,
            "gross_margin": null,
            "gross_margin_4q_avg": 0,
            "net_income": null,
            "revenue": null,
            "common_shares": null,
            "book_valuer_per_share": null,
            "book_valuer_per_share_4q_avg": 0,
            "equity": null,
            "current_ratio": null,
            "debt_ratio": null,
            "inventory_turnover_ratio": null,
            "account_receivable_turnover_ratio": null,
            "reinvestment_rate": null,
            "research_to_sale_ratio": null,
            "price_fair": 0,
            "eps_avg_yearly": 0,
            "eps_latest_yearly": 0,
            "eps_growth_yearly": 0
        },
        "20061": {
            "year_quarter": 20061,
            "year": 2006,
            "quarter": 1,
            "eps": null,
            "eps_growth_year": null,
            "eps_4q": null,
            "eps_4q_growth_year": null,
            "roe": null,
            "roe_4q": 0,
            "gross_profit": null,
            "gross_margin": null,
            "gross_margin_4q_avg": 0,
            "net_income": null,
            "revenue": null,
            "common_shares": null,
            "book_valuer_per_share": null,
            "book_valuer_per_share_4q_avg": 0,
            "equity": null,
            "current_ratio": null,
            "debt_ratio": null,
            "inventory_turnover_ratio": null,
            "account_receivable_turnover_ratio": null,
            "reinvestment_rate": null,
            "research_to_sale_ratio": null,
            "price_fair": 0,
            "eps_avg_yearly": 0,
            "eps_latest_yearly": 0,
            "eps_growth_yearly": 0
        },
        "20062": {
            "year_quarter": 20062,
            "year": 2006,
            "quarter": 2,
            "eps": null,
            "eps_growth_year": null,
            "eps_4q": null,
            "eps_4q_growth_year": null,
            "roe": null,
            "roe_4q": 0,
            "gross_profit": null,
            "gross_margin": null,
            "gross_margin_4q_avg": 0,
            "net_income": null,
            "revenue": null,
            "common_shares": null,
            "book_valuer_per_share": null,
            "book_valuer_per_share_4q_avg": 0,
            "equity": null,
            "current_ratio": null,
            "debt_ratio": null,
            "inventory_turnover_ratio": null,
            "account_receivable_turnover_ratio": null,
            "reinvestment_rate": null,
            "research_to_sale_ratio": null,
            "price_fair": 0,
            "eps_avg_yearly": 0,
            "eps_latest_yearly": 0,
            "eps_growth_yearly": 0
        },
        "20063": {
            "year_quarter": 20063,
            "year": 2006,
            "quarter": 3,
            "eps": null,
            "eps_growth_year": null,
            "eps_4q": null,
            "eps_4q_growth_year": null,
            "roe": null,
            "roe_4q": 0,
            "gross_profit": null,
            "gross_margin": null,
            "gross_margin_4q_avg": 0,
            "net_income": null,
            "revenue": null,
            "common_shares": null,
            "book_valuer_per_share": null,
            "book_valuer_per_share_4q_avg": 0,
            "equity": null,
            "current_ratio": null,
            "debt_ratio": null,
            "inventory_turnover_ratio": null,
            "account_receivable_turnover_ratio": null,
            "reinvestment_rate": null,
            "research_to_sale_ratio": null,
            "price_fair": 0,
            "eps_avg_yearly": 0,
            "eps_latest_yearly": 0,
            "eps_growth_yearly": 0
        },
        "20064": {
            "year_quarter": 20064,
            "year": 2006,
            "quarter": 4,
            "eps": null,
            "eps_growth_year": null,
            "eps_4q": null,
            "eps_4q_growth_year": null,
            "roe": null,
            "roe_4q": 0,
            "gross_profit": null,
            "gross_margin": null,
            "gross_margin_4q_avg": 0,
            "net_income": null,
            "revenue": null,
            "common_shares": null,
            "book_valuer_per_share": null,
            "book_valuer_per_share_4q_avg": 0,
            "equity": null,
            "current_ratio": null,
            "debt_ratio": null,
            "inventory_turnover_ratio": null,
            "account_receivable_turnover_ratio": null,
            "reinvestment_rate": null,
            "research_to_sale_ratio": null,
            "price_fair": 0,
            "eps_avg_yearly": 0,
            "eps_latest_yearly": 0,
            "eps_growth_yearly": 0
        },
        "20071": {
            "year_quarter": 20071,
            "year": 2007,
            "quarter": 1,
            "eps": null,
            "eps_growth_year": null,
            "eps_4q": null,
            "eps_4q_growth_year": null,
            "roe": null,
            "roe_4q": 0,
            "gross_profit": null,
            "gross_margin": null,
            "gross_margin_4q_avg": 0,
            "net_income": null,
            "revenue": null,
            "common_shares": null,
            "book_valuer_per_share": null,
            "book_valuer_per_share_4q_avg": 0,
            "equity": null,
            "current_ratio": null,
            "debt_ratio": null,
            "inventory_turnover_ratio": null,
            "account_receivable_turnover_ratio": null,
            "reinvestment_rate": null,
            "research_to_sale_ratio": null,
            "price_fair": 0,
            "eps_avg_yearly": 0,
            "eps_latest_yearly": 0,
            "eps_growth_yearly": 0
        },
        "20072": {
            "year_quarter": 20072,
            "year": 2007,
            "quarter": 2,
            "eps": null,
            "eps_growth_year": null,
            "eps_4q": null,
            "eps_4q_growth_year": null,
            "roe": null,
            "roe_4q": 0,
            "gross_profit": null,
            "gross_margin": null,
            "gross_margin_4q_avg": 0,
            "net_income": null,
            "revenue": null,
            "common_shares": null,
            "book_valuer_per_share": null,
            "book_valuer_per_share_4q_avg": 0,
            "equity": null,
            "current_ratio": null,
            "debt_ratio": null,
            "inventory_turnover_ratio": null,
            "account_receivable_turnover_ratio": null,
            "reinvestment_rate": null,
            "research_to_sale_ratio": null,
            "price_fair": 0,
            "eps_avg_yearly": 0,
            "eps_latest_yearly": 0,
            "eps_growth_yearly": 0
        },
        "20073": {
            "year_quarter": 20073,
            "year": 2007,
            "quarter": 3,
            "eps": null,
            "eps_growth_year": null,
            "eps_4q": null,
            "eps_4q_growth_year": null,
            "roe": null,
            "roe_4q": 0,
            "gross_profit": null,
            "gross_margin": null,
            "gross_margin_4q_avg": 0,
            "net_income": null,
            "revenue": null,
            "common_shares": null,
            "book_valuer_per_share": null,
            "book_valuer_per_share_4q_avg": 0,
            "equity": null,
            "current_ratio": null,
            "debt_ratio": null,
            "inventory_turnover_ratio": null,
            "account_receivable_turnover_ratio": null,
            "reinvestment_rate": null,
            "research_to_sale_ratio": null,
            "price_fair": 0,
            "eps_avg_yearly": 0,
            "eps_latest_yearly": 0,
            "eps_growth_yearly": 0
        },
        "20074": {
            "year_quarter": 20074,
            "year": 2007,
            "quarter": 4,
            "eps": null,
            "eps_growth_year": null,
            "eps_4q": null,
            "eps_4q_growth_year": null,
            "roe": null,
            "roe_4q": 0,
            "gross_profit": null,
            "gross_margin": null,
            "gross_margin_4q_avg": 0,
            "net_income": null,
            "revenue": null,
            "common_shares": null,
            "book_valuer_per_share": null,
            "book_valuer_per_share_4q_avg": 0,
            "equity": null,
            "current_ratio": null,
            "debt_ratio": null,
            "inventory_turnover_ratio": null,
            "account_receivable_turnover_ratio": null,
            "reinvestment_rate": null,
            "research_to_sale_ratio": null,
            "price_fair": 0,
            "eps_avg_yearly": 0,
            "eps_latest_yearly": 0,
            "eps_growth_yearly": 0
        },
        "20081": {
            "year_quarter": 20081,
            "year": 2008,
            "quarter": 1,
            "eps": null,
            "eps_growth_year": null,
            "eps_4q": null,
            "eps_4q_growth_year": null,
            "roe": null,
            "roe_4q": 0,
            "gross_profit": null,
            "gross_margin": null,
            "gross_margin_4q_avg": 0,
            "net_income": null,
            "revenue": null,
            "common_shares": null,
            "book_valuer_per_share": null,
            "book_valuer_per_share_4q_avg": 0,
            "equity": null,
            "current_ratio": null,
            "debt_ratio": null,
            "inventory_turnover_ratio": null,
            "account_receivable_turnover_ratio": null,
            "reinvestment_rate": null,
            "research_to_sale_ratio": null,
            "price_fair": 0,
            "eps_avg_yearly": 0,
            "eps_latest_yearly": 0,
            "eps_growth_yearly": 0
        },
        "20082": {
            "year_quarter": 20082,
            "year": 2008,
            "quarter": 2,
            "eps": null,
            "eps_growth_year": null,
            "eps_4q": null,
            "eps_4q_growth_year": null,
            "roe": null,
            "roe_4q": 0,
            "gross_profit": null,
            "gross_margin": null,
            "gross_margin_4q_avg": 0,
            "net_income": null,
            "revenue": null,
            "common_shares": null,
            "book_valuer_per_share": null,
            "book_valuer_per_share_4q_avg": 0,
            "equity": null,
            "current_ratio": null,
            "debt_ratio": null,
            "inventory_turnover_ratio": null,
            "account_receivable_turnover_ratio": null,
            "reinvestment_rate": null,
            "research_to_sale_ratio": null,
            "price_fair": 0,
            "eps_avg_yearly": 0,
            "eps_latest_yearly": 0,
            "eps_growth_yearly": 0
        },
        "20083": {
            "year_quarter": 20083,
            "year": 2008,
            "quarter": 3,
            "eps": null,
            "eps_growth_year": null,
            "eps_4q": null,
            "eps_4q_growth_year": null,
            "roe": null,
            "roe_4q": 0,
            "gross_profit": null,
            "gross_margin": null,
            "gross_margin_4q_avg": 0,
            "net_income": null,
            "revenue": null,
            "common_shares": null,
            "book_valuer_per_share": null,
            "book_valuer_per_share_4q_avg": 0,
            "equity": null,
            "current_ratio": null,
            "debt_ratio": null,
            "inventory_turnover_ratio": null,
            "account_receivable_turnover_ratio": null,
            "reinvestment_rate": null,
            "research_to_sale_ratio": null,
            "price_fair": 0,
            "eps_avg_yearly": 0,
            "eps_latest_yearly": 0,
            "eps_growth_yearly": 0
        },
        "20084": {
            "year_quarter": 20084,
            "year": 2008,
            "quarter": 4,
            "eps": null,
            "eps_growth_year": null,
            "eps_4q": null,
            "eps_4q_growth_year": null,
            "roe": null,
            "roe_4q": 0,
            "gross_profit": null,
            "gross_margin": null,
            "gross_margin_4q_avg": 0,
            "net_income": null,
            "revenue": null,
            "common_shares": null,
            "book_valuer_per_share": null,
            "book_valuer_per_share_4q_avg": 0,
            "equity": null,
            "current_ratio": null,
            "debt_ratio": null,
            "inventory_turnover_ratio": null,
            "account_receivable_turnover_ratio": null,
            "reinvestment_rate": null,
            "research_to_sale_ratio": null,
            "price_fair": 0,
            "eps_avg_yearly": 0,
            "eps_latest_yearly": 0,
            "eps_growth_yearly": 0
        },
        "20091": {
            "year_quarter": 20091,
            "year": 2009,
            "quarter": 1,
            "eps": null,
            "eps_growth_year": null,
            "eps_4q": null,
            "eps_4q_growth_year": null,
            "roe": null,
            "roe_4q": 0,
            "gross_profit": null,
            "gross_margin": null,
            "gross_margin_4q_avg": 0,
            "net_income": null,
            "revenue": null,
            "common_shares": null,
            "book_valuer_per_share": null,
            "book_valuer_per_share_4q_avg": 0,
            "equity": null,
            "current_ratio": null,
            "debt_ratio": null,
            "inventory_turnover_ratio": null,
            "account_receivable_turnover_ratio": null,
            "reinvestment_rate": null,
            "research_to_sale_ratio": null,
            "price_fair": 0,
            "eps_avg_yearly": 0,
            "eps_latest_yearly": 0,
            "eps_growth_yearly": 0
        },
        "20092": {
            "year_quarter": 20092,
            "year": 2009,
            "quarter": 2,
            "eps": null,
            "eps_growth_year": null,
            "eps_4q": null,
            "eps_4q_growth_year": null,
            "roe": null,
            "roe_4q": 0,
            "gross_profit": null,
            "gross_margin": null,
            "gross_margin_4q_avg": 0,
            "net_income": null,
            "revenue": null,
            "common_shares": null,
            "book_valuer_per_share": null,
            "book_valuer_per_share_4q_avg": 0,
            "equity": null,
            "current_ratio": null,
            "debt_ratio": null,
            "inventory_turnover_ratio": null,
            "account_receivable_turnover_ratio": null,
            "reinvestment_rate": null,
            "research_to_sale_ratio": null,
            "price_fair": 0,
            "eps_avg_yearly": 0,
            "eps_latest_yearly": 0,
            "eps_growth_yearly": 0
        },
        "20093": {
            "year_quarter": 20093,
            "year": 2009,
            "quarter": 3,
            "eps": null,
            "eps_growth_year": null,
            "eps_4q": null,
            "eps_4q_growth_year": null,
            "roe": null,
            "roe_4q": 0,
            "gross_profit": null,
            "gross_margin": null,
            "gross_margin_4q_avg": 0,
            "net_income": null,
            "revenue": null,
            "common_shares": null,
            "book_valuer_per_share": null,
            "book_valuer_per_share_4q_avg": 0,
            "equity": null,
            "current_ratio": null,
            "debt_ratio": null,
            "inventory_turnover_ratio": null,
            "account_receivable_turnover_ratio": null,
            "reinvestment_rate": null,
            "research_to_sale_ratio": null,
            "price_fair": 0,
            "eps_avg_yearly": 0,
            "eps_latest_yearly": 0,
            "eps_growth_yearly": 0
        },
        "20094": {
            "year_quarter": 20094,
            "year": 2009,
            "quarter": 4,
            "eps": null,
            "eps_growth_year": null,
            "eps_4q": null,
            "eps_4q_growth_year": null,
            "roe": null,
            "roe_4q": 0,
            "gross_profit": null,
            "gross_margin": null,
            "gross_margin_4q_avg": 0,
            "net_income": null,
            "revenue": null,
            "common_shares": null,
            "book_valuer_per_share": null,
            "book_valuer_per_share_4q_avg": 0,
            "equity": null,
            "current_ratio": null,
            "debt_ratio": null,
            "inventory_turnover_ratio": null,
            "account_receivable_turnover_ratio": null,
            "reinvestment_rate": null,
            "research_to_sale_ratio": null,
            "price_fair": 0,
            "eps_avg_yearly": 0,
            "eps_latest_yearly": 0,
            "eps_growth_yearly": 0
        },
        "20101": {
            "year_quarter": 20101,
            "year": 2010,
            "quarter": 1,
            "eps": null,
            "eps_growth_year": null,
            "eps_4q": null,
            "eps_4q_growth_year": null,
            "roe": null,
            "roe_4q": 0,
            "gross_profit": null,
            "gross_margin": null,
            "gross_margin_4q_avg": 0,
            "net_income": null,
            "revenue": null,
            "common_shares": null,
            "book_valuer_per_share": null,
            "book_valuer_per_share_4q_avg": 0,
            "equity": null,
            "current_ratio": null,
            "debt_ratio": null,
            "inventory_turnover_ratio": null,
            "account_receivable_turnover_ratio": null,
            "reinvestment_rate": null,
            "research_to_sale_ratio": null,
            "price_fair": 0,
            "eps_avg_yearly": 0,
            "eps_latest_yearly": 0,
            "eps_growth_yearly": 0
        },
        "20102": {
            "year_quarter": 20102,
            "year": 2010,
            "quarter": 2,
            "eps": null,
            "eps_growth_year": null,
            "eps_4q": null,
            "eps_4q_growth_year": null,
            "roe": null,
            "roe_4q": 0,
            "gross_profit": null,
            "gross_margin": null,
            "gross_margin_4q_avg": 0,
            "net_income": null,
            "revenue": null,
            "common_shares": null,
            "book_valuer_per_share": null,
            "book_valuer_per_share_4q_avg": 0,
            "equity": null,
            "current_ratio": null,
            "debt_ratio": null,
            "inventory_turnover_ratio": null,
            "account_receivable_turnover_ratio": null,
            "reinvestment_rate": null,
            "research_to_sale_ratio": null,
            "price_fair": 0,
            "eps_avg_yearly": 0,
            "eps_latest_yearly": 0,
            "eps_growth_yearly": 0
        },
        "20103": {
            "year_quarter": 20103,
            "year": 2010,
            "quarter": 3,
            "eps": null,
            "eps_growth_year": null,
            "eps_4q": null,
            "eps_4q_growth_year": null,
            "roe": null,
            "roe_4q": 0,
            "gross_profit": null,
            "gross_margin": null,
            "gross_margin_4q_avg": 0,
            "net_income": null,
            "revenue": null,
            "common_shares": null,
            "book_valuer_per_share": null,
            "book_valuer_per_share_4q_avg": 0,
            "equity": null,
            "current_ratio": null,
            "debt_ratio": null,
            "inventory_turnover_ratio": null,
            "account_receivable_turnover_ratio": null,
            "reinvestment_rate": null,
            "research_to_sale_ratio": null,
            "price_fair": 0,
            "eps_avg_yearly": 0,
            "eps_latest_yearly": 0,
            "eps_growth_yearly": 0
        },
        "20104": {
            "year_quarter": 20104,
            "year": 2010,
            "quarter": 4,
            "eps": null,
            "eps_growth_year": null,
            "eps_4q": null,
            "eps_4q_growth_year": null,
            "roe": null,
            "roe_4q": 0,
            "gross_profit": null,
            "gross_margin": null,
            "gross_margin_4q_avg": 0,
            "net_income": null,
            "revenue": null,
            "common_shares": null,
            "book_valuer_per_share": null,
            "book_valuer_per_share_4q_avg": 0,
            "equity": null,
            "current_ratio": null,
            "debt_ratio": null,
            "inventory_turnover_ratio": null,
            "account_receivable_turnover_ratio": null,
            "reinvestment_rate": null,
            "research_to_sale_ratio": null,
            "price_fair": 0,
            "eps_avg_yearly": 0,
            "eps_latest_yearly": 0,
            "eps_growth_yearly": 0
        },
        "20111": {
            "year_quarter": 20111,
            "year": 2011,
            "quarter": 1,
            "eps": null,
            "eps_growth_year": null,
            "eps_4q": null,
            "eps_4q_growth_year": null,
            "roe": null,
            "roe_4q": 0,
            "gross_profit": null,
            "gross_margin": null,
            "gross_margin_4q_avg": 0,
            "net_income": null,
            "revenue": null,
            "common_shares": null,
            "book_valuer_per_share": null,
            "book_valuer_per_share_4q_avg": 0,
            "equity": null,
            "current_ratio": null,
            "debt_ratio": null,
            "inventory_turnover_ratio": null,
            "account_receivable_turnover_ratio": null,
            "reinvestment_rate": null,
            "research_to_sale_ratio": null,
            "price_fair": 0,
            "eps_avg_yearly": 0,
            "eps_latest_yearly": 0,
            "eps_growth_yearly": 0
        },
        "20112": {
            "year_quarter": 20112,
            "year": 2011,
            "quarter": 2,
            "eps": null,
            "eps_growth_year": null,
            "eps_4q": null,
            "eps_4q_growth_year": null,
            "roe": null,
            "roe_4q": 0,
            "gross_profit": null,
            "gross_margin": null,
            "gross_margin_4q_avg": 0,
            "net_income": null,
            "revenue": null,
            "common_shares": null,
            "book_valuer_per_share": null,
            "book_valuer_per_share_4q_avg": 0,
            "equity": null,
            "current_ratio": null,
            "debt_ratio": null,
            "inventory_turnover_ratio": null,
            "account_receivable_turnover_ratio": null,
            "reinvestment_rate": null,
            "research_to_sale_ratio": null,
            "price_fair": 0,
            "eps_avg_yearly": 0,
            "eps_latest_yearly": 0,
            "eps_growth_yearly": 0
        },
        "20113": {
            "year_quarter": 20113,
            "year": 2011,
            "quarter": 3,
            "eps": null,
            "eps_growth_year": null,
            "eps_4q": null,
            "eps_4q_growth_year": null,
            "roe": null,
            "roe_4q": 0,
            "gross_profit": null,
            "gross_margin": null,
            "gross_margin_4q_avg": 0,
            "net_income": null,
            "revenue": null,
            "common_shares": null,
            "book_valuer_per_share": null,
            "book_valuer_per_share_4q_avg": 0,
            "equity": null,
            "current_ratio": null,
            "debt_ratio": null,
            "inventory_turnover_ratio": null,
            "account_receivable_turnover_ratio": null,
            "reinvestment_rate": null,
            "research_to_sale_ratio": null,
            "price_fair": 0,
            "eps_avg_yearly": 0,
            "eps_latest_yearly": 0,
            "eps_growth_yearly": 0
        },
        "20114": {
            "year_quarter": 20114,
            "year": 2011,
            "quarter": 4,
            "eps": null,
            "eps_growth_year": null,
            "eps_4q": null,
            "eps_4q_growth_year": null,
            "roe": null,
            "roe_4q": 0,
            "gross_profit": null,
            "gross_margin": null,
            "gross_margin_4q_avg": 0,
            "net_income": null,
            "revenue": null,
            "common_shares": null,
            "book_valuer_per_share": null,
            "book_valuer_per_share_4q_avg": 0,
            "equity": null,
            "current_ratio": null,
            "debt_ratio": null,
            "inventory_turnover_ratio": null,
            "account_receivable_turnover_ratio": null,
            "reinvestment_rate": null,
            "research_to_sale_ratio": null,
            "price_fair": 0,
            "eps_avg_yearly": 0,
            "eps_latest_yearly": 0,
            "eps_growth_yearly": 0
        },
        "20121": {
            "year_quarter": 20121,
            "year": 2012,
            "quarter": 1,
            "eps": null,
            "eps_growth_year": null,
            "eps_4q": null,
            "eps_4q_growth_year": null,
            "roe": null,
            "roe_4q": 0,
            "gross_profit": null,
            "gross_margin": null,
            "gross_margin_4q_avg": 0,
            "net_income": null,
            "revenue": null,
            "common_shares": null,
            "book_valuer_per_share": null,
            "book_valuer_per_share_4q_avg": 0,
            "equity": null,
            "current_ratio": null,
            "debt_ratio": null,
            "inventory_turnover_ratio": null,
            "account_receivable_turnover_ratio": null,
            "reinvestment_rate": null,
            "research_to_sale_ratio": null,
            "price_fair": 0,
            "eps_avg_yearly": 0,
            "eps_latest_yearly": 0,
            "eps_growth_yearly": 0
        },
        "20122": {
            "year_quarter": 20122,
            "year": 2012,
            "quarter": 2,
            "eps": null,
            "eps_growth_year": null,
            "eps_4q": null,
            "eps_4q_growth_year": null,
            "roe": null,
            "roe_4q": 0,
            "gross_profit": null,
            "gross_margin": null,
            "gross_margin_4q_avg": 0,
            "net_income": null,
            "revenue": null,
            "common_shares": null,
            "book_valuer_per_share": null,
            "book_valuer_per_share_4q_avg": 0,
            "equity": null,
            "current_ratio": null,
            "debt_ratio": null,
            "inventory_turnover_ratio": null,
            "account_receivable_turnover_ratio": null,
            "reinvestment_rate": null,
            "research_to_sale_ratio": null,
            "price_fair": 0,
            "eps_avg_yearly": 0,
            "eps_latest_yearly": 0,
            "eps_growth_yearly": 0
        },
        "20123": {
            "year_quarter": 20123,
            "year": 2012,
            "quarter": 3,
            "eps": null,
            "eps_growth_year": null,
            "eps_4q": null,
            "eps_4q_growth_year": null,
            "roe": null,
            "roe_4q": 0,
            "gross_profit": null,
            "gross_margin": null,
            "gross_margin_4q_avg": 0,
            "net_income": null,
            "revenue": null,
            "common_shares": null,
            "book_valuer_per_share": null,
            "book_valuer_per_share_4q_avg": 0,
            "equity": null,
            "current_ratio": null,
            "debt_ratio": null,
            "inventory_turnover_ratio": null,
            "account_receivable_turnover_ratio": null,
            "reinvestment_rate": null,
            "research_to_sale_ratio": null,
            "price_fair": 0,
            "eps_avg_yearly": 0,
            "eps_latest_yearly": 0,
            "eps_growth_yearly": 0
        },
        "20124": {
            "year_quarter": 20124,
            "year": 2012,
            "quarter": 4,
            "eps": null,
            "eps_growth_year": null,
            "eps_4q": null,
            "eps_4q_growth_year": null,
            "roe": null,
            "roe_4q": 0,
            "gross_profit": null,
            "gross_margin": null,
            "gross_margin_4q_avg": 0,
            "net_income": null,
            "revenue": null,
            "common_shares": null,
            "book_valuer_per_share": null,
            "book_valuer_per_share_4q_avg": 0,
            "equity": null,
            "current_ratio": null,
            "debt_ratio": null,
            "inventory_turnover_ratio": null,
            "account_receivable_turnover_ratio": null,
            "reinvestment_rate": null,
            "research_to_sale_ratio": null,
            "price_fair": 0,
            "eps_avg_yearly": 0,
            "eps_latest_yearly": 0,
            "eps_growth_yearly": 0
        },
        "20131": {
            "year_quarter": 20131,
            "year": 2013,
            "quarter": 1,
            "eps": null,
            "eps_growth_year": null,
            "eps_4q": null,
            "eps_4q_growth_year": null,
            "roe": null,
            "roe_4q": 0,
            "gross_profit": null,
            "gross_margin": null,
            "gross_margin_4q_avg": 0,
            "net_income": null,
            "revenue": null,
            "common_shares": null,
            "book_valuer_per_share": null,
            "book_valuer_per_share_4q_avg": 0,
            "equity": null,
            "current_ratio": null,
            "debt_ratio": null,
            "inventory_turnover_ratio": null,
            "account_receivable_turnover_ratio": null,
            "reinvestment_rate": null,
            "research_to_sale_ratio": null,
            "price_fair": 0,
            "eps_avg_yearly": 0,
            "eps_latest_yearly": 0,
            "eps_growth_yearly": 0
        },
        "20132": {
            "year_quarter": 20132,
            "year": 2013,
            "quarter": 2,
            "eps": null,
            "eps_growth_year": null,
            "eps_4q": null,
            "eps_4q_growth_year": null,
            "roe": null,
            "roe_4q": 0,
            "gross_profit": null,
            "gross_margin": null,
            "gross_margin_4q_avg": 0,
            "net_income": null,
            "revenue": null,
            "common_shares": null,
            "book_valuer_per_share": null,
            "book_valuer_per_share_4q_avg": 0,
            "equity": null,
            "current_ratio": null,
            "debt_ratio": null,
            "inventory_turnover_ratio": null,
            "account_receivable_turnover_ratio": null,
            "reinvestment_rate": null,
            "research_to_sale_ratio": null,
            "price_fair": 0,
            "eps_avg_yearly": 0,
            "eps_latest_yearly": 0,
            "eps_growth_yearly": 0
        },
        "20133": {
            "year_quarter": 20133,
            "year": 2013,
            "quarter": 3,
            "eps": null,
            "eps_growth_year": null,
            "eps_4q": null,
            "eps_4q_growth_year": null,
            "roe": null,
            "roe_4q": 0,
            "gross_profit": null,
            "gross_margin": null,
            "gross_margin_4q_avg": 0,
            "net_income": null,
            "revenue": null,
            "common_shares": null,
            "book_valuer_per_share": null,
            "book_valuer_per_share_4q_avg": 0,
            "equity": null,
            "current_ratio": null,
            "debt_ratio": null,
            "inventory_turnover_ratio": null,
            "account_receivable_turnover_ratio": null,
            "reinvestment_rate": null,
            "research_to_sale_ratio": null,
            "price_fair": 0,
            "eps_avg_yearly": 0,
            "eps_latest_yearly": 0,
            "eps_growth_yearly": 0
        },
        "20134": {
            "year_quarter": 20134,
            "year": 2013,
            "quarter": 4,
            "eps": null,
            "eps_growth_year": null,
            "eps_4q": null,
            "eps_4q_growth_year": null,
            "roe": null,
            "roe_4q": 0,
            "gross_profit": null,
            "gross_margin": null,
            "gross_margin_4q_avg": 0,
            "net_income": null,
            "revenue": null,
            "common_shares": null,
            "book_valuer_per_share": null,
            "book_valuer_per_share_4q_avg": 0,
            "equity": null,
            "current_ratio": null,
            "debt_ratio": null,
            "inventory_turnover_ratio": null,
            "account_receivable_turnover_ratio": null,
            "reinvestment_rate": null,
            "research_to_sale_ratio": null,
            "price_fair": 0,
            "eps_avg_yearly": 0,
            "eps_latest_yearly": 0,
            "eps_growth_yearly": 0
        },
        "20141": {
            "year_quarter": 20141,
            "year": 2014,
            "quarter": 1,
            "eps": null,
            "eps_growth_year": null,
            "eps_4q": null,
            "eps_4q_growth_year": null,
            "roe": null,
            "roe_4q": 0,
            "gross_profit": null,
            "gross_margin": null,
            "gross_margin_4q_avg": 0,
            "net_income": null,
            "revenue": null,
            "common_shares": null,
            "book_valuer_per_share": null,
            "book_valuer_per_share_4q_avg": 0,
            "equity": null,
            "current_ratio": null,
            "debt_ratio": null,
            "inventory_turnover_ratio": null,
            "account_receivable_turnover_ratio": null,
            "reinvestment_rate": null,
            "research_to_sale_ratio": null,
            "price_fair": 0,
            "eps_avg_yearly": 0,
            "eps_latest_yearly": 0,
            "eps_growth_yearly": 0
        },
        "20142": {
            "year_quarter": 20142,
            "year": 2014,
            "quarter": 2,
            "eps": null,
            "eps_growth_year": null,
            "eps_4q": null,
            "eps_4q_growth_year": null,
            "roe": null,
            "roe_4q": 0,
            "gross_profit": null,
            "gross_margin": null,
            "gross_margin_4q_avg": 0,
            "net_income": null,
            "revenue": null,
            "common_shares": null,
            "book_valuer_per_share": null,
            "book_valuer_per_share_4q_avg": 0,
            "equity": null,
            "current_ratio": null,
            "debt_ratio": null,
            "inventory_turnover_ratio": null,
            "account_receivable_turnover_ratio": null,
            "reinvestment_rate": null,
            "research_to_sale_ratio": null,
            "price_fair": 0,
            "eps_avg_yearly": 0,
            "eps_latest_yearly": 0,
            "eps_growth_yearly": 0
        },
        "20143": {
            "year_quarter": 20143,
            "year": 2014,
            "quarter": 3,
            "eps": null,
            "eps_growth_year": null,
            "eps_4q": null,
            "eps_4q_growth_year": null,
            "roe": null,
            "roe_4q": 0,
            "gross_profit": null,
            "gross_margin": null,
            "gross_margin_4q_avg": 0,
            "net_income": null,
            "revenue": null,
            "common_shares": null,
            "book_valuer_per_share": null,
            "book_valuer_per_share_4q_avg": 0,
            "equity": null,
            "current_ratio": null,
            "debt_ratio": null,
            "inventory_turnover_ratio": null,
            "account_receivable_turnover_ratio": null,
            "reinvestment_rate": null,
            "research_to_sale_ratio": null,
            "price_fair": 0,
            "eps_avg_yearly": 0,
            "eps_latest_yearly": 0,
            "eps_growth_yearly": 0
        },
        "20144": {
            "year_quarter": 20144,
            "year": 2014,
            "quarter": 4,
            "eps": null,
            "eps_growth_year": null,
            "eps_4q": null,
            "eps_4q_growth_year": null,
            "roe": null,
            "roe_4q": 0,
            "gross_profit": null,
            "gross_margin": null,
            "gross_margin_4q_avg": 0,
            "net_income": null,
            "revenue": null,
            "common_shares": 46133,
            "book_valuer_per_share": null,
            "book_valuer_per_share_4q_avg": 0,
            "equity": 120729,
            "current_ratio": null,
            "debt_ratio": null,
            "inventory_turnover_ratio": null,
            "account_receivable_turnover_ratio": null,
            "reinvestment_rate": null,
            "research_to_sale_ratio": null,
            "price_fair": 0,
            "eps_avg_yearly": 0,
            "eps_latest_yearly": 0,
            "eps_growth_yearly": 0
        },
        "20151": {
            "year_quarter": 20151,
            "year": 2015,
            "quarter": 1,
            "eps": null,
            "eps_growth_year": null,
            "eps_4q": null,
            "eps_4q_growth_year": null,
            "roe": null,
            "roe_4q": 0,
            "gross_profit": null,
            "gross_margin": null,
            "gross_margin_4q_avg": 0,
            "net_income": null,
            "revenue": null,
            "common_shares": null,
            "book_valuer_per_share": null,
            "book_valuer_per_share_4q_avg": 0,
            "equity": null,
            "current_ratio": null,
            "debt_ratio": null,
            "inventory_turnover_ratio": null,
            "account_receivable_turnover_ratio": null,
            "reinvestment_rate": null,
            "research_to_sale_ratio": null,
            "price_fair": 0,
            "eps_avg_yearly": 0,
            "eps_latest_yearly": 0,
            "eps_growth_yearly": 0
        },
        "20152": {
            "year_quarter": 20152,
            "year": 2015,
            "quarter": 2,
            "eps": null,
            "eps_growth_year": null,
            "eps_4q": null,
            "eps_4q_growth_year": null,
            "roe": null,
            "roe_4q": 0,
            "gross_profit": null,
            "gross_margin": null,
            "gross_margin_4q_avg": 0,
            "net_income": null,
            "revenue": null,
            "common_shares": 111285,
            "book_valuer_per_share": null,
            "book_valuer_per_share_4q_avg": 0,
            "equity": 156174,
            "current_ratio": null,
            "debt_ratio": null,
            "inventory_turnover_ratio": null,
            "account_receivable_turnover_ratio": null,
            "reinvestment_rate": null,
            "research_to_sale_ratio": null,
            "price_fair": 0,
            "eps_avg_yearly": 0,
            "eps_latest_yearly": 0,
            "eps_growth_yearly": 0
        },
        "20153": {
            "year_quarter": 20153,
            "year": 2015,
            "quarter": 3,
            "eps": null,
            "eps_growth_year": null,
            "eps_4q": null,
            "eps_4q_growth_year": null,
            "roe": null,
            "roe_4q": 0,
            "gross_profit": null,
            "gross_margin": null,
            "gross_margin_4q_avg": 0,
            "net_income": null,
            "revenue": null,
            "common_shares": null,
            "book_valuer_per_share": null,
            "book_valuer_per_share_4q_avg": 0,
            "equity": null,
            "current_ratio": null,
            "debt_ratio": null,
            "inventory_turnover_ratio": null,
            "account_receivable_turnover_ratio": null,
            "reinvestment_rate": null,
            "research_to_sale_ratio": null,
            "price_fair": 0,
            "eps_avg_yearly": 0,
            "eps_latest_yearly": 0,
            "eps_growth_yearly": 0
        },
        "20154": {
            "year_quarter": 20154,
            "year": 2015,
            "quarter": 4,
            "eps": null,
            "eps_growth_year": null,
            "eps_4q": null,
            "eps_4q_growth_year": null,
            "roe": null,
            "roe_4q": 0,
            "gross_profit": null,
            "gross_margin": null,
            "gross_margin_4q_avg": 0,
            "net_income": null,
            "revenue": null,
            "common_shares": 170000,
            "book_valuer_per_share": 16.41,
            "book_valuer_per_share_4q_avg": 4.1,
            "equity": 278975,
            "current_ratio": 337.43,
            "debt_ratio": 28.49,
            "inventory_turnover_ratio": null,
            "account_receivable_turnover_ratio": null,
            "reinvestment_rate": null,
            "research_to_sale_ratio": null,
            "price_fair": 0,
            "eps_avg_yearly": 0,
            "eps_latest_yearly": 0,
            "eps_growth_yearly": 0
        },
        "20161": {
            "year_quarter": 20161,
            "year": 2016,
            "quarter": 1,
            "eps": null,
            "eps_growth_year": null,
            "eps_4q": null,
            "eps_4q_growth_year": null,
            "roe": null,
            "roe_4q": 0,
            "gross_profit": null,
            "gross_margin": null,
            "gross_margin_4q_avg": 0,
            "net_income": null,
            "revenue": null,
            "common_shares": null,
            "book_valuer_per_share": null,
            "book_valuer_per_share_4q_avg": 4.1,
            "equity": null,
            "current_ratio": null,
            "debt_ratio": null,
            "inventory_turnover_ratio": null,
            "account_receivable_turnover_ratio": null,
            "reinvestment_rate": null,
            "research_to_sale_ratio": null,
            "price_fair": 0,
            "eps_avg_yearly": 0,
            "eps_latest_yearly": 0,
            "eps_growth_yearly": 0
        },
        "20162": {
            "year_quarter": 20162,
            "year": 2016,
            "quarter": 2,
            "eps": null,
            "eps_growth_year": null,
            "eps_4q": null,
            "eps_4q_growth_year": null,
            "roe": null,
            "roe_4q": 0,
            "gross_profit": null,
            "gross_margin": null,
            "gross_margin_4q_avg": 0,
            "net_income": null,
            "revenue": null,
            "common_shares": 170000,
            "book_valuer_per_share": 17.02,
            "book_valuer_per_share_4q_avg": 8.36,
            "equity": 289364,
            "current_ratio": 283.54,
            "debt_ratio": 34.02,
            "inventory_turnover_ratio": null,
            "account_receivable_turnover_ratio": null,
            "reinvestment_rate": null,
            "research_to_sale_ratio": null,
            "price_fair": 0,
            "eps_avg_yearly": 0,
            "eps_latest_yearly": 0,
            "eps_growth_yearly": 0
        },
        "20163": {
            "year_quarter": 20163,
            "year": 2016,
            "quarter": 3,
            "eps": null,
            "eps_growth_year": null,
            "eps_4q": null,
            "eps_4q_growth_year": null,
            "roe": null,
            "roe_4q": 0,
            "gross_profit": null,
            "gross_margin": null,
            "gross_margin_4q_avg": 0,
            "net_income": null,
            "revenue": null,
            "common_shares": null,
            "book_valuer_per_share": null,
            "book_valuer_per_share_4q_avg": 8.36,
            "equity": null,
            "current_ratio": null,
            "debt_ratio": null,
            "inventory_turnover_ratio": null,
            "account_receivable_turnover_ratio": null,
            "reinvestment_rate": null,
            "research_to_sale_ratio": null,
            "price_fair": 0,
            "eps_avg_yearly": 0,
            "eps_latest_yearly": 0,
            "eps_growth_yearly": 0
        },
        "20164": {
            "year_quarter": 20164,
            "year": 2016,
            "quarter": 4,
            "eps": null,
            "eps_growth_year": null,
            "eps_4q": null,
            "eps_4q_growth_year": null,
            "roe": null,
            "roe_4q": 0,
            "gross_profit": null,
            "gross_margin": null,
            "gross_margin_4q_avg": 0,
            "net_income": null,
            "revenue": null,
            "common_shares": 200000,
            "book_valuer_per_share": 19.33,
            "book_valuer_per_share_4q_avg": 9.09,
            "equity": 386624,
            "current_ratio": 333.92,
            "debt_ratio": 28.98,
            "inventory_turnover_ratio": null,
            "account_receivable_turnover_ratio": null,
            "reinvestment_rate": null,
            "research_to_sale_ratio": null,
            "price_fair": 0,
            "eps_avg_yearly": 0,
            "eps_latest_yearly": 0,
            "eps_growth_yearly": 0
        },
        "20171": {
            "year_quarter": 20171,
            "year": 2017,
            "quarter": 1,
            "eps": 1.3,
            "eps_growth_year": null,
            "eps_4q": null,
            "eps_4q_growth_year": null,
            "roe": 6.49,
            "roe_4q": 6.49,
            "gross_profit": 183258,
            "gross_margin": 86.98,
            "gross_margin_4q_avg": 21.75,
            "net_income": 25989,
            "revenue": 210686,
            "common_shares": 200000,
            "book_valuer_per_share": 20.71,
            "book_valuer_per_share_4q_avg": 14.27,
            "equity": 414108,
            "current_ratio": 386.67,
            "debt_ratio": 24.98,
            "inventory_turnover_ratio": 0.43,
            "account_receivable_turnover_ratio": 1.5,
            "reinvestment_rate": null,
            "research_to_sale_ratio": 0.11,
            "price_fair": 0,
            "eps_avg_yearly": 0,
            "eps_latest_yearly": 0,
            "eps_growth_yearly": 0
        },
        "20172": {
            "year_quarter": 20172,
            "year": 2017,
            "quarter": 2,
            "eps": 2.08,
            "eps_growth_year": null,
            "eps_4q": null,
            "eps_4q_growth_year": null,
            "roe": 11.38,
            "roe_4q": 17.87,
            "gross_profit": 203007,
            "gross_margin": 87.8,
            "gross_margin_4q_avg": 43.7,
            "net_income": 41536,
            "revenue": 231222,
            "common_shares": 200000,
            "book_valuer_per_share": 15.79,
            "book_valuer_per_share_4q_avg": 13.96,
            "equity": 315740,
            "current_ratio": 341.74,
            "debt_ratio": 28.08,
            "inventory_turnover_ratio": 0.38,
            "account_receivable_turnover_ratio": 1.92,
            "reinvestment_rate": null,
            "research_to_sale_ratio": 0.08,
            "price_fair": 291.2,
            "eps_avg_yearly": 8.32,
            "eps_latest_yearly": 8.32,
            "eps_growth_yearly": 240
        },
        "20173": {
            "year_quarter": 20173,
            "year": 2017,
            "quarter": 3,
            "eps": 2.03,
            "eps_growth_year": null,
            "eps_4q": null,
            "eps_4q_growth_year": null,
            "roe": 9.03,
            "roe_4q": 26.9,
            "gross_profit": 224070,
            "gross_margin": 84.62,
            "gross_margin_4q_avg": 64.85,
            "net_income": 42006,
            "revenue": 264782,
            "common_shares": 219900,
            "book_valuer_per_share": 27.95,
            "book_valuer_per_share_4q_avg": 20.95,
            "equity": 614720,
            "current_ratio": 541.4,
            "debt_ratio": 17.65,
            "inventory_turnover_ratio": 0.59,
            "account_receivable_turnover_ratio": 2.07,
            "reinvestment_rate": null,
            "research_to_sale_ratio": 0.09,
            "price_fair": 287.7,
            "eps_avg_yearly": 8.22,
            "eps_latest_yearly": 8.12,
            "eps_growth_yearly": 115.19
        },
        "20174": {
            "year_quarter": 20174,
            "year": 2017,
            "quarter": 4,
            "eps": 1.86,
            "eps_growth_year": null,
            "eps_4q": 6.84,
            "eps_4q_growth_year": null,
            "roe": 6.46,
            "roe_4q": 33.36,
            "gross_profit": 256105,
            "gross_margin": 85.79,
            "gross_margin_4q_avg": 86.3,
            "net_income": 40965,
            "revenue": 298535,
            "common_shares": 219900,
            "book_valuer_per_share": 29.73,
            "book_valuer_per_share_4q_avg": 23.55,
            "equity": 653664,
            "current_ratio": 435.54,
            "debt_ratio": 22,
            "inventory_turnover_ratio": 0.79,
            "account_receivable_turnover_ratio": 1.86,
            "reinvestment_rate": null,
            "research_to_sale_ratio": 0.07,
            "price_fair": 278.6,
            "eps_avg_yearly": 7.96,
            "eps_latest_yearly": 7.44,
            "eps_growth_yearly": 65.63
        },
        "20181": {
            "year_quarter": 20181,
            "year": 2018,
            "quarter": 1,
            "eps": 1.38,
            "eps_growth_year": 6.15,
            "eps_4q": 7.04,
            "eps_4q_growth_year": null,
            "roe": 4.52,
            "roe_4q": 31.39,
            "gross_profit": 195177,
            "gross_margin": 85.73,
            "gross_margin_4q_avg": 85.99,
            "net_income": 30256,
            "revenue": 227674,
            "common_shares": 219900,
            "book_valuer_per_share": 31.11,
            "book_valuer_per_share_4q_avg": 26.15,
            "equity": 684068,
            "current_ratio": 541.63,
            "debt_ratio": 17.66,
            "inventory_turnover_ratio": 0.75,
            "account_receivable_turnover_ratio": 1.46,
            "reinvestment_rate": null,
            "research_to_sale_ratio": 0.09,
            "price_fair": 245.6,
            "eps_avg_yearly": 7.35,
            "eps_latest_yearly": 5.52,
            "eps_growth_yearly": 23.42
        },
        "20182": {
            "year_quarter": 20182,
            "year": 2018,
            "quarter": 2,
            "eps": 1.04,
            "eps_growth_year": -50,
            "eps_4q": 6.19,
            "eps_4q_growth_year": null,
            "roe": 3.63,
            "roe_4q": 23.64,
            "gross_profit": 187664,
            "gross_margin": 85.7,
            "gross_margin_4q_avg": 85.46,
            "net_income": 22812,
            "revenue": 218990,
            "common_shares": 219900,
            "book_valuer_per_share": 26,
            "book_valuer_per_share_4q_avg": 28.7,
            "equity": 571669,
            "current_ratio": 289.52,
            "debt_ratio": 33.07,
            "inventory_turnover_ratio": 0.74,
            "account_receivable_turnover_ratio": 1.74,
            "reinvestment_rate": null,
            "research_to_sale_ratio": 0.1,
            "price_fair": 20.14,
            "eps_avg_yearly": 6.71,
            "eps_latest_yearly": 4.16,
            "eps_growth_yearly": -0.98
        },
        "20183": {
            "year_quarter": 20183,
            "year": 2018,
            "quarter": 3,
            "eps": 1.11,
            "eps_growth_year": -45.32,
            "eps_4q": 5.39,
            "eps_4q_growth_year": null,
            "roe": 4.19,
            "roe_4q": 18.8,
            "gross_profit": 205637,
            "gross_margin": 86.27,
            "gross_margin_4q_avg": 85.87,
            "net_income": 24460,
            "revenue": 238374,
            "common_shares": 219900,
            "book_valuer_per_share": 27.12,
            "book_valuer_per_share_4q_avg": 28.49,
            "equity": 596289,
            "current_ratio": 460.14,
            "debt_ratio": 20.41,
            "inventory_turnover_ratio": 0.62,
            "account_receivable_turnover_ratio": 1.79,
            "reinvestment_rate": null,
            "research_to_sale_ratio": 0.08,
            "price_fair": 86.59,
            "eps_avg_yearly": 6.33,
            "eps_latest_yearly": 4.44,
            "eps_growth_yearly": 3.67
        },
        "20184": {
            "year_quarter": 20184,
            "year": 2018,
            "quarter": 4,
            "eps": 1.42,
            "eps_growth_year": -23.73,
            "eps_4q": 4.95,
            "eps_4q_growth_year": -27.72,
            "roe": 5.11,
            "roe_4q": 17.45,
            "gross_profit": 259619,
            "gross_margin": 84.9,
            "gross_margin_4q_avg": 85.65,
            "net_income": 31246,
            "revenue": 305777,
            "common_shares": 219900,
            "book_valuer_per_share": 28.46,
            "book_valuer_per_share_4q_avg": 28.17,
            "equity": 625890,
            "current_ratio": 412.31,
            "debt_ratio": 22.61,
            "inventory_turnover_ratio": 0.77,
            "account_receivable_turnover_ratio": 1.78,
            "reinvestment_rate": null,
            "research_to_sale_ratio": 0.15,
            "price_fair": 181.62,
            "eps_avg_yearly": 6.24,
            "eps_latest_yearly": 5.68,
            "eps_growth_yearly": 19.11
        },
        "20191": {
            "year_quarter": 20191,
            "year": 2019,
            "quarter": 1,
            "eps": 0.77,
            "eps_growth_year": -44.2,
            "eps_4q": 4.34,
            "eps_4q_growth_year": -38.28,
            "roe": 2.68,
            "roe_4q": 15.61,
            "gross_profit": 199553,
            "gross_margin": 86.66,
            "gross_margin_4q_avg": 85.88,
            "net_income": 17004,
            "revenue": 230258,
            "common_shares": 219900,
            "book_valuer_per_share": 29.24,
            "book_valuer_per_share_4q_avg": 27.71,
            "equity": 642894,
            "current_ratio": 430.33,
            "debt_ratio": 22.39,
            "inventory_turnover_ratio": 0.48,
            "account_receivable_turnover_ratio": 1.37,
            "reinvestment_rate": null,
            "research_to_sale_ratio": 0.18,
            "price_fair": 17.54,
            "eps_avg_yearly": 5.85,
            "eps_latest_yearly": 3.08,
            "eps_growth_yearly": -6.17
        },
        "20192": {
            "year_quarter": 20192,
            "year": 2019,
            "quarter": 2,
            "eps": 0.68,
            "eps_growth_year": -34.62,
            "eps_4q": 3.98,
            "eps_4q_growth_year": -35.63,
            "roe": 2.45,
            "roe_4q": 14.430000000000003,
            "gross_profit": 214807,
            "gross_margin": 82.3,
            "gross_margin_4q_avg": 85.03,
            "net_income": 14854,
            "revenue": 261015,
            "common_shares": 219900,
            "book_valuer_per_share": 25.89,
            "book_valuer_per_share_4q_avg": 27.68,
            "equity": 569389,
            "current_ratio": 282.49,
            "debt_ratio": 32.64,
            "inventory_turnover_ratio": 0.67,
            "account_receivable_turnover_ratio": 1.84,
            "reinvestment_rate": null,
            "research_to_sale_ratio": 0.21,
            "price_fair": 16.49,
            "eps_avg_yearly": 5.5,
            "eps_latest_yearly": 2.72,
            "eps_growth_yearly": -10.68
        },
        "20193": {
            "year_quarter": 20193,
            "year": 2019,
            "quarter": 3,
            "eps": 1.05,
            "eps_growth_year": -5.41,
            "eps_4q": 3.92,
            "eps_4q_growth_year": -27.24,
            "roe": 3.98,
            "roe_4q": 14.219999999999999,
            "gross_profit": 221958,
            "gross_margin": 83.11,
            "gross_margin_4q_avg": 84.24,
            "net_income": 23108,
            "revenue": 267055,
            "common_shares": 219900,
            "book_valuer_per_share": 26.94,
            "book_valuer_per_share_4q_avg": 27.63,
            "equity": 592512,
            "current_ratio": 393.37,
            "debt_ratio": 23.82,
            "inventory_turnover_ratio": 0.62,
            "account_receivable_turnover_ratio": 1.75,
            "reinvestment_rate": null,
            "research_to_sale_ratio": 0.15,
            "price_fair": 118.92,
            "eps_avg_yearly": 5.37,
            "eps_latest_yearly": 4.2,
            "eps_growth_yearly": 12.15
        },
        "20194": {
            "year_quarter": 20194,
            "year": 2019,
            "quarter": 4,
            "eps": 1.54,
            "eps_growth_year": 8.71,
            "eps_4q": 4.04,
            "eps_4q_growth_year": -18.24,
            "roe": 5.57,
            "roe_4q": 14.68,
            "gross_profit": 254286,
            "gross_margin": 83.16,
            "gross_margin_4q_avg": 83.81,
            "net_income": 33968,
            "revenue": 305768,
            "common_shares": 219900,
            "book_valuer_per_share": 28.48,
            "book_valuer_per_share_4q_avg": 27.64,
            "equity": 626329,
            "current_ratio": 393.23,
            "debt_ratio": 24.67,
            "inventory_turnover_ratio": 0.68,
            "account_receivable_turnover_ratio": 1.92,
            "reinvestment_rate": null,
            "research_to_sale_ratio": 0.17,
            "price_fair": 190.4,
            "eps_avg_yearly": 5.44,
            "eps_latest_yearly": 6.16,
            "eps_growth_yearly": 28.02
        },
        "20201": {
            "year_quarter": 20201,
            "year": 2020,
            "quarter": 1,
            "eps": 0.73,
            "eps_growth_year": -5.19,
            "eps_4q": 4,
            "eps_4q_growth_year": -7.8,
            "roe": 2.6,
            "roe_4q": 14.600000000000001,
            "gross_profit": 168841,
            "gross_margin": 80.71,
            "gross_margin_4q_avg": 82.32,
            "net_income": 16138,
            "revenue": 209194,
            "common_shares": 219900,
            "book_valuer_per_share": 27.99,
            "book_valuer_per_share_4q_avg": 27.33,
            "equity": 615419,
            "current_ratio": 395.9,
            "debt_ratio": 24.72,
            "inventory_turnover_ratio": 0.52,
            "account_receivable_turnover_ratio": 1.61,
            "reinvestment_rate": null,
            "research_to_sale_ratio": 0.25,
            "price_fair": 94.93,
            "eps_avg_yearly": 5.23,
            "eps_latest_yearly": 2.92,
            "eps_growth_yearly": 8.15
        },
        "20202": {
            "year_quarter": 20202,
            "year": 2020,
            "quarter": 2,
            "eps": 0.41,
            "eps_growth_year": -39.71,
            "eps_4q": 3.74,
            "eps_4q_growth_year": -6.09,
            "roe": 1.46,
            "roe_4q": 13.610000000000001,
            "gross_profit": 152569,
            "gross_margin": 79.54,
            "gross_margin_4q_avg": 81.63,
            "net_income": 9020,
            "revenue": 191808,
            "common_shares": 219900,
            "book_valuer_per_share": 28.39,
            "book_valuer_per_share_4q_avg": 27.95,
            "equity": 624345,
            "current_ratio": 393.25,
            "debt_ratio": 25.76,
            "inventory_turnover_ratio": 0.47,
            "account_receivable_turnover_ratio": 2.28,
            "reinvestment_rate": null,
            "research_to_sale_ratio": 0.22,
            "price_fair": 14.86,
            "eps_avg_yearly": 4.95,
            "eps_latest_yearly": 1.64,
            "eps_growth_yearly": -5.96
        },
        "20203": {
            "year_quarter": 20203,
            "year": 2020,
            "quarter": 3,
            "eps": 0.32,
            "eps_growth_year": -69.52,
            "eps_4q": 3.01,
            "eps_4q_growth_year": -23.13,
            "roe": 1.14,
            "roe_4q": 10.77,
            "gross_profit": 160903,
            "gross_margin": 78.39,
            "gross_margin_4q_avg": 80.45,
            "net_income": 7146,
            "revenue": 205267,
            "common_shares": 219900,
            "book_valuer_per_share": 28.72,
            "book_valuer_per_share_4q_avg": 28.4,
            "equity": 631556,
            "current_ratio": 409.6,
            "debt_ratio": 24.44,
            "inventory_turnover_ratio": 0.54,
            "account_receivable_turnover_ratio": 2.49,
            "reinvestment_rate": null,
            "research_to_sale_ratio": 0.2,
            "price_fair": 14.07,
            "eps_avg_yearly": 4.69,
            "eps_latest_yearly": 1.28,
            "eps_growth_yearly": -11.81
        },
        "20204": {
            "year_quarter": 20204,
            "year": 2020,
            "quarter": 4,
            "eps": 0.44,
            "eps_growth_year": -71.22,
            "eps_4q": 1.91,
            "eps_4q_growth_year": -52.68,
            "roe": 1.54,
            "roe_4q": 6.74,
            "gross_profit": 192140,
            "gross_margin": 78.88,
            "gross_margin_4q_avg": 79.38,
            "net_income": 9776,
            "revenue": 243584,
            "common_shares": 219900,
            "book_valuer_per_share": 29.17,
            "book_valuer_per_share_4q_avg": 28.57,
            "equity": 641385,
            "current_ratio": 404.22,
            "debt_ratio": 24.34,
            "inventory_turnover_ratio": 0.68,
            "account_receivable_turnover_ratio": 2.59,
            "reinvestment_rate": 7.79,
            "research_to_sale_ratio": 0.14,
            "price_fair": 13.49,
            "eps_avg_yearly": 4.5,
            "eps_latest_yearly": 1.76,
            "eps_growth_yearly": -1.02
        },
        "20211": {
            "year_quarter": 20211,
            "year": 2021,
            "quarter": 1,
            "eps": 0.48,
            "eps_growth_year": -34.25,
            "eps_4q": 1.66,
            "eps_4q_growth_year": -58.64,
            "roe": 1.66,
            "roe_4q": 5.8,
            "gross_profit": 146452,
            "gross_margin": 76.85,
            "gross_margin_4q_avg": 78.42,
            "net_income": 10484,
            "revenue": 190569,
            "common_shares": 219900,
            "book_valuer_per_share": 28.26,
            "book_valuer_per_share_4q_avg": 28.64,
            "equity": 621512,
            "current_ratio": 382.61,
            "debt_ratio": 25.04,
            "inventory_turnover_ratio": 0.62,
            "account_receivable_turnover_ratio": 2.23,
            "reinvestment_rate": 7.29,
            "research_to_sale_ratio": 0.26,
            "price_fair": 49.05,
            "eps_avg_yearly": 4.34,
            "eps_latest_yearly": 1.92,
            "eps_growth_yearly": 1.31
        },
        "20212": {
            "year_quarter": 20212,
            "year": 2021,
            "quarter": 2,
            "eps": 0.31,
            "eps_growth_year": -24.39,
            "eps_4q": 1.55,
            "eps_4q_growth_year": -58.5,
            "roe": 1.07,
            "roe_4q": 5.409999999999999,
            "gross_profit": 112791,
            "gross_margin": 74.68,
            "gross_margin_4q_avg": 77.2,
            "net_income": 6721,
            "revenue": 151024,
            "common_shares": 219900,
            "book_valuer_per_share": 28.57,
            "book_valuer_per_share_4q_avg": 28.68,
            "equity": 634173,
            "current_ratio": 410.25,
            "debt_ratio": 26.8,
            "inventory_turnover_ratio": 0.58,
            "account_receivable_turnover_ratio": 2.98,
            "reinvestment_rate": 9.02,
            "research_to_sale_ratio": 0.32,
            "price_fair": 11.68,
            "eps_avg_yearly": 3.89,
            "eps_latest_yearly": 1.24,
            "eps_growth_yearly": -22.54
        },
        "20213": {
            "year_quarter": 20213,
            "year": 2021,
            "quarter": 3,
            "eps": -0.76,
            "eps_growth_year": -337.5,
            "eps_4q": 0.47,
            "eps_4q_growth_year": -84.5,
            "roe": -2.69,
            "roe_4q": 1.58,
            "gross_profit": 75265,
            "gross_margin": 71.66,
            "gross_margin_4q_avg": 75.52,
            "net_income": -16839,
            "revenue": 105035,
            "common_shares": 219900,
            "book_valuer_per_share": 27.81,
            "book_valuer_per_share_4q_avg": 28.45,
            "equity": 617328,
            "current_ratio": 380.53,
            "debt_ratio": 30.19,
            "inventory_turnover_ratio": 0.5,
            "account_receivable_turnover_ratio": 2.7,
            "reinvestment_rate": 5.75,
            "research_to_sale_ratio": 0.31,
            "price_fair": 10.83,
            "eps_avg_yearly": 3.61,
            "eps_latest_yearly": 1.24,
            "eps_growth_yearly": -23.4
        },
        "20214": {
            "year_quarter": 20214,
            "year": 2021,
            "quarter": 4,
            "eps": 0.61,
            "eps_growth_year": 36.26,
            "eps_4q": 0.63,
            "eps_4q_growth_year": -67.16,
            "roe": 2.1,
            "roe_4q": 2.14,
            "gross_profit": 161858,
            "gross_margin": 80.27,
            "gross_margin_4q_avg": 75.87,
            "net_income": 13084,
            "revenue": 201641,
            "common_shares": 219900,
            "book_valuer_per_share": 28.41,
            "book_valuer_per_share_4q_avg": 28.26,
            "equity": 630429,
            "current_ratio": 385.97,
            "debt_ratio": 29.72,
            "inventory_turnover_ratio": 0.72,
            "account_receivable_turnover_ratio": 3.61,
            "reinvestment_rate": 15.46,
            "research_to_sale_ratio": 0.61,
            "price_fair": 10.01,
            "eps_avg_yearly": 3.34,
            "eps_latest_yearly": 1.24,
            "eps_growth_yearly": -22.68
        },
        "20221": {
            "year_quarter": 20221,
            "year": 2022,
            "quarter": 1,
            "eps": 0.79,
            "eps_growth_year": 64.58,
            "eps_4q": 0.95,
            "eps_4q_growth_year": -42.46,
            "roe": 2.77,
            "roe_4q": 3.25,
            "gross_profit": 153975,
            "gross_margin": 79.92,
            "gross_margin_4q_avg": 76.63,
            "net_income": 17388,
            "revenue": 192655,
            "common_shares": 219900,
            "book_valuer_per_share": 28.08,
            "book_valuer_per_share_4q_avg": 28.22,
            "equity": 622813,
            "current_ratio": 352.73,
            "debt_ratio": 34.51,
            "inventory_turnover_ratio": 0.7,
            "account_receivable_turnover_ratio": 3.45,
            "reinvestment_rate": 16.85,
            "research_to_sale_ratio": 0.27,
            "price_fair": 9.51,
            "eps_avg_yearly": 3.17,
            "eps_latest_yearly": 3.16,
            "eps_growth_yearly": -6.88
        },
        "20222": {
            "year_quarter": 20222,
            "year": 2022,
            "quarter": 2,
            "eps": 0.6,
            "eps_growth_year": 93.55,
            "eps_4q": 1.25,
            "eps_4q_growth_year": -19.48,
            "roe": 2.25,
            "roe_4q": 4.43,
            "gross_profit": 138829,
            "gross_margin": 77.63,
            "gross_margin_4q_avg": 77.37,
            "net_income": 14155,
            "revenue": 178830,
            "common_shares": 219900,
            "book_valuer_per_share": 28.68,
            "book_valuer_per_share_4q_avg": 28.25,
            "equity": 637013,
            "current_ratio": 378.69,
            "debt_ratio": 32.31,
            "inventory_turnover_ratio": 0.72,
            "account_receivable_turnover_ratio": 4.11,
            "reinvestment_rate": 17.14,
            "research_to_sale_ratio": 0.42,
            "price_fair": 9.13,
            "eps_avg_yearly": 3.04,
            "eps_latest_yearly": 2.4,
            "eps_growth_yearly": -6.71
        },
        "20223": {
            "year_quarter": 20223,
            "year": 2022,
            "quarter": 3,
            "eps": 0.52,
            "eps_growth_year": null,
            "eps_4q": 2.52,
            "eps_4q_growth_year": 440.42,
            "roe": 1.8,
            "roe_4q": 8.92,
            "gross_profit": 104856,
            "gross_margin": 74.47,
            "gross_margin_4q_avg": 78.07,
            "net_income": 11586,
            "revenue": 140801,
            "common_shares": 219900,
            "book_valuer_per_share": 29.2,
            "book_valuer_per_share_4q_avg": 28.59,
            "equity": 648699,
            "current_ratio": 389.13,
            "debt_ratio": 29.85,
            "inventory_turnover_ratio": 0.67,
            "account_receivable_turnover_ratio": 3.69,
            "reinvestment_rate": 17.76,
            "research_to_sale_ratio": 0.53,
            "price_fair": 8.62,
            "eps_avg_yearly": 2.87,
            "eps_latest_yearly": 2.08,
            "eps_growth_yearly": -12.44
        },
        "20224": {
            "year_quarter": 20224,
            "year": 2022,
            "quarter": 4,
            "eps": 1.18,
            "eps_growth_year": 94.05,
            "eps_4q": 3.09,
            "eps_4q_growth_year": 392.44,
            "roe": 3.98,
            "roe_4q": 10.8,
            "gross_profit": 128513,
            "gross_margin": 76.06,
            "gross_margin_4q_avg": 77.02,
            "net_income": 26289,
            "revenue": 168961,
            "common_shares": 219900,
            "book_valuer_per_share": 30.29,
            "book_valuer_per_share_4q_avg": 29.06,
            "equity": 673040,
            "current_ratio": 440.21,
            "debt_ratio": 27.27,
            "inventory_turnover_ratio": 0.78,
            "account_receivable_turnover_ratio": 4.39,
            "reinvestment_rate": 16.15,
            "research_to_sale_ratio": 0.3,
            "price_fair": 72.51,
            "eps_avg_yearly": 2.81,
            "eps_latest_yearly": 4.72,
            "eps_growth_yearly": 15.84
        },
        "20231": {
            "year_quarter": 20231,
            "year": 2023,
            "quarter": 1,
            "eps": 0.44,
            "eps_growth_year": -44.3,
            "eps_4q": 2.73,
            "eps_4q_growth_year": 186.78,
            "roe": 1.55,
            "roe_4q": 9.58,
            "gross_profit": 96372,
            "gross_margin": 76.72,
            "gross_margin_4q_avg": 76.22,
            "net_income": 9896,
            "revenue": 125622,
            "common_shares": 219900,
            "book_valuer_per_share": 27.27,
            "book_valuer_per_share_4q_avg": 28.86,
            "equity": 606881,
            "current_ratio": 318.35,
            "debt_ratio": 33.63,
            "inventory_turnover_ratio": 0.58,
            "account_receivable_turnover_ratio": 3.92,
            "reinvestment_rate": 12.43,
            "research_to_sale_ratio": 0.37,
            "price_fair": 56.95,
            "eps_avg_yearly": 2.71,
            "eps_latest_yearly": 1.76,
            "eps_growth_yearly": 11
        }
    },
    "months": {
        "2016-07": {
            "month": "2016-07",
            "price": "173.83",
            "revenue": 67868
        },
        "2016-08": {
            "month": "2016-08",
            "price": "178.13",
            "revenue": 68379
        },
        "2016-09": {
            "month": "2016-09",
            "price": "160.64",
            "revenue": 82908
        },
        "2016-10": {
            "month": "2016-10",
            "price": "156.69",
            "revenue": 90644
        },
        "2016-11": {
            "month": "2016-11",
            "price": "150.06",
            "revenue": 81169
        },
        "2016-12": {
            "month": "2016-12",
            "price": "151.79",
            "revenue": 92363
        },
        "2017-01": {
            "month": "2017-01",
            "price": "153.22",
            "revenue": 66194
        },
        "2017-02": {
            "month": "2017-02",
            "price": "156.22",
            "revenue": 71070
        },
        "2017-03": {
            "month": "2017-03",
            "price": "162.61",
            "revenue": 73928
        },
        "2017-04": {
            "month": "2017-04",
            "price": "165.47",
            "revenue": 81841
        },
        "2017-05": {
            "month": "2017-05",
            "price": "164.97",
            "revenue": 73794
        },
        "2017-06": {
            "month": "2017-06",
            "price": "165.28",
            "revenue": 74927
        },
        "2017-07": {
            "month": "2017-07",
            "price": "159.00",
            "revenue": 91434
        },
        "2017-08": {
            "month": "2017-08",
            "price": "150.41",
            "revenue": 83341
        },
        "2017-09": {
            "month": "2017-09",
            "price": "133.42",
            "revenue": 90224
        },
        "2017-10": {
            "month": "2017-10",
            "price": "136.22",
            "revenue": 107150
        },
        "2017-11": {
            "month": "2017-11",
            "price": "132.00",
            "revenue": 91809
        },
        "2017-12": {
            "month": "2017-12",
            "price": "135.33",
            "revenue": 99792
        },
        "2018-01": {
            "month": "2018-01",
            "price": "129.76",
            "revenue": 74240
        },
        "2018-02": {
            "month": "2018-02",
            "price": "121.23",
            "revenue": 69464
        },
        "2018-03": {
            "month": "2018-03",
            "price": "127.65",
            "revenue": 84291
        },
        "2018-04": {
            "month": "2018-04",
            "price": "130.97",
            "revenue": 81977
        },
        "2018-05": {
            "month": "2018-05",
            "price": "125.55",
            "revenue": 74743
        },
        "2018-06": {
            "month": "2018-06",
            "price": "119.35",
            "revenue": 62561
        },
        "2018-07": {
            "month": "2018-07",
            "price": "104.62",
            "revenue": 74153
        },
        "2018-08": {
            "month": "2018-08",
            "price": "98.08",
            "revenue": 80176
        },
        "2018-09": {
            "month": "2018-09",
            "price": "81.86",
            "revenue": 83584
        },
        "2018-10": {
            "month": "2018-10",
            "price": "81.38",
            "revenue": 112954
        },
        "2018-11": {
            "month": "2018-11",
            "price": "85.40",
            "revenue": 99253
        },
        "2018-12": {
            "month": "2018-12",
            "price": "89.33",
            "revenue": 93615
        },
        "2019-01": {
            "month": "2019-01",
            "price": "86.46",
            "revenue": 70999
        },
        "2019-02": {
            "month": "2019-02",
            "price": "85.52",
            "revenue": 72071
        },
        "2019-03": {
            "month": "2019-03",
            "price": "84.36",
            "revenue": 87504
        },
        "2019-04": {
            "month": "2019-04",
            "price": "83.55",
            "revenue": 89365
        },
        "2019-05": {
            "month": "2019-05",
            "price": "81.69",
            "revenue": 89273
        },
        "2019-06": {
            "month": "2019-06",
            "price": "80.61",
            "revenue": 82476
        },
        "2019-07": {
            "month": "2019-07",
            "price": "81.38",
            "revenue": 84125
        },
        "2019-08": {
            "month": "2019-08",
            "price": "80.67",
            "revenue": 92364
        },
        "2019-09": {
            "month": "2019-09",
            "price": "81.44",
            "revenue": 90151
        },
        "2019-10": {
            "month": "2019-10",
            "price": "81.20",
            "revenue": 109393
        },
        "2019-11": {
            "month": "2019-11",
            "price": "82.46",
            "revenue": 96072
        },
        "2019-12": {
            "month": "2019-12",
            "price": "82.16",
            "revenue": 100433
        },
        "2020-01": {
            "month": "2020-01",
            "price": "81.38",
            "revenue": 73077
        },
        "2020-02": {
            "month": "2020-02",
            "price": "78.39",
            "revenue": 66842
        },
        "2020-03": {
            "month": "2020-03",
            "price": "63.18",
            "revenue": 69275
        },
        "2020-04": {
            "month": "2020-04",
            "price": "56.96",
            "revenue": 67716
        },
        "2020-05": {
            "month": "2020-05",
            "price": "57.74",
            "revenue": 70635
        },
        "2020-06": {
            "month": "2020-06",
            "price": "57.41",
            "revenue": 53450
        },
        "2020-07": {
            "month": "2020-07",
            "price": "57.64",
            "revenue": 64080
        },
        "2020-08": {
            "month": "2020-08",
            "price": "55.54",
            "revenue": 60491
        },
        "2020-09": {
            "month": "2020-09",
            "price": "55.84",
            "revenue": 80696
        },
        "2020-10": {
            "month": "2020-10",
            "price": "56.87",
            "revenue": 91790
        },
        "2020-11": {
            "month": "2020-11",
            "price": "57.63",
            "revenue": 80837
        },
        "2020-12": {
            "month": "2020-12",
            "price": "57.65",
            "revenue": 70294
        },
        "2021-01": {
            "month": "2021-01",
            "price": "56.96",
            "revenue": 61994
        },
        "2021-02": {
            "month": "2021-02",
            "price": "56.25",
            "revenue": 60534
        },
        "2021-03": {
            "month": "2021-03",
            "price": "58.82",
            "revenue": 66954
        },
        "2021-04": {
            "month": "2021-04",
            "price": "59.81",
            "revenue": 84922
        },
        "2021-05": {
            "month": "2021-05",
            "price": "59.12",
            "revenue": 42001
        },
        "2021-06": {
            "month": "2021-06",
            "price": "56.56",
            "revenue": 23530
        },
        "2021-07": {
            "month": "2021-07",
            "price": "54.21",
            "revenue": 17832
        },
        "2021-08": {
            "month": "2021-08",
            "price": "53.08",
            "revenue": 30941
        },
        "2021-09": {
            "month": "2021-09",
            "price": "50.29",
            "revenue": 57259
        },
        "2021-10": {
            "month": "2021-10",
            "price": "48.66",
            "revenue": 69170
        },
        "2021-11": {
            "month": "2021-11",
            "price": "48.61",
            "revenue": 57867
        },
        "2021-12": {
            "month": "2021-12",
            "price": "47.98",
            "revenue": 75267
        },
        "2022-01": {
            "month": "2022-01",
            "price": "48.57",
            "revenue": 62481
        },
        "2022-02": {
            "month": "2022-02",
            "price": "50.69",
            "revenue": 58366
        },
        "2022-03": {
            "month": "2022-03",
            "price": "49.56",
            "revenue": 71338
        },
        "2022-04": {
            "month": "2022-04",
            "price": "49.83",
            "revenue": 78546
        },
        "2022-05": {
            "month": "2022-05",
            "price": "49.22",
            "revenue": 49599
        },
        "2022-06": {
            "month": "2022-06",
            "price": "49.79",
            "revenue": 48276
        },
        "2022-07": {
            "month": "2022-07",
            "price": "49.77",
            "revenue": 47989
        },
        "2022-08": {
            "month": "2022-08",
            "price": "50.88",
            "revenue": 43447
        },
        "2022-09": {
            "month": "2022-09",
            "price": "50.17",
            "revenue": 52244
        },
        "2022-10": {
            "month": "2022-10",
            "price": "49.66",
            "revenue": 54441
        },
        "2022-11": {
            "month": "2022-11",
            "price": "50.78",
            "revenue": 54051
        },
        "2022-12": {
            "month": "2022-12",
            "price": "49.44",
            "revenue": 60145
        },
        "2023-01": {
            "month": "2023-01",
            "price": "49.53",
            "revenue": 39655
        },
        "2023-02": {
            "month": "2023-02",
            "price": "50.12",
            "revenue": 40028
        },
        "2023-03": {
            "month": "2023-03",
            "price": "50.19",
            "revenue": 45939
        },
        "2023-04": {
            "month": "2023-04",
            "price": "55.69",
            "revenue": 60520
        },
        "2023-05": {
            "month": "2023-05",
            "price": "61.62",
            "revenue": 62443
        }
    }
}
