{
    "summary": {
        "stock_name": "勁豐",
        "stock_id": "6577",
        "category": "電腦及週邊設備",
        "main_business": "醫療及特殊應用嵌入式顯示器模組",
        "website_url": "https://promate.com/cht/",
        "ceo": "杜懷琪",
        "pe_ratio": 15,
        "report_year_from": 2013,
        "report_year_to": 2023,
        "age": 11,
        "eps_negative_percentage": 0,
        "eps_growth_avg": {
            "last_all": 14.58,
            "last_2y": 3.88,
            "last_4y": 4.22,
            "last_8y": null,
            "last_12y": null,
            "last_16y": null,
            "last_20y": null,
            "at_2006_last_3y": null,
            "at_2007_last_3y": null,
            "at_2008_last_3y": null,
            "at_2009_last_3y": null,
            "at_2010_last_3y": null,
            "at_2011_last_3y": null,
            "at_2012_last_3y": null,
            "at_2013_last_3y": null,
            "at_2014_last_3y": null,
            "at_2015_last_3y": null,
            "at_2016_last_3y": null,
            "at_2017_last_3y": null,
            "at_2018_last_3y": null,
            "at_2019_last_3y": null,
            "at_2020_last_3y": 22.61,
            "at_2021_last_3y": 2.63,
            "at_2022_last_3y": 2.22,
            "at_2023_last_3y": 2.45,
            "at_2024_last_3y": 2.45,
            "at_2006_last_all": null,
            "at_2007_last_all": null,
            "at_2008_last_all": null,
            "at_2009_last_all": null,
            "at_2010_last_all": null,
            "at_2011_last_all": null,
            "at_2012_last_all": null,
            "at_2013_last_all": null,
            "at_2014_last_all": null,
            "at_2015_last_all": null,
            "at_2016_last_all": null,
            "at_2017_last_all": null,
            "at_2018_last_all": 40.48,
            "at_2019_last_all": 30.76,
            "at_2020_last_all": 22.61,
            "at_2021_last_all": 14.06,
            "at_2022_last_all": 14.98,
            "at_2023_last_all": 14.58,
            "at_2024_last_all": 14.58
        },
        "latest_eps": 6.75,
        "latest_price": 97.9,
        "latest_roe": 23.15,
        "latest_gross_margin": 24.75,
        "latest_equity": 1157895,
        "latest_revenue": 787496,
        "latest_gross_profit": 194915,
        "latest_net_income": 94597,
        "latest_debt_ratio": 45.19,
        "latest_current_ratio": 209.2,
        "latest_account_receivable_turnover_ratio": 1.14,
        "latest_inventory_turnover_ratio": 1.09,
        "latest_reinvestment_rate": -0.46,
        "latest_research_to_sale_ratio": 2.9
    },
    "eps_dividends": {
        "2001": {
            "cash": 0,
            "stock": 0,
            "eps": 0
        },
        "2002": {
            "cash": 0,
            "stock": 0,
            "eps": 0
        },
        "2003": {
            "cash": 0,
            "stock": 0,
            "eps": 0
        },
        "2004": {
            "cash": 0,
            "stock": 0,
            "eps": 0
        },
        "2005": {
            "cash": 0,
            "stock": 0,
            "eps": 0
        },
        "2006": {
            "cash": 0,
            "stock": 0,
            "eps": 0
        },
        "2007": {
            "cash": 0,
            "stock": 0,
            "eps": 0
        },
        "2008": {
            "cash": 0,
            "stock": 0,
            "eps": 0
        },
        "2009": {
            "cash": 0,
            "stock": 0,
            "eps": 0
        },
        "2010": {
            "cash": 0,
            "stock": 0,
            "eps": 0
        },
        "2011": {
            "cash": 0,
            "stock": 0,
            "eps": 0
        },
        "2012": {
            "cash": 0,
            "stock": 0,
            "eps": 0
        },
        "2013": {
            "cash": 0,
            "stock": 0,
            "eps": 0
        },
        "2014": {
            "cash": 0,
            "stock": 0,
            "eps": 0
        },
        "2015": {
            "cash": 2.85,
            "stock": 2.85,
            "eps": 0
        },
        "2016": {
            "cash": 5,
            "stock": 0,
            "eps": 2.51
        },
        "2017": {
            "cash": 4,
            "stock": 0,
            "eps": 4.01
        },
        "2018": {
            "cash": 4,
            "stock": 0,
            "eps": 4.86
        },
        "2019": {
            "cash": 4.5,
            "stock": 0,
            "eps": 5.41
        },
        "2020": {
            "cash": 5,
            "stock": 0,
            "eps": 5.31
        },
        "2021": {
            "cash": 5,
            "stock": 0,
            "eps": 4.24
        },
        "2022": {
            "cash": 3.85,
            "stock": 0,
            "eps": 5.07
        },
        "2023": {
            "cash": 4.45,
            "stock": 0,
            "eps": 5.69
        }
    },
    "dividends": {
        "2015-03-23": {
            "cash": 2.85,
            "stock": 2.85
        },
        "2016-06-13": {
            "cash": 5,
            "stock": 0
        },
        "2017-07-27": {
            "cash": 4,
            "stock": 0
        },
        "2018-07-26": {
            "cash": 4,
            "stock": 0
        },
        "2019-07-26": {
            "cash": 4.5,
            "stock": 0
        },
        "2020-07-23": {
            "cash": 5,
            "stock": 0
        },
        "2021-09-03": {
            "cash": 5,
            "stock": 0
        },
        "2022-07-22": {
            "cash": 3.85,
            "stock": 0
        },
        "2023-07-25": {
            "cash": 4.45,
            "stock": 0
        }
    },
    "prices": {
        "200101": "無",
        "200102": "無",
        "200103": "無",
        "200104": "無",
        "200105": "無",
        "200106": "無",
        "200107": "無",
        "200108": "無",
        "200109": "無",
        "200110": "無",
        "200111": "無",
        "200112": "無",
        "200201": "無",
        "200202": "無",
        "200203": "無",
        "200204": "無",
        "200205": "無",
        "200206": "無",
        "200207": "無",
        "200208": "無",
        "200209": "無",
        "200210": "無",
        "200211": "無",
        "200212": "無",
        "200301": "無",
        "200302": "無",
        "200303": "無",
        "200304": "無",
        "200305": "無",
        "200306": "無",
        "200307": "無",
        "200308": "無",
        "200309": "無",
        "200310": "無",
        "200311": "無",
        "200312": "無",
        "200401": "無",
        "200402": "無",
        "200403": "無",
        "200404": "無",
        "200405": "無",
        "200406": "無",
        "200407": "無",
        "200408": "無",
        "200409": "無",
        "200410": "無",
        "200411": "無",
        "200412": "無",
        "200501": "無",
        "200502": "無",
        "200503": "無",
        "200504": "無",
        "200505": "無",
        "200506": "無",
        "200507": "無",
        "200508": "無",
        "200509": "無",
        "200510": "無",
        "200511": "無",
        "200512": "無",
        "200601": "無",
        "200602": "無",
        "200603": "無",
        "200604": "無",
        "200605": "無",
        "200606": "無",
        "200607": "無",
        "200608": "無",
        "200609": "無",
        "200610": "無",
        "200611": "無",
        "200612": "無",
        "200701": "無",
        "200702": "無",
        "200703": "無",
        "200704": "無",
        "200705": "無",
        "200706": "無",
        "200707": "無",
        "200708": "無",
        "200709": "無",
        "200710": "無",
        "200711": "無",
        "200712": "無",
        "200801": "無",
        "200802": "無",
        "200803": "無",
        "200804": "無",
        "200805": "無",
        "200806": "無",
        "200807": "無",
        "200808": "無",
        "200809": "無",
        "200810": "無",
        "200811": "無",
        "200812": "無",
        "200901": "無",
        "200902": "無",
        "200903": "無",
        "200904": "無",
        "200905": "無",
        "200906": "無",
        "200907": "無",
        "200908": "無",
        "200909": "無",
        "200910": "無",
        "200911": "無",
        "200912": "無",
        "201001": "無",
        "201002": "無",
        "201003": "無",
        "201004": "無",
        "201005": "無",
        "201006": "無",
        "201007": "無",
        "201008": "無",
        "201009": "無",
        "201010": "無",
        "201011": "無",
        "201012": "無",
        "201101": "無",
        "201102": "無",
        "201103": "無",
        "201104": "無",
        "201105": "無",
        "201106": "無",
        "201107": "無",
        "201108": "無",
        "201109": "無",
        "201110": "無",
        "201111": "無",
        "201112": "無",
        "201201": "無",
        "201202": "無",
        "201203": "無",
        "201204": "無",
        "201205": "無",
        "201206": "無",
        "201207": "無",
        "201208": "無",
        "201209": "無",
        "201210": "無",
        "201211": "無",
        "201212": "無",
        "201301": "無",
        "201302": "無",
        "201303": "無",
        "201304": "無",
        "201305": "無",
        "201306": "無",
        "201307": "無",
        "201308": "無",
        "201309": "無",
        "201310": "無",
        "201311": "無",
        "201312": "無",
        "201401": "無",
        "201402": "無",
        "201403": "無",
        "201404": "無",
        "201405": "無",
        "201406": "無",
        "201407": "無",
        "201408": "無",
        "201409": "無",
        "201410": "無",
        "201411": "無",
        "201412": "無",
        "201501": "無",
        "201502": "無",
        "201503": "無",
        "201504": "無",
        "201505": "無",
        "201506": "無",
        "201507": "無",
        "201508": "無",
        "201509": "無",
        "201510": "無",
        "201511": "無",
        "201512": "無",
        "201601": "無",
        "201602": "無",
        "201603": "81.70",
        "201604": "79.60",
        "201605": "79.58",
        "201606": "77.93",
        "201607": "77.37",
        "201608": "71.26",
        "201609": "71.38",
        "201610": "74.85",
        "201611": "73.98",
        "201612": "71.63",
        "201701": "71.96",
        "201702": "79.43",
        "201703": "85.94",
        "201704": "71.86",
        "201705": "63.28",
        "201706": "64.93",
        "201707": "61.27",
        "201708": "55.10",
        "201709": "56.64",
        "201710": "57.09",
        "201711": "57.83",
        "201712": "56.94",
        "201801": "59.05",
        "201802": "66.76",
        "201803": "74.72",
        "201804": "69.06",
        "201805": "65.35",
        "201806": "65.90",
        "201807": "59.83",
        "201808": "59.24",
        "201809": "59.95",
        "201810": "56.24",
        "201811": "54.03",
        "201812": "58.22",
        "201901": "57.03",
        "201902": "58.82",
        "201903": "60.72",
        "201904": "64.72",
        "201905": "64.07",
        "201906": "65.87",
        "201907": "67.84",
        "201908": "68.72",
        "201909": "66.90",
        "201910": "64.90",
        "201911": "65.31",
        "201912": "68.40",
        "202001": "67.11",
        "202002": "65.58",
        "202003": "61.60",
        "202004": "71.08",
        "202005": "73.54",
        "202006": "79.20",
        "202007": "73.26",
        "202008": "72.80",
        "202009": "71.77",
        "202010": "70.52",
        "202011": "70.27",
        "202012": "66.42",
        "202101": "63.60",
        "202102": "64.18",
        "202103": "68.97",
        "202104": "69.87",
        "202105": "67.54",
        "202106": "67.68",
        "202107": "67.57",
        "202108": "63.36",
        "202109": "62.20",
        "202110": "61.42",
        "202111": "62.02",
        "202112": "64.93",
        "202201": "64.45",
        "202202": "65.33",
        "202203": "64.17",
        "202204": "63.78",
        "202205": "63.49",
        "202206": "62.38",
        "202207": "58.28",
        "202208": "59.03",
        "202209": "58.32",
        "202210": "57.04",
        "202211": "57.96",
        "202212": "58.60",
        "202301": "58.64",
        "202302": "60.48",
        "202303": "63.55",
        "202304": "64.94",
        "202305": "73.59",
        "202306": "113.44",
        "202307": "105.52",
        "202308": "92.60",
        "202309": "92.24",
        "202310": "100.44",
        "202311": "100.48",
        "202312": "100.80"
    },
    "quarters": {
        "20011": {
            "year_quarter": 20011,
            "year": 2001,
            "quarter": 1,
            "eps": null,
            "eps_growth_year": null,
            "eps_4q": null,
            "eps_4q_growth_year": null,
            "roe": null,
            "roe_4q": 0,
            "gross_profit": null,
            "gross_margin": null,
            "gross_margin_4q_avg": 0,
            "net_income": null,
            "net_income_4q": null,
            "revenue": null,
            "revenue_4q": null,
            "common_shares": null,
            "book_valuer_per_share": null,
            "book_valuer_per_share_4q_avg": 0,
            "equity": null,
            "current_ratio": null,
            "debt_ratio": null,
            "inventory_turnover_ratio": null,
            "account_receivable_turnover_ratio": null,
            "reinvestment_rate": null,
            "research_to_sale_ratio": null,
            "price_fair": 0,
            "eps_avg_yearly": 0,
            "eps_latest_yearly": 0,
            "eps_growth_yearly": 0
        },
        "20012": {
            "year_quarter": 20012,
            "year": 2001,
            "quarter": 2,
            "eps": null,
            "eps_growth_year": null,
            "eps_4q": null,
            "eps_4q_growth_year": null,
            "roe": null,
            "roe_4q": 0,
            "gross_profit": null,
            "gross_margin": null,
            "gross_margin_4q_avg": 0,
            "net_income": null,
            "net_income_4q": null,
            "revenue": null,
            "revenue_4q": null,
            "common_shares": null,
            "book_valuer_per_share": null,
            "book_valuer_per_share_4q_avg": 0,
            "equity": null,
            "current_ratio": null,
            "debt_ratio": null,
            "inventory_turnover_ratio": null,
            "account_receivable_turnover_ratio": null,
            "reinvestment_rate": null,
            "research_to_sale_ratio": null,
            "price_fair": 0,
            "eps_avg_yearly": 0,
            "eps_latest_yearly": 0,
            "eps_growth_yearly": 0
        },
        "20013": {
            "year_quarter": 20013,
            "year": 2001,
            "quarter": 3,
            "eps": null,
            "eps_growth_year": null,
            "eps_4q": null,
            "eps_4q_growth_year": null,
            "roe": null,
            "roe_4q": 0,
            "gross_profit": null,
            "gross_margin": null,
            "gross_margin_4q_avg": 0,
            "net_income": null,
            "net_income_4q": null,
            "revenue": null,
            "revenue_4q": null,
            "common_shares": null,
            "book_valuer_per_share": null,
            "book_valuer_per_share_4q_avg": 0,
            "equity": null,
            "current_ratio": null,
            "debt_ratio": null,
            "inventory_turnover_ratio": null,
            "account_receivable_turnover_ratio": null,
            "reinvestment_rate": null,
            "research_to_sale_ratio": null,
            "price_fair": 0,
            "eps_avg_yearly": 0,
            "eps_latest_yearly": 0,
            "eps_growth_yearly": 0
        },
        "20014": {
            "year_quarter": 20014,
            "year": 2001,
            "quarter": 4,
            "eps": null,
            "eps_growth_year": null,
            "eps_4q": null,
            "eps_4q_growth_year": null,
            "roe": null,
            "roe_4q": 0,
            "gross_profit": null,
            "gross_margin": null,
            "gross_margin_4q_avg": 0,
            "net_income": null,
            "net_income_4q": null,
            "revenue": null,
            "revenue_4q": null,
            "common_shares": null,
            "book_valuer_per_share": null,
            "book_valuer_per_share_4q_avg": 0,
            "equity": null,
            "current_ratio": null,
            "debt_ratio": null,
            "inventory_turnover_ratio": null,
            "account_receivable_turnover_ratio": null,
            "reinvestment_rate": null,
            "research_to_sale_ratio": null,
            "price_fair": 0,
            "eps_avg_yearly": 0,
            "eps_latest_yearly": 0,
            "eps_growth_yearly": 0
        },
        "20021": {
            "year_quarter": 20021,
            "year": 2002,
            "quarter": 1,
            "eps": null,
            "eps_growth_year": null,
            "eps_4q": null,
            "eps_4q_growth_year": null,
            "roe": null,
            "roe_4q": 0,
            "gross_profit": null,
            "gross_margin": null,
            "gross_margin_4q_avg": 0,
            "net_income": null,
            "net_income_4q": null,
            "revenue": null,
            "revenue_4q": null,
            "common_shares": null,
            "book_valuer_per_share": null,
            "book_valuer_per_share_4q_avg": 0,
            "equity": null,
            "current_ratio": null,
            "debt_ratio": null,
            "inventory_turnover_ratio": null,
            "account_receivable_turnover_ratio": null,
            "reinvestment_rate": null,
            "research_to_sale_ratio": null,
            "price_fair": 0,
            "eps_avg_yearly": 0,
            "eps_latest_yearly": 0,
            "eps_growth_yearly": 0
        },
        "20022": {
            "year_quarter": 20022,
            "year": 2002,
            "quarter": 2,
            "eps": null,
            "eps_growth_year": null,
            "eps_4q": null,
            "eps_4q_growth_year": null,
            "roe": null,
            "roe_4q": 0,
            "gross_profit": null,
            "gross_margin": null,
            "gross_margin_4q_avg": 0,
            "net_income": null,
            "net_income_4q": null,
            "revenue": null,
            "revenue_4q": null,
            "common_shares": null,
            "book_valuer_per_share": null,
            "book_valuer_per_share_4q_avg": 0,
            "equity": null,
            "current_ratio": null,
            "debt_ratio": null,
            "inventory_turnover_ratio": null,
            "account_receivable_turnover_ratio": null,
            "reinvestment_rate": null,
            "research_to_sale_ratio": null,
            "price_fair": 0,
            "eps_avg_yearly": 0,
            "eps_latest_yearly": 0,
            "eps_growth_yearly": 0
        },
        "20023": {
            "year_quarter": 20023,
            "year": 2002,
            "quarter": 3,
            "eps": null,
            "eps_growth_year": null,
            "eps_4q": null,
            "eps_4q_growth_year": null,
            "roe": null,
            "roe_4q": 0,
            "gross_profit": null,
            "gross_margin": null,
            "gross_margin_4q_avg": 0,
            "net_income": null,
            "net_income_4q": null,
            "revenue": null,
            "revenue_4q": null,
            "common_shares": null,
            "book_valuer_per_share": null,
            "book_valuer_per_share_4q_avg": 0,
            "equity": null,
            "current_ratio": null,
            "debt_ratio": null,
            "inventory_turnover_ratio": null,
            "account_receivable_turnover_ratio": null,
            "reinvestment_rate": null,
            "research_to_sale_ratio": null,
            "price_fair": 0,
            "eps_avg_yearly": 0,
            "eps_latest_yearly": 0,
            "eps_growth_yearly": 0
        },
        "20024": {
            "year_quarter": 20024,
            "year": 2002,
            "quarter": 4,
            "eps": null,
            "eps_growth_year": null,
            "eps_4q": null,
            "eps_4q_growth_year": null,
            "roe": null,
            "roe_4q": 0,
            "gross_profit": null,
            "gross_margin": null,
            "gross_margin_4q_avg": 0,
            "net_income": null,
            "net_income_4q": null,
            "revenue": null,
            "revenue_4q": null,
            "common_shares": null,
            "book_valuer_per_share": null,
            "book_valuer_per_share_4q_avg": 0,
            "equity": null,
            "current_ratio": null,
            "debt_ratio": null,
            "inventory_turnover_ratio": null,
            "account_receivable_turnover_ratio": null,
            "reinvestment_rate": null,
            "research_to_sale_ratio": null,
            "price_fair": 0,
            "eps_avg_yearly": 0,
            "eps_latest_yearly": 0,
            "eps_growth_yearly": 0
        },
        "20031": {
            "year_quarter": 20031,
            "year": 2003,
            "quarter": 1,
            "eps": null,
            "eps_growth_year": null,
            "eps_4q": null,
            "eps_4q_growth_year": null,
            "roe": null,
            "roe_4q": 0,
            "gross_profit": null,
            "gross_margin": null,
            "gross_margin_4q_avg": 0,
            "net_income": null,
            "net_income_4q": null,
            "revenue": null,
            "revenue_4q": null,
            "common_shares": null,
            "book_valuer_per_share": null,
            "book_valuer_per_share_4q_avg": 0,
            "equity": null,
            "current_ratio": null,
            "debt_ratio": null,
            "inventory_turnover_ratio": null,
            "account_receivable_turnover_ratio": null,
            "reinvestment_rate": null,
            "research_to_sale_ratio": null,
            "price_fair": 0,
            "eps_avg_yearly": 0,
            "eps_latest_yearly": 0,
            "eps_growth_yearly": 0
        },
        "20032": {
            "year_quarter": 20032,
            "year": 2003,
            "quarter": 2,
            "eps": null,
            "eps_growth_year": null,
            "eps_4q": null,
            "eps_4q_growth_year": null,
            "roe": null,
            "roe_4q": 0,
            "gross_profit": null,
            "gross_margin": null,
            "gross_margin_4q_avg": 0,
            "net_income": null,
            "net_income_4q": null,
            "revenue": null,
            "revenue_4q": null,
            "common_shares": null,
            "book_valuer_per_share": null,
            "book_valuer_per_share_4q_avg": 0,
            "equity": null,
            "current_ratio": null,
            "debt_ratio": null,
            "inventory_turnover_ratio": null,
            "account_receivable_turnover_ratio": null,
            "reinvestment_rate": null,
            "research_to_sale_ratio": null,
            "price_fair": 0,
            "eps_avg_yearly": 0,
            "eps_latest_yearly": 0,
            "eps_growth_yearly": 0
        },
        "20033": {
            "year_quarter": 20033,
            "year": 2003,
            "quarter": 3,
            "eps": null,
            "eps_growth_year": null,
            "eps_4q": null,
            "eps_4q_growth_year": null,
            "roe": null,
            "roe_4q": 0,
            "gross_profit": null,
            "gross_margin": null,
            "gross_margin_4q_avg": 0,
            "net_income": null,
            "net_income_4q": null,
            "revenue": null,
            "revenue_4q": null,
            "common_shares": null,
            "book_valuer_per_share": null,
            "book_valuer_per_share_4q_avg": 0,
            "equity": null,
            "current_ratio": null,
            "debt_ratio": null,
            "inventory_turnover_ratio": null,
            "account_receivable_turnover_ratio": null,
            "reinvestment_rate": null,
            "research_to_sale_ratio": null,
            "price_fair": 0,
            "eps_avg_yearly": 0,
            "eps_latest_yearly": 0,
            "eps_growth_yearly": 0
        },
        "20034": {
            "year_quarter": 20034,
            "year": 2003,
            "quarter": 4,
            "eps": null,
            "eps_growth_year": null,
            "eps_4q": null,
            "eps_4q_growth_year": null,
            "roe": null,
            "roe_4q": 0,
            "gross_profit": null,
            "gross_margin": null,
            "gross_margin_4q_avg": 0,
            "net_income": null,
            "net_income_4q": null,
            "revenue": null,
            "revenue_4q": null,
            "common_shares": null,
            "book_valuer_per_share": null,
            "book_valuer_per_share_4q_avg": 0,
            "equity": null,
            "current_ratio": null,
            "debt_ratio": null,
            "inventory_turnover_ratio": null,
            "account_receivable_turnover_ratio": null,
            "reinvestment_rate": null,
            "research_to_sale_ratio": null,
            "price_fair": 0,
            "eps_avg_yearly": 0,
            "eps_latest_yearly": 0,
            "eps_growth_yearly": 0
        },
        "20041": {
            "year_quarter": 20041,
            "year": 2004,
            "quarter": 1,
            "eps": null,
            "eps_growth_year": null,
            "eps_4q": null,
            "eps_4q_growth_year": null,
            "roe": null,
            "roe_4q": 0,
            "gross_profit": null,
            "gross_margin": null,
            "gross_margin_4q_avg": 0,
            "net_income": null,
            "net_income_4q": null,
            "revenue": null,
            "revenue_4q": null,
            "common_shares": null,
            "book_valuer_per_share": null,
            "book_valuer_per_share_4q_avg": 0,
            "equity": null,
            "current_ratio": null,
            "debt_ratio": null,
            "inventory_turnover_ratio": null,
            "account_receivable_turnover_ratio": null,
            "reinvestment_rate": null,
            "research_to_sale_ratio": null,
            "price_fair": 0,
            "eps_avg_yearly": 0,
            "eps_latest_yearly": 0,
            "eps_growth_yearly": 0
        },
        "20042": {
            "year_quarter": 20042,
            "year": 2004,
            "quarter": 2,
            "eps": null,
            "eps_growth_year": null,
            "eps_4q": null,
            "eps_4q_growth_year": null,
            "roe": null,
            "roe_4q": 0,
            "gross_profit": null,
            "gross_margin": null,
            "gross_margin_4q_avg": 0,
            "net_income": null,
            "net_income_4q": null,
            "revenue": null,
            "revenue_4q": null,
            "common_shares": null,
            "book_valuer_per_share": null,
            "book_valuer_per_share_4q_avg": 0,
            "equity": null,
            "current_ratio": null,
            "debt_ratio": null,
            "inventory_turnover_ratio": null,
            "account_receivable_turnover_ratio": null,
            "reinvestment_rate": null,
            "research_to_sale_ratio": null,
            "price_fair": 0,
            "eps_avg_yearly": 0,
            "eps_latest_yearly": 0,
            "eps_growth_yearly": 0
        },
        "20043": {
            "year_quarter": 20043,
            "year": 2004,
            "quarter": 3,
            "eps": null,
            "eps_growth_year": null,
            "eps_4q": null,
            "eps_4q_growth_year": null,
            "roe": null,
            "roe_4q": 0,
            "gross_profit": null,
            "gross_margin": null,
            "gross_margin_4q_avg": 0,
            "net_income": null,
            "net_income_4q": null,
            "revenue": null,
            "revenue_4q": null,
            "common_shares": null,
            "book_valuer_per_share": null,
            "book_valuer_per_share_4q_avg": 0,
            "equity": null,
            "current_ratio": null,
            "debt_ratio": null,
            "inventory_turnover_ratio": null,
            "account_receivable_turnover_ratio": null,
            "reinvestment_rate": null,
            "research_to_sale_ratio": null,
            "price_fair": 0,
            "eps_avg_yearly": 0,
            "eps_latest_yearly": 0,
            "eps_growth_yearly": 0
        },
        "20044": {
            "year_quarter": 20044,
            "year": 2004,
            "quarter": 4,
            "eps": null,
            "eps_growth_year": null,
            "eps_4q": null,
            "eps_4q_growth_year": null,
            "roe": null,
            "roe_4q": 0,
            "gross_profit": null,
            "gross_margin": null,
            "gross_margin_4q_avg": 0,
            "net_income": null,
            "net_income_4q": null,
            "revenue": null,
            "revenue_4q": null,
            "common_shares": null,
            "book_valuer_per_share": null,
            "book_valuer_per_share_4q_avg": 0,
            "equity": null,
            "current_ratio": null,
            "debt_ratio": null,
            "inventory_turnover_ratio": null,
            "account_receivable_turnover_ratio": null,
            "reinvestment_rate": null,
            "research_to_sale_ratio": null,
            "price_fair": 0,
            "eps_avg_yearly": 0,
            "eps_latest_yearly": 0,
            "eps_growth_yearly": 0
        },
        "20051": {
            "year_quarter": 20051,
            "year": 2005,
            "quarter": 1,
            "eps": null,
            "eps_growth_year": null,
            "eps_4q": null,
            "eps_4q_growth_year": null,
            "roe": null,
            "roe_4q": 0,
            "gross_profit": null,
            "gross_margin": null,
            "gross_margin_4q_avg": 0,
            "net_income": null,
            "net_income_4q": null,
            "revenue": null,
            "revenue_4q": null,
            "common_shares": null,
            "book_valuer_per_share": null,
            "book_valuer_per_share_4q_avg": 0,
            "equity": null,
            "current_ratio": null,
            "debt_ratio": null,
            "inventory_turnover_ratio": null,
            "account_receivable_turnover_ratio": null,
            "reinvestment_rate": null,
            "research_to_sale_ratio": null,
            "price_fair": 0,
            "eps_avg_yearly": 0,
            "eps_latest_yearly": 0,
            "eps_growth_yearly": 0
        },
        "20052": {
            "year_quarter": 20052,
            "year": 2005,
            "quarter": 2,
            "eps": null,
            "eps_growth_year": null,
            "eps_4q": null,
            "eps_4q_growth_year": null,
            "roe": null,
            "roe_4q": 0,
            "gross_profit": null,
            "gross_margin": null,
            "gross_margin_4q_avg": 0,
            "net_income": null,
            "net_income_4q": null,
            "revenue": null,
            "revenue_4q": null,
            "common_shares": null,
            "book_valuer_per_share": null,
            "book_valuer_per_share_4q_avg": 0,
            "equity": null,
            "current_ratio": null,
            "debt_ratio": null,
            "inventory_turnover_ratio": null,
            "account_receivable_turnover_ratio": null,
            "reinvestment_rate": null,
            "research_to_sale_ratio": null,
            "price_fair": 0,
            "eps_avg_yearly": 0,
            "eps_latest_yearly": 0,
            "eps_growth_yearly": 0
        },
        "20053": {
            "year_quarter": 20053,
            "year": 2005,
            "quarter": 3,
            "eps": null,
            "eps_growth_year": null,
            "eps_4q": null,
            "eps_4q_growth_year": null,
            "roe": null,
            "roe_4q": 0,
            "gross_profit": null,
            "gross_margin": null,
            "gross_margin_4q_avg": 0,
            "net_income": null,
            "net_income_4q": null,
            "revenue": null,
            "revenue_4q": null,
            "common_shares": null,
            "book_valuer_per_share": null,
            "book_valuer_per_share_4q_avg": 0,
            "equity": null,
            "current_ratio": null,
            "debt_ratio": null,
            "inventory_turnover_ratio": null,
            "account_receivable_turnover_ratio": null,
            "reinvestment_rate": null,
            "research_to_sale_ratio": null,
            "price_fair": 0,
            "eps_avg_yearly": 0,
            "eps_latest_yearly": 0,
            "eps_growth_yearly": 0
        },
        "20054": {
            "year_quarter": 20054,
            "year": 2005,
            "quarter": 4,
            "eps": null,
            "eps_growth_year": null,
            "eps_4q": null,
            "eps_4q_growth_year": null,
            "roe": null,
            "roe_4q": 0,
            "gross_profit": null,
            "gross_margin": null,
            "gross_margin_4q_avg": 0,
            "net_income": null,
            "net_income_4q": null,
            "revenue": null,
            "revenue_4q": null,
            "common_shares": null,
            "book_valuer_per_share": null,
            "book_valuer_per_share_4q_avg": 0,
            "equity": null,
            "current_ratio": null,
            "debt_ratio": null,
            "inventory_turnover_ratio": null,
            "account_receivable_turnover_ratio": null,
            "reinvestment_rate": null,
            "research_to_sale_ratio": null,
            "price_fair": 0,
            "eps_avg_yearly": 0,
            "eps_latest_yearly": 0,
            "eps_growth_yearly": 0
        },
        "20061": {
            "year_quarter": 20061,
            "year": 2006,
            "quarter": 1,
            "eps": null,
            "eps_growth_year": null,
            "eps_4q": null,
            "eps_4q_growth_year": null,
            "roe": null,
            "roe_4q": 0,
            "gross_profit": null,
            "gross_margin": null,
            "gross_margin_4q_avg": 0,
            "net_income": null,
            "net_income_4q": null,
            "revenue": null,
            "revenue_4q": null,
            "common_shares": null,
            "book_valuer_per_share": null,
            "book_valuer_per_share_4q_avg": 0,
            "equity": null,
            "current_ratio": null,
            "debt_ratio": null,
            "inventory_turnover_ratio": null,
            "account_receivable_turnover_ratio": null,
            "reinvestment_rate": null,
            "research_to_sale_ratio": null,
            "price_fair": 0,
            "eps_avg_yearly": 0,
            "eps_latest_yearly": 0,
            "eps_growth_yearly": 0
        },
        "20062": {
            "year_quarter": 20062,
            "year": 2006,
            "quarter": 2,
            "eps": null,
            "eps_growth_year": null,
            "eps_4q": null,
            "eps_4q_growth_year": null,
            "roe": null,
            "roe_4q": 0,
            "gross_profit": null,
            "gross_margin": null,
            "gross_margin_4q_avg": 0,
            "net_income": null,
            "net_income_4q": null,
            "revenue": null,
            "revenue_4q": null,
            "common_shares": null,
            "book_valuer_per_share": null,
            "book_valuer_per_share_4q_avg": 0,
            "equity": null,
            "current_ratio": null,
            "debt_ratio": null,
            "inventory_turnover_ratio": null,
            "account_receivable_turnover_ratio": null,
            "reinvestment_rate": null,
            "research_to_sale_ratio": null,
            "price_fair": 0,
            "eps_avg_yearly": 0,
            "eps_latest_yearly": 0,
            "eps_growth_yearly": 0
        },
        "20063": {
            "year_quarter": 20063,
            "year": 2006,
            "quarter": 3,
            "eps": null,
            "eps_growth_year": null,
            "eps_4q": null,
            "eps_4q_growth_year": null,
            "roe": null,
            "roe_4q": 0,
            "gross_profit": null,
            "gross_margin": null,
            "gross_margin_4q_avg": 0,
            "net_income": null,
            "net_income_4q": null,
            "revenue": null,
            "revenue_4q": null,
            "common_shares": null,
            "book_valuer_per_share": null,
            "book_valuer_per_share_4q_avg": 0,
            "equity": null,
            "current_ratio": null,
            "debt_ratio": null,
            "inventory_turnover_ratio": null,
            "account_receivable_turnover_ratio": null,
            "reinvestment_rate": null,
            "research_to_sale_ratio": null,
            "price_fair": 0,
            "eps_avg_yearly": 0,
            "eps_latest_yearly": 0,
            "eps_growth_yearly": 0
        },
        "20064": {
            "year_quarter": 20064,
            "year": 2006,
            "quarter": 4,
            "eps": null,
            "eps_growth_year": null,
            "eps_4q": null,
            "eps_4q_growth_year": null,
            "roe": null,
            "roe_4q": 0,
            "gross_profit": null,
            "gross_margin": null,
            "gross_margin_4q_avg": 0,
            "net_income": null,
            "net_income_4q": null,
            "revenue": null,
            "revenue_4q": null,
            "common_shares": null,
            "book_valuer_per_share": null,
            "book_valuer_per_share_4q_avg": 0,
            "equity": null,
            "current_ratio": null,
            "debt_ratio": null,
            "inventory_turnover_ratio": null,
            "account_receivable_turnover_ratio": null,
            "reinvestment_rate": null,
            "research_to_sale_ratio": null,
            "price_fair": 0,
            "eps_avg_yearly": 0,
            "eps_latest_yearly": 0,
            "eps_growth_yearly": 0
        },
        "20071": {
            "year_quarter": 20071,
            "year": 2007,
            "quarter": 1,
            "eps": null,
            "eps_growth_year": null,
            "eps_4q": null,
            "eps_4q_growth_year": null,
            "roe": null,
            "roe_4q": 0,
            "gross_profit": null,
            "gross_margin": null,
            "gross_margin_4q_avg": 0,
            "net_income": null,
            "net_income_4q": null,
            "revenue": null,
            "revenue_4q": null,
            "common_shares": null,
            "book_valuer_per_share": null,
            "book_valuer_per_share_4q_avg": 0,
            "equity": null,
            "current_ratio": null,
            "debt_ratio": null,
            "inventory_turnover_ratio": null,
            "account_receivable_turnover_ratio": null,
            "reinvestment_rate": null,
            "research_to_sale_ratio": null,
            "price_fair": 0,
            "eps_avg_yearly": 0,
            "eps_latest_yearly": 0,
            "eps_growth_yearly": 0
        },
        "20072": {
            "year_quarter": 20072,
            "year": 2007,
            "quarter": 2,
            "eps": null,
            "eps_growth_year": null,
            "eps_4q": null,
            "eps_4q_growth_year": null,
            "roe": null,
            "roe_4q": 0,
            "gross_profit": null,
            "gross_margin": null,
            "gross_margin_4q_avg": 0,
            "net_income": null,
            "net_income_4q": null,
            "revenue": null,
            "revenue_4q": null,
            "common_shares": null,
            "book_valuer_per_share": null,
            "book_valuer_per_share_4q_avg": 0,
            "equity": null,
            "current_ratio": null,
            "debt_ratio": null,
            "inventory_turnover_ratio": null,
            "account_receivable_turnover_ratio": null,
            "reinvestment_rate": null,
            "research_to_sale_ratio": null,
            "price_fair": 0,
            "eps_avg_yearly": 0,
            "eps_latest_yearly": 0,
            "eps_growth_yearly": 0
        },
        "20073": {
            "year_quarter": 20073,
            "year": 2007,
            "quarter": 3,
            "eps": null,
            "eps_growth_year": null,
            "eps_4q": null,
            "eps_4q_growth_year": null,
            "roe": null,
            "roe_4q": 0,
            "gross_profit": null,
            "gross_margin": null,
            "gross_margin_4q_avg": 0,
            "net_income": null,
            "net_income_4q": null,
            "revenue": null,
            "revenue_4q": null,
            "common_shares": null,
            "book_valuer_per_share": null,
            "book_valuer_per_share_4q_avg": 0,
            "equity": null,
            "current_ratio": null,
            "debt_ratio": null,
            "inventory_turnover_ratio": null,
            "account_receivable_turnover_ratio": null,
            "reinvestment_rate": null,
            "research_to_sale_ratio": null,
            "price_fair": 0,
            "eps_avg_yearly": 0,
            "eps_latest_yearly": 0,
            "eps_growth_yearly": 0
        },
        "20074": {
            "year_quarter": 20074,
            "year": 2007,
            "quarter": 4,
            "eps": null,
            "eps_growth_year": null,
            "eps_4q": null,
            "eps_4q_growth_year": null,
            "roe": null,
            "roe_4q": 0,
            "gross_profit": null,
            "gross_margin": null,
            "gross_margin_4q_avg": 0,
            "net_income": null,
            "net_income_4q": null,
            "revenue": null,
            "revenue_4q": null,
            "common_shares": null,
            "book_valuer_per_share": null,
            "book_valuer_per_share_4q_avg": 0,
            "equity": null,
            "current_ratio": null,
            "debt_ratio": null,
            "inventory_turnover_ratio": null,
            "account_receivable_turnover_ratio": null,
            "reinvestment_rate": null,
            "research_to_sale_ratio": null,
            "price_fair": 0,
            "eps_avg_yearly": 0,
            "eps_latest_yearly": 0,
            "eps_growth_yearly": 0
        },
        "20081": {
            "year_quarter": 20081,
            "year": 2008,
            "quarter": 1,
            "eps": null,
            "eps_growth_year": null,
            "eps_4q": null,
            "eps_4q_growth_year": null,
            "roe": null,
            "roe_4q": 0,
            "gross_profit": null,
            "gross_margin": null,
            "gross_margin_4q_avg": 0,
            "net_income": null,
            "net_income_4q": null,
            "revenue": null,
            "revenue_4q": null,
            "common_shares": null,
            "book_valuer_per_share": null,
            "book_valuer_per_share_4q_avg": 0,
            "equity": null,
            "current_ratio": null,
            "debt_ratio": null,
            "inventory_turnover_ratio": null,
            "account_receivable_turnover_ratio": null,
            "reinvestment_rate": null,
            "research_to_sale_ratio": null,
            "price_fair": 0,
            "eps_avg_yearly": 0,
            "eps_latest_yearly": 0,
            "eps_growth_yearly": 0
        },
        "20082": {
            "year_quarter": 20082,
            "year": 2008,
            "quarter": 2,
            "eps": null,
            "eps_growth_year": null,
            "eps_4q": null,
            "eps_4q_growth_year": null,
            "roe": null,
            "roe_4q": 0,
            "gross_profit": null,
            "gross_margin": null,
            "gross_margin_4q_avg": 0,
            "net_income": null,
            "net_income_4q": null,
            "revenue": null,
            "revenue_4q": null,
            "common_shares": null,
            "book_valuer_per_share": null,
            "book_valuer_per_share_4q_avg": 0,
            "equity": null,
            "current_ratio": null,
            "debt_ratio": null,
            "inventory_turnover_ratio": null,
            "account_receivable_turnover_ratio": null,
            "reinvestment_rate": null,
            "research_to_sale_ratio": null,
            "price_fair": 0,
            "eps_avg_yearly": 0,
            "eps_latest_yearly": 0,
            "eps_growth_yearly": 0
        },
        "20083": {
            "year_quarter": 20083,
            "year": 2008,
            "quarter": 3,
            "eps": null,
            "eps_growth_year": null,
            "eps_4q": null,
            "eps_4q_growth_year": null,
            "roe": null,
            "roe_4q": 0,
            "gross_profit": null,
            "gross_margin": null,
            "gross_margin_4q_avg": 0,
            "net_income": null,
            "net_income_4q": null,
            "revenue": null,
            "revenue_4q": null,
            "common_shares": null,
            "book_valuer_per_share": null,
            "book_valuer_per_share_4q_avg": 0,
            "equity": null,
            "current_ratio": null,
            "debt_ratio": null,
            "inventory_turnover_ratio": null,
            "account_receivable_turnover_ratio": null,
            "reinvestment_rate": null,
            "research_to_sale_ratio": null,
            "price_fair": 0,
            "eps_avg_yearly": 0,
            "eps_latest_yearly": 0,
            "eps_growth_yearly": 0
        },
        "20084": {
            "year_quarter": 20084,
            "year": 2008,
            "quarter": 4,
            "eps": null,
            "eps_growth_year": null,
            "eps_4q": null,
            "eps_4q_growth_year": null,
            "roe": null,
            "roe_4q": 0,
            "gross_profit": null,
            "gross_margin": null,
            "gross_margin_4q_avg": 0,
            "net_income": null,
            "net_income_4q": null,
            "revenue": null,
            "revenue_4q": null,
            "common_shares": null,
            "book_valuer_per_share": null,
            "book_valuer_per_share_4q_avg": 0,
            "equity": null,
            "current_ratio": null,
            "debt_ratio": null,
            "inventory_turnover_ratio": null,
            "account_receivable_turnover_ratio": null,
            "reinvestment_rate": null,
            "research_to_sale_ratio": null,
            "price_fair": 0,
            "eps_avg_yearly": 0,
            "eps_latest_yearly": 0,
            "eps_growth_yearly": 0
        },
        "20091": {
            "year_quarter": 20091,
            "year": 2009,
            "quarter": 1,
            "eps": null,
            "eps_growth_year": null,
            "eps_4q": null,
            "eps_4q_growth_year": null,
            "roe": null,
            "roe_4q": 0,
            "gross_profit": null,
            "gross_margin": null,
            "gross_margin_4q_avg": 0,
            "net_income": null,
            "net_income_4q": null,
            "revenue": null,
            "revenue_4q": null,
            "common_shares": null,
            "book_valuer_per_share": null,
            "book_valuer_per_share_4q_avg": 0,
            "equity": null,
            "current_ratio": null,
            "debt_ratio": null,
            "inventory_turnover_ratio": null,
            "account_receivable_turnover_ratio": null,
            "reinvestment_rate": null,
            "research_to_sale_ratio": null,
            "price_fair": 0,
            "eps_avg_yearly": 0,
            "eps_latest_yearly": 0,
            "eps_growth_yearly": 0
        },
        "20092": {
            "year_quarter": 20092,
            "year": 2009,
            "quarter": 2,
            "eps": null,
            "eps_growth_year": null,
            "eps_4q": null,
            "eps_4q_growth_year": null,
            "roe": null,
            "roe_4q": 0,
            "gross_profit": null,
            "gross_margin": null,
            "gross_margin_4q_avg": 0,
            "net_income": null,
            "net_income_4q": null,
            "revenue": null,
            "revenue_4q": null,
            "common_shares": null,
            "book_valuer_per_share": null,
            "book_valuer_per_share_4q_avg": 0,
            "equity": null,
            "current_ratio": null,
            "debt_ratio": null,
            "inventory_turnover_ratio": null,
            "account_receivable_turnover_ratio": null,
            "reinvestment_rate": null,
            "research_to_sale_ratio": null,
            "price_fair": 0,
            "eps_avg_yearly": 0,
            "eps_latest_yearly": 0,
            "eps_growth_yearly": 0
        },
        "20093": {
            "year_quarter": 20093,
            "year": 2009,
            "quarter": 3,
            "eps": null,
            "eps_growth_year": null,
            "eps_4q": null,
            "eps_4q_growth_year": null,
            "roe": null,
            "roe_4q": 0,
            "gross_profit": null,
            "gross_margin": null,
            "gross_margin_4q_avg": 0,
            "net_income": null,
            "net_income_4q": null,
            "revenue": null,
            "revenue_4q": null,
            "common_shares": null,
            "book_valuer_per_share": null,
            "book_valuer_per_share_4q_avg": 0,
            "equity": null,
            "current_ratio": null,
            "debt_ratio": null,
            "inventory_turnover_ratio": null,
            "account_receivable_turnover_ratio": null,
            "reinvestment_rate": null,
            "research_to_sale_ratio": null,
            "price_fair": 0,
            "eps_avg_yearly": 0,
            "eps_latest_yearly": 0,
            "eps_growth_yearly": 0
        },
        "20094": {
            "year_quarter": 20094,
            "year": 2009,
            "quarter": 4,
            "eps": null,
            "eps_growth_year": null,
            "eps_4q": null,
            "eps_4q_growth_year": null,
            "roe": null,
            "roe_4q": 0,
            "gross_profit": null,
            "gross_margin": null,
            "gross_margin_4q_avg": 0,
            "net_income": null,
            "net_income_4q": null,
            "revenue": null,
            "revenue_4q": null,
            "common_shares": null,
            "book_valuer_per_share": null,
            "book_valuer_per_share_4q_avg": 0,
            "equity": null,
            "current_ratio": null,
            "debt_ratio": null,
            "inventory_turnover_ratio": null,
            "account_receivable_turnover_ratio": null,
            "reinvestment_rate": null,
            "research_to_sale_ratio": null,
            "price_fair": 0,
            "eps_avg_yearly": 0,
            "eps_latest_yearly": 0,
            "eps_growth_yearly": 0
        },
        "20101": {
            "year_quarter": 20101,
            "year": 2010,
            "quarter": 1,
            "eps": null,
            "eps_growth_year": null,
            "eps_4q": null,
            "eps_4q_growth_year": null,
            "roe": null,
            "roe_4q": 0,
            "gross_profit": null,
            "gross_margin": null,
            "gross_margin_4q_avg": 0,
            "net_income": null,
            "net_income_4q": null,
            "revenue": null,
            "revenue_4q": null,
            "common_shares": null,
            "book_valuer_per_share": null,
            "book_valuer_per_share_4q_avg": 0,
            "equity": null,
            "current_ratio": null,
            "debt_ratio": null,
            "inventory_turnover_ratio": null,
            "account_receivable_turnover_ratio": null,
            "reinvestment_rate": null,
            "research_to_sale_ratio": null,
            "price_fair": 0,
            "eps_avg_yearly": 0,
            "eps_latest_yearly": 0,
            "eps_growth_yearly": 0
        },
        "20102": {
            "year_quarter": 20102,
            "year": 2010,
            "quarter": 2,
            "eps": null,
            "eps_growth_year": null,
            "eps_4q": null,
            "eps_4q_growth_year": null,
            "roe": null,
            "roe_4q": 0,
            "gross_profit": null,
            "gross_margin": null,
            "gross_margin_4q_avg": 0,
            "net_income": null,
            "net_income_4q": null,
            "revenue": null,
            "revenue_4q": null,
            "common_shares": null,
            "book_valuer_per_share": null,
            "book_valuer_per_share_4q_avg": 0,
            "equity": null,
            "current_ratio": null,
            "debt_ratio": null,
            "inventory_turnover_ratio": null,
            "account_receivable_turnover_ratio": null,
            "reinvestment_rate": null,
            "research_to_sale_ratio": null,
            "price_fair": 0,
            "eps_avg_yearly": 0,
            "eps_latest_yearly": 0,
            "eps_growth_yearly": 0
        },
        "20103": {
            "year_quarter": 20103,
            "year": 2010,
            "quarter": 3,
            "eps": null,
            "eps_growth_year": null,
            "eps_4q": null,
            "eps_4q_growth_year": null,
            "roe": null,
            "roe_4q": 0,
            "gross_profit": null,
            "gross_margin": null,
            "gross_margin_4q_avg": 0,
            "net_income": null,
            "net_income_4q": null,
            "revenue": null,
            "revenue_4q": null,
            "common_shares": null,
            "book_valuer_per_share": null,
            "book_valuer_per_share_4q_avg": 0,
            "equity": null,
            "current_ratio": null,
            "debt_ratio": null,
            "inventory_turnover_ratio": null,
            "account_receivable_turnover_ratio": null,
            "reinvestment_rate": null,
            "research_to_sale_ratio": null,
            "price_fair": 0,
            "eps_avg_yearly": 0,
            "eps_latest_yearly": 0,
            "eps_growth_yearly": 0
        },
        "20104": {
            "year_quarter": 20104,
            "year": 2010,
            "quarter": 4,
            "eps": null,
            "eps_growth_year": null,
            "eps_4q": null,
            "eps_4q_growth_year": null,
            "roe": null,
            "roe_4q": 0,
            "gross_profit": null,
            "gross_margin": null,
            "gross_margin_4q_avg": 0,
            "net_income": null,
            "net_income_4q": null,
            "revenue": null,
            "revenue_4q": null,
            "common_shares": null,
            "book_valuer_per_share": null,
            "book_valuer_per_share_4q_avg": 0,
            "equity": null,
            "current_ratio": null,
            "debt_ratio": null,
            "inventory_turnover_ratio": null,
            "account_receivable_turnover_ratio": null,
            "reinvestment_rate": null,
            "research_to_sale_ratio": null,
            "price_fair": 0,
            "eps_avg_yearly": 0,
            "eps_latest_yearly": 0,
            "eps_growth_yearly": 0
        },
        "20111": {
            "year_quarter": 20111,
            "year": 2011,
            "quarter": 1,
            "eps": null,
            "eps_growth_year": null,
            "eps_4q": null,
            "eps_4q_growth_year": null,
            "roe": null,
            "roe_4q": 0,
            "gross_profit": null,
            "gross_margin": null,
            "gross_margin_4q_avg": 0,
            "net_income": null,
            "net_income_4q": null,
            "revenue": null,
            "revenue_4q": null,
            "common_shares": null,
            "book_valuer_per_share": null,
            "book_valuer_per_share_4q_avg": 0,
            "equity": null,
            "current_ratio": null,
            "debt_ratio": null,
            "inventory_turnover_ratio": null,
            "account_receivable_turnover_ratio": null,
            "reinvestment_rate": null,
            "research_to_sale_ratio": null,
            "price_fair": 0,
            "eps_avg_yearly": 0,
            "eps_latest_yearly": 0,
            "eps_growth_yearly": 0
        },
        "20112": {
            "year_quarter": 20112,
            "year": 2011,
            "quarter": 2,
            "eps": null,
            "eps_growth_year": null,
            "eps_4q": null,
            "eps_4q_growth_year": null,
            "roe": null,
            "roe_4q": 0,
            "gross_profit": null,
            "gross_margin": null,
            "gross_margin_4q_avg": 0,
            "net_income": null,
            "net_income_4q": null,
            "revenue": null,
            "revenue_4q": null,
            "common_shares": null,
            "book_valuer_per_share": null,
            "book_valuer_per_share_4q_avg": 0,
            "equity": null,
            "current_ratio": null,
            "debt_ratio": null,
            "inventory_turnover_ratio": null,
            "account_receivable_turnover_ratio": null,
            "reinvestment_rate": null,
            "research_to_sale_ratio": null,
            "price_fair": 0,
            "eps_avg_yearly": 0,
            "eps_latest_yearly": 0,
            "eps_growth_yearly": 0
        },
        "20113": {
            "year_quarter": 20113,
            "year": 2011,
            "quarter": 3,
            "eps": null,
            "eps_growth_year": null,
            "eps_4q": null,
            "eps_4q_growth_year": null,
            "roe": null,
            "roe_4q": 0,
            "gross_profit": null,
            "gross_margin": null,
            "gross_margin_4q_avg": 0,
            "net_income": null,
            "net_income_4q": null,
            "revenue": null,
            "revenue_4q": null,
            "common_shares": null,
            "book_valuer_per_share": null,
            "book_valuer_per_share_4q_avg": 0,
            "equity": null,
            "current_ratio": null,
            "debt_ratio": null,
            "inventory_turnover_ratio": null,
            "account_receivable_turnover_ratio": null,
            "reinvestment_rate": null,
            "research_to_sale_ratio": null,
            "price_fair": 0,
            "eps_avg_yearly": 0,
            "eps_latest_yearly": 0,
            "eps_growth_yearly": 0
        },
        "20114": {
            "year_quarter": 20114,
            "year": 2011,
            "quarter": 4,
            "eps": null,
            "eps_growth_year": null,
            "eps_4q": null,
            "eps_4q_growth_year": null,
            "roe": null,
            "roe_4q": 0,
            "gross_profit": null,
            "gross_margin": null,
            "gross_margin_4q_avg": 0,
            "net_income": null,
            "net_income_4q": null,
            "revenue": null,
            "revenue_4q": null,
            "common_shares": null,
            "book_valuer_per_share": null,
            "book_valuer_per_share_4q_avg": 0,
            "equity": null,
            "current_ratio": null,
            "debt_ratio": null,
            "inventory_turnover_ratio": null,
            "account_receivable_turnover_ratio": null,
            "reinvestment_rate": null,
            "research_to_sale_ratio": null,
            "price_fair": 0,
            "eps_avg_yearly": 0,
            "eps_latest_yearly": 0,
            "eps_growth_yearly": 0
        },
        "20121": {
            "year_quarter": 20121,
            "year": 2012,
            "quarter": 1,
            "eps": null,
            "eps_growth_year": null,
            "eps_4q": null,
            "eps_4q_growth_year": null,
            "roe": null,
            "roe_4q": 0,
            "gross_profit": null,
            "gross_margin": null,
            "gross_margin_4q_avg": 0,
            "net_income": null,
            "net_income_4q": null,
            "revenue": null,
            "revenue_4q": null,
            "common_shares": null,
            "book_valuer_per_share": null,
            "book_valuer_per_share_4q_avg": 0,
            "equity": null,
            "current_ratio": null,
            "debt_ratio": null,
            "inventory_turnover_ratio": null,
            "account_receivable_turnover_ratio": null,
            "reinvestment_rate": null,
            "research_to_sale_ratio": null,
            "price_fair": 0,
            "eps_avg_yearly": 0,
            "eps_latest_yearly": 0,
            "eps_growth_yearly": 0
        },
        "20122": {
            "year_quarter": 20122,
            "year": 2012,
            "quarter": 2,
            "eps": null,
            "eps_growth_year": null,
            "eps_4q": null,
            "eps_4q_growth_year": null,
            "roe": null,
            "roe_4q": 0,
            "gross_profit": null,
            "gross_margin": null,
            "gross_margin_4q_avg": 0,
            "net_income": null,
            "net_income_4q": null,
            "revenue": null,
            "revenue_4q": null,
            "common_shares": null,
            "book_valuer_per_share": null,
            "book_valuer_per_share_4q_avg": 0,
            "equity": null,
            "current_ratio": null,
            "debt_ratio": null,
            "inventory_turnover_ratio": null,
            "account_receivable_turnover_ratio": null,
            "reinvestment_rate": null,
            "research_to_sale_ratio": null,
            "price_fair": 0,
            "eps_avg_yearly": 0,
            "eps_latest_yearly": 0,
            "eps_growth_yearly": 0
        },
        "20123": {
            "year_quarter": 20123,
            "year": 2012,
            "quarter": 3,
            "eps": null,
            "eps_growth_year": null,
            "eps_4q": null,
            "eps_4q_growth_year": null,
            "roe": null,
            "roe_4q": 0,
            "gross_profit": null,
            "gross_margin": null,
            "gross_margin_4q_avg": 0,
            "net_income": null,
            "net_income_4q": null,
            "revenue": null,
            "revenue_4q": null,
            "common_shares": null,
            "book_valuer_per_share": null,
            "book_valuer_per_share_4q_avg": 0,
            "equity": null,
            "current_ratio": null,
            "debt_ratio": null,
            "inventory_turnover_ratio": null,
            "account_receivable_turnover_ratio": null,
            "reinvestment_rate": null,
            "research_to_sale_ratio": null,
            "price_fair": 0,
            "eps_avg_yearly": 0,
            "eps_latest_yearly": 0,
            "eps_growth_yearly": 0
        },
        "20124": {
            "year_quarter": 20124,
            "year": 2012,
            "quarter": 4,
            "eps": null,
            "eps_growth_year": null,
            "eps_4q": null,
            "eps_4q_growth_year": null,
            "roe": null,
            "roe_4q": 0,
            "gross_profit": null,
            "gross_margin": null,
            "gross_margin_4q_avg": 0,
            "net_income": null,
            "net_income_4q": null,
            "revenue": null,
            "revenue_4q": null,
            "common_shares": null,
            "book_valuer_per_share": null,
            "book_valuer_per_share_4q_avg": 0,
            "equity": null,
            "current_ratio": null,
            "debt_ratio": null,
            "inventory_turnover_ratio": null,
            "account_receivable_turnover_ratio": null,
            "reinvestment_rate": null,
            "research_to_sale_ratio": null,
            "price_fair": 0,
            "eps_avg_yearly": 0,
            "eps_latest_yearly": 0,
            "eps_growth_yearly": 0
        },
        "20131": {
            "year_quarter": 20131,
            "year": 2013,
            "quarter": 1,
            "eps": null,
            "eps_growth_year": null,
            "eps_4q": null,
            "eps_4q_growth_year": null,
            "roe": null,
            "roe_4q": 0,
            "gross_profit": null,
            "gross_margin": null,
            "gross_margin_4q_avg": 0,
            "net_income": null,
            "net_income_4q": null,
            "revenue": null,
            "revenue_4q": null,
            "common_shares": null,
            "book_valuer_per_share": null,
            "book_valuer_per_share_4q_avg": 0,
            "equity": null,
            "current_ratio": null,
            "debt_ratio": null,
            "inventory_turnover_ratio": null,
            "account_receivable_turnover_ratio": null,
            "reinvestment_rate": null,
            "research_to_sale_ratio": null,
            "price_fair": 0,
            "eps_avg_yearly": 0,
            "eps_latest_yearly": 0,
            "eps_growth_yearly": 0
        },
        "20132": {
            "year_quarter": 20132,
            "year": 2013,
            "quarter": 2,
            "eps": null,
            "eps_growth_year": null,
            "eps_4q": null,
            "eps_4q_growth_year": null,
            "roe": null,
            "roe_4q": 0,
            "gross_profit": null,
            "gross_margin": null,
            "gross_margin_4q_avg": 0,
            "net_income": null,
            "net_income_4q": null,
            "revenue": null,
            "revenue_4q": null,
            "common_shares": null,
            "book_valuer_per_share": null,
            "book_valuer_per_share_4q_avg": 0,
            "equity": null,
            "current_ratio": null,
            "debt_ratio": null,
            "inventory_turnover_ratio": null,
            "account_receivable_turnover_ratio": null,
            "reinvestment_rate": null,
            "research_to_sale_ratio": null,
            "price_fair": 0,
            "eps_avg_yearly": 0,
            "eps_latest_yearly": 0,
            "eps_growth_yearly": 0
        },
        "20133": {
            "year_quarter": 20133,
            "year": 2013,
            "quarter": 3,
            "eps": null,
            "eps_growth_year": null,
            "eps_4q": null,
            "eps_4q_growth_year": null,
            "roe": null,
            "roe_4q": 0,
            "gross_profit": null,
            "gross_margin": null,
            "gross_margin_4q_avg": 0,
            "net_income": null,
            "net_income_4q": null,
            "revenue": null,
            "revenue_4q": null,
            "common_shares": null,
            "book_valuer_per_share": null,
            "book_valuer_per_share_4q_avg": 0,
            "equity": null,
            "current_ratio": null,
            "debt_ratio": null,
            "inventory_turnover_ratio": null,
            "account_receivable_turnover_ratio": null,
            "reinvestment_rate": null,
            "research_to_sale_ratio": null,
            "price_fair": 0,
            "eps_avg_yearly": 0,
            "eps_latest_yearly": 0,
            "eps_growth_yearly": 0
        },
        "20134": {
            "year_quarter": 20134,
            "year": 2013,
            "quarter": 4,
            "eps": null,
            "eps_growth_year": null,
            "eps_4q": null,
            "eps_4q_growth_year": null,
            "roe": null,
            "roe_4q": 0,
            "gross_profit": null,
            "gross_margin": null,
            "gross_margin_4q_avg": 0,
            "net_income": null,
            "net_income_4q": null,
            "revenue": null,
            "revenue_4q": null,
            "common_shares": 200000,
            "book_valuer_per_share": null,
            "book_valuer_per_share_4q_avg": 0,
            "equity": 417108,
            "current_ratio": null,
            "debt_ratio": null,
            "inventory_turnover_ratio": null,
            "account_receivable_turnover_ratio": null,
            "reinvestment_rate": null,
            "research_to_sale_ratio": null,
            "price_fair": 0,
            "eps_avg_yearly": 0,
            "eps_latest_yearly": 0,
            "eps_growth_yearly": 0
        },
        "20141": {
            "year_quarter": 20141,
            "year": 2014,
            "quarter": 1,
            "eps": null,
            "eps_growth_year": null,
            "eps_4q": null,
            "eps_4q_growth_year": null,
            "roe": null,
            "roe_4q": 0,
            "gross_profit": null,
            "gross_margin": null,
            "gross_margin_4q_avg": 0,
            "net_income": null,
            "net_income_4q": null,
            "revenue": null,
            "revenue_4q": null,
            "common_shares": null,
            "book_valuer_per_share": null,
            "book_valuer_per_share_4q_avg": 0,
            "equity": null,
            "current_ratio": null,
            "debt_ratio": null,
            "inventory_turnover_ratio": null,
            "account_receivable_turnover_ratio": null,
            "reinvestment_rate": null,
            "research_to_sale_ratio": null,
            "price_fair": 0,
            "eps_avg_yearly": 0,
            "eps_latest_yearly": 0,
            "eps_growth_yearly": 0
        },
        "20142": {
            "year_quarter": 20142,
            "year": 2014,
            "quarter": 2,
            "eps": null,
            "eps_growth_year": null,
            "eps_4q": null,
            "eps_4q_growth_year": null,
            "roe": null,
            "roe_4q": 0,
            "gross_profit": null,
            "gross_margin": null,
            "gross_margin_4q_avg": 0,
            "net_income": null,
            "net_income_4q": null,
            "revenue": null,
            "revenue_4q": null,
            "common_shares": 200000,
            "book_valuer_per_share": null,
            "book_valuer_per_share_4q_avg": 0,
            "equity": 468336,
            "current_ratio": null,
            "debt_ratio": null,
            "inventory_turnover_ratio": null,
            "account_receivable_turnover_ratio": null,
            "reinvestment_rate": null,
            "research_to_sale_ratio": null,
            "price_fair": 0,
            "eps_avg_yearly": 0,
            "eps_latest_yearly": 0,
            "eps_growth_yearly": 0
        },
        "20143": {
            "year_quarter": 20143,
            "year": 2014,
            "quarter": 3,
            "eps": null,
            "eps_growth_year": null,
            "eps_4q": null,
            "eps_4q_growth_year": null,
            "roe": null,
            "roe_4q": 0,
            "gross_profit": null,
            "gross_margin": null,
            "gross_margin_4q_avg": 0,
            "net_income": null,
            "net_income_4q": null,
            "revenue": null,
            "revenue_4q": null,
            "common_shares": null,
            "book_valuer_per_share": null,
            "book_valuer_per_share_4q_avg": 0,
            "equity": null,
            "current_ratio": null,
            "debt_ratio": null,
            "inventory_turnover_ratio": null,
            "account_receivable_turnover_ratio": null,
            "reinvestment_rate": null,
            "research_to_sale_ratio": null,
            "price_fair": 0,
            "eps_avg_yearly": 0,
            "eps_latest_yearly": 0,
            "eps_growth_yearly": 0
        },
        "20144": {
            "year_quarter": 20144,
            "year": 2014,
            "quarter": 4,
            "eps": null,
            "eps_growth_year": null,
            "eps_4q": null,
            "eps_4q_growth_year": null,
            "roe": null,
            "roe_4q": 0,
            "gross_profit": null,
            "gross_margin": null,
            "gross_margin_4q_avg": 0,
            "net_income": null,
            "net_income_4q": null,
            "revenue": null,
            "revenue_4q": null,
            "common_shares": 233820,
            "book_valuer_per_share": 23.27,
            "book_valuer_per_share_4q_avg": 5.82,
            "equity": 544095,
            "current_ratio": 219.49,
            "debt_ratio": 44.91,
            "inventory_turnover_ratio": null,
            "account_receivable_turnover_ratio": null,
            "reinvestment_rate": null,
            "research_to_sale_ratio": null,
            "price_fair": 0,
            "eps_avg_yearly": 0,
            "eps_latest_yearly": 0,
            "eps_growth_yearly": 0
        },
        "20151": {
            "year_quarter": 20151,
            "year": 2015,
            "quarter": 1,
            "eps": null,
            "eps_growth_year": null,
            "eps_4q": null,
            "eps_4q_growth_year": null,
            "roe": null,
            "roe_4q": 0,
            "gross_profit": null,
            "gross_margin": null,
            "gross_margin_4q_avg": 0,
            "net_income": null,
            "net_income_4q": null,
            "revenue": null,
            "revenue_4q": null,
            "common_shares": null,
            "book_valuer_per_share": null,
            "book_valuer_per_share_4q_avg": 5.82,
            "equity": null,
            "current_ratio": null,
            "debt_ratio": null,
            "inventory_turnover_ratio": null,
            "account_receivable_turnover_ratio": null,
            "reinvestment_rate": null,
            "research_to_sale_ratio": null,
            "price_fair": 0,
            "eps_avg_yearly": 0,
            "eps_latest_yearly": 0,
            "eps_growth_yearly": 0
        },
        "20152": {
            "year_quarter": 20152,
            "year": 2015,
            "quarter": 2,
            "eps": null,
            "eps_growth_year": null,
            "eps_4q": null,
            "eps_4q_growth_year": null,
            "roe": null,
            "roe_4q": 0,
            "gross_profit": null,
            "gross_margin": null,
            "gross_margin_4q_avg": 0,
            "net_income": null,
            "net_income_4q": null,
            "revenue": null,
            "revenue_4q": null,
            "common_shares": 233820,
            "book_valuer_per_share": 23.59,
            "book_valuer_per_share_4q_avg": 11.72,
            "equity": 551526,
            "current_ratio": 219.76,
            "debt_ratio": 44.71,
            "inventory_turnover_ratio": null,
            "account_receivable_turnover_ratio": null,
            "reinvestment_rate": null,
            "research_to_sale_ratio": null,
            "price_fair": 0,
            "eps_avg_yearly": 0,
            "eps_latest_yearly": 0,
            "eps_growth_yearly": 0
        },
        "20153": {
            "year_quarter": 20153,
            "year": 2015,
            "quarter": 3,
            "eps": null,
            "eps_growth_year": null,
            "eps_4q": null,
            "eps_4q_growth_year": null,
            "roe": null,
            "roe_4q": 0,
            "gross_profit": 107449,
            "gross_margin": null,
            "gross_margin_4q_avg": 0,
            "net_income": 52726,
            "net_income_4q": null,
            "revenue": 453591,
            "revenue_4q": null,
            "common_shares": 308529,
            "book_valuer_per_share": null,
            "book_valuer_per_share_4q_avg": 11.72,
            "equity": 604252,
            "current_ratio": null,
            "debt_ratio": null,
            "inventory_turnover_ratio": null,
            "account_receivable_turnover_ratio": null,
            "reinvestment_rate": null,
            "research_to_sale_ratio": null,
            "price_fair": 0,
            "eps_avg_yearly": 0,
            "eps_latest_yearly": 0,
            "eps_growth_yearly": 0
        },
        "20154": {
            "year_quarter": 20154,
            "year": 2015,
            "quarter": 4,
            "eps": null,
            "eps_growth_year": null,
            "eps_4q": null,
            "eps_4q_growth_year": null,
            "roe": null,
            "roe_4q": 0,
            "gross_profit": 114284,
            "gross_margin": null,
            "gross_margin_4q_avg": 0,
            "net_income": 47909,
            "net_income_4q": null,
            "revenue": 457396,
            "revenue_4q": null,
            "common_shares": 328529,
            "book_valuer_per_share": 20.5,
            "book_valuer_per_share_4q_avg": 11.02,
            "equity": 673594,
            "current_ratio": 295.74,
            "debt_ratio": 35.34,
            "inventory_turnover_ratio": null,
            "account_receivable_turnover_ratio": null,
            "reinvestment_rate": null,
            "research_to_sale_ratio": null,
            "price_fair": 0,
            "eps_avg_yearly": 0,
            "eps_latest_yearly": 0,
            "eps_growth_yearly": 0
        },
        "20161": {
            "year_quarter": 20161,
            "year": 2016,
            "quarter": 1,
            "eps": null,
            "eps_growth_year": null,
            "eps_4q": null,
            "eps_4q_growth_year": null,
            "roe": null,
            "roe_4q": 0,
            "gross_profit": null,
            "gross_margin": null,
            "gross_margin_4q_avg": 0,
            "net_income": null,
            "net_income_4q": null,
            "revenue": null,
            "revenue_4q": null,
            "common_shares": null,
            "book_valuer_per_share": null,
            "book_valuer_per_share_4q_avg": 11.02,
            "equity": null,
            "current_ratio": null,
            "debt_ratio": null,
            "inventory_turnover_ratio": null,
            "account_receivable_turnover_ratio": null,
            "reinvestment_rate": null,
            "research_to_sale_ratio": null,
            "price_fair": 0,
            "eps_avg_yearly": 0,
            "eps_latest_yearly": 0,
            "eps_growth_yearly": 0
        },
        "20162": {
            "year_quarter": 20162,
            "year": 2016,
            "quarter": 2,
            "eps": null,
            "eps_growth_year": null,
            "eps_4q": null,
            "eps_4q_growth_year": null,
            "roe": null,
            "roe_4q": 0,
            "gross_profit": null,
            "gross_margin": null,
            "gross_margin_4q_avg": 0,
            "net_income": null,
            "net_income_4q": null,
            "revenue": null,
            "revenue_4q": null,
            "common_shares": 328529,
            "book_valuer_per_share": 17.34,
            "book_valuer_per_share_4q_avg": 9.46,
            "equity": 569516,
            "current_ratio": 231.83,
            "debt_ratio": 43.63,
            "inventory_turnover_ratio": null,
            "account_receivable_turnover_ratio": null,
            "reinvestment_rate": null,
            "research_to_sale_ratio": null,
            "price_fair": 0,
            "eps_avg_yearly": 0,
            "eps_latest_yearly": 0,
            "eps_growth_yearly": 0
        },
        "20163": {
            "year_quarter": 20163,
            "year": 2016,
            "quarter": 3,
            "eps": 1.03,
            "eps_growth_year": null,
            "eps_4q": null,
            "eps_4q_growth_year": null,
            "roe": 5.77,
            "roe_4q": 5.77,
            "gross_profit": 107433,
            "gross_margin": 25.96,
            "gross_margin_4q_avg": 6.49,
            "net_income": 33864,
            "net_income_4q": null,
            "revenue": 413769,
            "revenue_4q": null,
            "common_shares": 328529,
            "book_valuer_per_share": 18.37,
            "book_valuer_per_share_4q_avg": 14.05,
            "equity": 603377,
            "current_ratio": 257.81,
            "debt_ratio": 39.16,
            "inventory_turnover_ratio": 1.13,
            "account_receivable_turnover_ratio": 1.79,
            "reinvestment_rate": null,
            "research_to_sale_ratio": 5.13,
            "price_fair": 0,
            "eps_avg_yearly": 0,
            "eps_latest_yearly": 0,
            "eps_growth_yearly": 0
        },
        "20164": {
            "year_quarter": 20164,
            "year": 2016,
            "quarter": 4,
            "eps": 1.48,
            "eps_growth_year": null,
            "eps_4q": null,
            "eps_4q_growth_year": null,
            "roe": 7.77,
            "roe_4q": 13.54,
            "gross_profit": 115599,
            "gross_margin": 29.02,
            "gross_margin_4q_avg": 13.75,
            "net_income": 48735,
            "net_income_4q": null,
            "revenue": 398404,
            "revenue_4q": null,
            "common_shares": 328529,
            "book_valuer_per_share": 19.82,
            "book_valuer_per_share_4q_avg": 13.88,
            "equity": 651044,
            "current_ratio": 283.91,
            "debt_ratio": 35.78,
            "inventory_turnover_ratio": 1.11,
            "account_receivable_turnover_ratio": 1.77,
            "reinvestment_rate": null,
            "research_to_sale_ratio": 4.69,
            "price_fair": 207.2,
            "eps_avg_yearly": 5.92,
            "eps_latest_yearly": 5.92,
            "eps_growth_yearly": 174.76
        },
        "20171": {
            "year_quarter": 20171,
            "year": 2017,
            "quarter": 1,
            "eps": 0.73,
            "eps_growth_year": null,
            "eps_4q": null,
            "eps_4q_growth_year": null,
            "roe": 2.75,
            "roe_4q": 16.29,
            "gross_profit": 107923,
            "gross_margin": 26.73,
            "gross_margin_4q_avg": 20.43,
            "net_income": 24260,
            "net_income_4q": null,
            "revenue": 403818,
            "revenue_4q": null,
            "common_shares": 394529,
            "book_valuer_per_share": 28.16,
            "book_valuer_per_share_4q_avg": 20.92,
            "equity": 1111053,
            "current_ratio": 440.56,
            "debt_ratio": 23.75,
            "inventory_turnover_ratio": 1.27,
            "account_receivable_turnover_ratio": 1.72,
            "reinvestment_rate": null,
            "research_to_sale_ratio": null,
            "price_fair": 13.26,
            "eps_avg_yearly": 4.42,
            "eps_latest_yearly": 2.92,
            "eps_growth_yearly": -13.97
        },
        "20172": {
            "year_quarter": 20172,
            "year": 2017,
            "quarter": 2,
            "eps": 0.81,
            "eps_growth_year": null,
            "eps_4q": 3.57,
            "eps_4q_growth_year": null,
            "roe": 3.1,
            "roe_4q": 19.39,
            "gross_profit": 93658,
            "gross_margin": 25.26,
            "gross_margin_4q_avg": 26.74,
            "net_income": 31844,
            "net_income_4q": null,
            "revenue": 370824,
            "revenue_4q": null,
            "common_shares": 394529,
            "book_valuer_per_share": 24.35,
            "book_valuer_per_share_4q_avg": 22.68,
            "equity": 945958,
            "current_ratio": 280.17,
            "debt_ratio": 36.23,
            "inventory_turnover_ratio": 1.11,
            "account_receivable_turnover_ratio": 1.57,
            "reinvestment_rate": null,
            "research_to_sale_ratio": 5.03,
            "price_fair": 61.59,
            "eps_avg_yearly": 4.03,
            "eps_latest_yearly": 3.24,
            "eps_growth_yearly": 5.3
        },
        "20173": {
            "year_quarter": 20173,
            "year": 2017,
            "quarter": 3,
            "eps": 1.29,
            "eps_growth_year": 25.24,
            "eps_4q": 4.03,
            "eps_4q_growth_year": null,
            "roe": 5.19,
            "roe_4q": 18.810000000000002,
            "gross_profit": 129052,
            "gross_margin": 25.08,
            "gross_margin_4q_avg": 26.52,
            "net_income": 49446,
            "net_income_4q": null,
            "revenue": 514510,
            "revenue_4q": null,
            "common_shares": 382549,
            "book_valuer_per_share": 25.04,
            "book_valuer_per_share_4q_avg": 24.34,
            "equity": 957948,
            "current_ratio": 300.86,
            "debt_ratio": 33.33,
            "inventory_turnover_ratio": 1.26,
            "account_receivable_turnover_ratio": 1.82,
            "reinvestment_rate": null,
            "research_to_sale_ratio": 4.47,
            "price_fair": 150.85,
            "eps_avg_yearly": 4.31,
            "eps_latest_yearly": 5.16,
            "eps_growth_yearly": 63.23
        },
        "20174": {
            "year_quarter": 20174,
            "year": 2017,
            "quarter": 4,
            "eps": 1.18,
            "eps_growth_year": -20.44,
            "eps_4q": 3.94,
            "eps_4q_growth_year": null,
            "roe": 4.61,
            "roe_4q": 15.65,
            "gross_profit": 133849,
            "gross_margin": 24.43,
            "gross_margin_4q_avg": 25.38,
            "net_income": 45149,
            "net_income_4q": null,
            "revenue": 547871,
            "revenue_4q": null,
            "common_shares": 382549,
            "book_valuer_per_share": 26.2,
            "book_valuer_per_share_4q_avg": 25.94,
            "equity": 1002316,
            "current_ratio": 317.08,
            "debt_ratio": 31.85,
            "inventory_turnover_ratio": 1.17,
            "account_receivable_turnover_ratio": 1.56,
            "reinvestment_rate": null,
            "research_to_sale_ratio": 4.21,
            "price_fair": 153.72,
            "eps_avg_yearly": 4.39,
            "eps_latest_yearly": 4.72,
            "eps_growth_yearly": 43.76
        },
        "20181": {
            "year_quarter": 20181,
            "year": 2018,
            "quarter": 1,
            "eps": 1.19,
            "eps_growth_year": 63.01,
            "eps_4q": 4.5,
            "eps_4q_growth_year": null,
            "roe": 4.45,
            "roe_4q": 17.35,
            "gross_profit": 123977,
            "gross_margin": 25.21,
            "gross_margin_4q_avg": 25,
            "net_income": 45618,
            "net_income_4q": null,
            "revenue": 491784,
            "revenue_4q": null,
            "common_shares": 382549,
            "book_valuer_per_share": 27.4,
            "book_valuer_per_share_4q_avg": 25.75,
            "equity": 1048022,
            "current_ratio": 331.2,
            "debt_ratio": 30.47,
            "inventory_turnover_ratio": 0.88,
            "account_receivable_turnover_ratio": 1.43,
            "reinvestment_rate": null,
            "research_to_sale_ratio": null,
            "price_fair": 155.87,
            "eps_avg_yearly": 4.45,
            "eps_latest_yearly": 4.76,
            "eps_growth_yearly": 37.03
        },
        "20182": {
            "year_quarter": 20182,
            "year": 2018,
            "quarter": 2,
            "eps": 0.89,
            "eps_growth_year": 9.88,
            "eps_4q": 4.56,
            "eps_4q_growth_year": 27.66,
            "roe": 3.45,
            "roe_4q": 17.700000000000003,
            "gross_profit": 97136,
            "gross_margin": 25.57,
            "gross_margin_4q_avg": 25.07,
            "net_income": 34139,
            "net_income_4q": null,
            "revenue": 379925,
            "revenue_4q": null,
            "common_shares": 382549,
            "book_valuer_per_share": 24.29,
            "book_valuer_per_share_4q_avg": 25.73,
            "equity": 929165,
            "current_ratio": 224,
            "debt_ratio": 44.32,
            "inventory_turnover_ratio": 0.49,
            "account_receivable_turnover_ratio": 1.36,
            "reinvestment_rate": null,
            "research_to_sale_ratio": null,
            "price_fair": 118.26,
            "eps_avg_yearly": 4.33,
            "eps_latest_yearly": 3.56,
            "eps_growth_yearly": 17.34
        },
        "20183": {
            "year_quarter": 20183,
            "year": 2018,
            "quarter": 3,
            "eps": 1.14,
            "eps_growth_year": -11.63,
            "eps_4q": 4.41,
            "eps_4q_growth_year": 9.35,
            "roe": 4.61,
            "roe_4q": 17.12,
            "gross_profit": 124832,
            "gross_margin": 26.38,
            "gross_margin_4q_avg": 25.4,
            "net_income": 43809,
            "net_income_4q": null,
            "revenue": 473276,
            "revenue_4q": null,
            "common_shares": 382549,
            "book_valuer_per_share": 25.43,
            "book_valuer_per_share_4q_avg": 25.83,
            "equity": 972933,
            "current_ratio": 338.54,
            "debt_ratio": 29.94,
            "inventory_turnover_ratio": 0.52,
            "account_receivable_turnover_ratio": 1.86,
            "reinvestment_rate": null,
            "research_to_sale_ratio": 3.56,
            "price_fair": 152.43,
            "eps_avg_yearly": 4.36,
            "eps_latest_yearly": 4.56,
            "eps_growth_yearly": 29.22
        },
        "20184": {
            "year_quarter": 20184,
            "year": 2018,
            "quarter": 4,
            "eps": 1.64,
            "eps_growth_year": 38.92,
            "eps_4q": 4.87,
            "eps_4q_growth_year": 23.61,
            "roe": 6.24,
            "roe_4q": 18.75,
            "gross_profit": 153627,
            "gross_margin": 28.1,
            "gross_margin_4q_avg": 26.32,
            "net_income": 62720,
            "net_income_4q": null,
            "revenue": 546769,
            "revenue_4q": null,
            "common_shares": 382549,
            "book_valuer_per_share": 27.08,
            "book_valuer_per_share_4q_avg": 26.05,
            "equity": 1036064,
            "current_ratio": 372.51,
            "debt_ratio": 27.19,
            "inventory_turnover_ratio": 0.67,
            "account_receivable_turnover_ratio": 2.14,
            "reinvestment_rate": null,
            "research_to_sale_ratio": 3.84,
            "price_fair": 161,
            "eps_avg_yearly": 4.6,
            "eps_latest_yearly": 6.56,
            "eps_growth_yearly": 45.46
        },
        "20191": {
            "year_quarter": 20191,
            "year": 2019,
            "quarter": 1,
            "eps": 1.52,
            "eps_growth_year": 27.73,
            "eps_4q": 5.2,
            "eps_4q_growth_year": 15.55,
            "roe": 5.45,
            "roe_4q": 19.75,
            "gross_profit": 128726,
            "gross_margin": 28.54,
            "gross_margin_4q_avg": 27.15,
            "net_income": 58146,
            "net_income_4q": null,
            "revenue": 451063,
            "revenue_4q": null,
            "common_shares": 382549,
            "book_valuer_per_share": 28.65,
            "book_valuer_per_share_4q_avg": 26.36,
            "equity": 1095824,
            "current_ratio": 364.2,
            "debt_ratio": 30.29,
            "inventory_turnover_ratio": 0.66,
            "account_receivable_turnover_ratio": 1.78,
            "reinvestment_rate": null,
            "research_to_sale_ratio": 4.41,
            "price_fair": 166.18,
            "eps_avg_yearly": 4.75,
            "eps_latest_yearly": 6.08,
            "eps_growth_yearly": 37.99
        },
        "20192": {
            "year_quarter": 20192,
            "year": 2019,
            "quarter": 2,
            "eps": 1.15,
            "eps_growth_year": 29.21,
            "eps_4q": 5.45,
            "eps_4q_growth_year": 19.61,
            "roe": 4.25,
            "roe_4q": 20.55,
            "gross_profit": 111662,
            "gross_margin": 25.87,
            "gross_margin_4q_avg": 27.22,
            "net_income": 43873,
            "net_income_4q": null,
            "revenue": 431569,
            "revenue_4q": null,
            "common_shares": 382549,
            "book_valuer_per_share": 25.26,
            "book_valuer_per_share_4q_avg": 26.61,
            "equity": 966485,
            "current_ratio": 251.48,
            "debt_ratio": 41.15,
            "inventory_turnover_ratio": 0.74,
            "account_receivable_turnover_ratio": 1.86,
            "reinvestment_rate": null,
            "research_to_sale_ratio": null,
            "price_fair": 165.71,
            "eps_avg_yearly": 4.73,
            "eps_latest_yearly": 4.6,
            "eps_growth_yearly": 25.68
        },
        "20193": {
            "year_quarter": 20193,
            "year": 2019,
            "quarter": 3,
            "eps": 1.35,
            "eps_growth_year": 18.42,
            "eps_4q": 5.65,
            "eps_4q_growth_year": 28.18,
            "roe": 5.2,
            "roe_4q": 21.14,
            "gross_profit": 134261,
            "gross_margin": 28.8,
            "gross_margin_4q_avg": 27.83,
            "net_income": 51524,
            "net_income_4q": null,
            "revenue": 466142,
            "revenue_4q": null,
            "common_shares": 382549,
            "book_valuer_per_share": 26.57,
            "book_valuer_per_share_4q_avg": 26.89,
            "equity": 1016374,
            "current_ratio": 327.16,
            "debt_ratio": 32.81,
            "inventory_turnover_ratio": 0.91,
            "account_receivable_turnover_ratio": 2.06,
            "reinvestment_rate": null,
            "research_to_sale_ratio": null,
            "price_fair": 167.65,
            "eps_avg_yearly": 4.79,
            "eps_latest_yearly": 5.4,
            "eps_growth_yearly": 29.34
        },
        "20194": {
            "year_quarter": 20194,
            "year": 2019,
            "quarter": 4,
            "eps": 1.39,
            "eps_growth_year": -15.34,
            "eps_4q": 5.4,
            "eps_4q_growth_year": 10.93,
            "roe": 5.1,
            "roe_4q": 20,
            "gross_profit": 156833,
            "gross_margin": 29.84,
            "gross_margin_4q_avg": 28.26,
            "net_income": 53098,
            "net_income_4q": null,
            "revenue": 525619,
            "revenue_4q": null,
            "common_shares": 382549,
            "book_valuer_per_share": 27.91,
            "book_valuer_per_share_4q_avg": 27.1,
            "equity": 1067573,
            "current_ratio": 322.61,
            "debt_ratio": 32.95,
            "inventory_turnover_ratio": 1.22,
            "account_receivable_turnover_ratio": 1.98,
            "reinvestment_rate": null,
            "research_to_sale_ratio": null,
            "price_fair": 169.72,
            "eps_avg_yearly": 4.85,
            "eps_latest_yearly": 5.56,
            "eps_growth_yearly": 28
        },
        "20201": {
            "year_quarter": 20201,
            "year": 2020,
            "quarter": 1,
            "eps": 1.49,
            "eps_growth_year": -1.97,
            "eps_4q": 5.37,
            "eps_4q_growth_year": 3.38,
            "roe": 5.21,
            "roe_4q": 19.759999999999998,
            "gross_profit": 125309,
            "gross_margin": 29.68,
            "gross_margin_4q_avg": 28.55,
            "net_income": 57040,
            "net_income_4q": null,
            "revenue": 422217,
            "revenue_4q": null,
            "common_shares": 382549,
            "book_valuer_per_share": 29.34,
            "book_valuer_per_share_4q_avg": 27.27,
            "equity": 1122360,
            "current_ratio": 315.84,
            "debt_ratio": 32.68,
            "inventory_turnover_ratio": 0.95,
            "account_receivable_turnover_ratio": 1.69,
            "reinvestment_rate": null,
            "research_to_sale_ratio": 4.68,
            "price_fair": 172.5,
            "eps_avg_yearly": 4.93,
            "eps_latest_yearly": 5.96,
            "eps_growth_yearly": 28.05
        },
        "20202": {
            "year_quarter": 20202,
            "year": 2020,
            "quarter": 2,
            "eps": 1.38,
            "eps_growth_year": 20,
            "eps_4q": 5.61,
            "eps_4q_growth_year": 2.83,
            "roe": 4.97,
            "roe_4q": 20.48,
            "gross_profit": 134903,
            "gross_margin": 29.42,
            "gross_margin_4q_avg": 29.44,
            "net_income": 52793,
            "net_income_4q": null,
            "revenue": 458603,
            "revenue_4q": null,
            "common_shares": 382549,
            "book_valuer_per_share": 26.23,
            "book_valuer_per_share_4q_avg": 27.51,
            "equity": 1003329,
            "current_ratio": 232.59,
            "debt_ratio": 42.26,
            "inventory_turnover_ratio": 0.89,
            "account_receivable_turnover_ratio": 1.8,
            "reinvestment_rate": 0.79,
            "research_to_sale_ratio": 5.13,
            "price_fair": 169.97,
            "eps_avg_yearly": 4.97,
            "eps_latest_yearly": 5.52,
            "eps_growth_yearly": 24.21
        },
        "20203": {
            "year_quarter": 20203,
            "year": 2020,
            "quarter": 3,
            "eps": 1.48,
            "eps_growth_year": 9.63,
            "eps_4q": 5.74,
            "eps_4q_growth_year": 1.49,
            "roe": 5.46,
            "roe_4q": 20.740000000000002,
            "gross_profit": 138165,
            "gross_margin": 28.2,
            "gross_margin_4q_avg": 29.29,
            "net_income": 56547,
            "net_income_4q": null,
            "revenue": 489919,
            "revenue_4q": null,
            "common_shares": 382549,
            "book_valuer_per_share": 27.87,
            "book_valuer_per_share_4q_avg": 27.84,
            "equity": 1066254,
            "current_ratio": 354.37,
            "debt_ratio": 28.65,
            "inventory_turnover_ratio": 0.95,
            "account_receivable_turnover_ratio": 1.71,
            "reinvestment_rate": 0.27,
            "research_to_sale_ratio": 4.28,
            "price_fair": 173.5,
            "eps_avg_yearly": 5.03,
            "eps_latest_yearly": 5.92,
            "eps_growth_yearly": 24.51
        },
        "20204": {
            "year_quarter": 20204,
            "year": 2020,
            "quarter": 4,
            "eps": 0.96,
            "eps_growth_year": -30.89,
            "eps_4q": 5.31,
            "eps_4q_growth_year": -1.73,
            "roe": 3.39,
            "roe_4q": 19.03,
            "gross_profit": 117168,
            "gross_margin": 29.25,
            "gross_margin_4q_avg": 29.14,
            "net_income": 36695,
            "net_income_4q": null,
            "revenue": 400564,
            "revenue_4q": null,
            "common_shares": 382549,
            "book_valuer_per_share": 28.72,
            "book_valuer_per_share_4q_avg": 28.04,
            "equity": 1098855,
            "current_ratio": 386.77,
            "debt_ratio": 26.78,
            "inventory_turnover_ratio": 0.87,
            "account_receivable_turnover_ratio": 1.44,
            "reinvestment_rate": -0.48,
            "research_to_sale_ratio": 4.89,
            "price_fair": 72.51,
            "eps_avg_yearly": 4.9,
            "eps_latest_yearly": 3.84,
            "eps_growth_yearly": 4.81
        },
        "20211": {
            "year_quarter": 20211,
            "year": 2021,
            "quarter": 1,
            "eps": 1.2,
            "eps_growth_year": -19.46,
            "eps_4q": 5.02,
            "eps_4q_growth_year": -6.62,
            "roe": 4.08,
            "roe_4q": 17.9,
            "gross_profit": 105291,
            "gross_margin": 32.36,
            "gross_margin_4q_avg": 29.81,
            "net_income": 45884,
            "net_income_4q": null,
            "revenue": 325367,
            "revenue_4q": null,
            "common_shares": 382549,
            "book_valuer_per_share": 30.08,
            "book_valuer_per_share_4q_avg": 28.23,
            "equity": 1150699,
            "current_ratio": 407.34,
            "debt_ratio": 25.14,
            "inventory_turnover_ratio": 0.75,
            "account_receivable_turnover_ratio": 1.4,
            "reinvestment_rate": -0.32,
            "research_to_sale_ratio": 6.07,
            "price_fair": 169.13,
            "eps_avg_yearly": 5.02,
            "eps_latest_yearly": 4.8,
            "eps_growth_yearly": 23.72
        },
        "20212": {
            "year_quarter": 20212,
            "year": 2021,
            "quarter": 2,
            "eps": 0.7,
            "eps_growth_year": -49.28,
            "eps_4q": 4.34,
            "eps_4q_growth_year": -22.58,
            "roe": 2.53,
            "roe_4q": 15.46,
            "gross_profit": 89742,
            "gross_margin": 28.53,
            "gross_margin_4q_avg": 29.59,
            "net_income": 26912,
            "net_income_4q": null,
            "revenue": 314518,
            "revenue_4q": null,
            "common_shares": 382549,
            "book_valuer_per_share": 25.62,
            "book_valuer_per_share_4q_avg": 28.07,
            "equity": 980115,
            "current_ratio": 261.36,
            "debt_ratio": 37.45,
            "inventory_turnover_ratio": 0.78,
            "account_receivable_turnover_ratio": 1.8,
            "reinvestment_rate": -0.46,
            "research_to_sale_ratio": 6.94,
            "price_fair": 102.58,
            "eps_avg_yearly": 4.99,
            "eps_latest_yearly": 2.8,
            "eps_growth_yearly": 10.57
        },
        "20213": {
            "year_quarter": 20213,
            "year": 2021,
            "quarter": 3,
            "eps": 1.14,
            "eps_growth_year": -22.97,
            "eps_4q": 4,
            "eps_4q_growth_year": -30.24,
            "roe": 4.36,
            "roe_4q": 14.360000000000001,
            "gross_profit": 114002,
            "gross_margin": 24.03,
            "gross_margin_4q_avg": 28.54,
            "net_income": 43613,
            "net_income_4q": null,
            "revenue": 474451,
            "revenue_4q": null,
            "common_shares": 382549,
            "book_valuer_per_share": 26.69,
            "book_valuer_per_share_4q_avg": 27.78,
            "equity": 1020881,
            "current_ratio": 308.5,
            "debt_ratio": 31.64,
            "inventory_turnover_ratio": 1.16,
            "account_receivable_turnover_ratio": 2.18,
            "reinvestment_rate": -3.03,
            "research_to_sale_ratio": 4.38,
            "price_fair": 106.26,
            "eps_avg_yearly": 4.95,
            "eps_latest_yearly": 4.56,
            "eps_growth_yearly": 11.47
        },
        "20214": {
            "year_quarter": 20214,
            "year": 2021,
            "quarter": 4,
            "eps": 1.2,
            "eps_growth_year": 24.99,
            "eps_4q": 4.24,
            "eps_4q_growth_year": -20.09,
            "roe": 4.39,
            "roe_4q": 15.36,
            "gross_profit": 116551,
            "gross_margin": 18.46,
            "gross_margin_4q_avg": 25.85,
            "net_income": 45865,
            "net_income_4q": null,
            "revenue": 631432,
            "revenue_4q": null,
            "common_shares": 382549,
            "book_valuer_per_share": 27.89,
            "book_valuer_per_share_4q_avg": 27.57,
            "equity": 1066849,
            "current_ratio": 235.62,
            "debt_ratio": 39.75,
            "inventory_turnover_ratio": 1.52,
            "account_receivable_turnover_ratio": 1.71,
            "reinvestment_rate": -3.98,
            "research_to_sale_ratio": 0.91,
            "price_fair": 123.45,
            "eps_avg_yearly": 4.96,
            "eps_latest_yearly": 4.8,
            "eps_growth_yearly": 14.91
        },
        "20221": {
            "year_quarter": 20221,
            "year": 2022,
            "quarter": 1,
            "eps": 1.49,
            "eps_growth_year": 24.17,
            "eps_4q": 4.53,
            "eps_4q_growth_year": -9.66,
            "roe": 5.2,
            "roe_4q": 16.48,
            "gross_profit": 129405,
            "gross_margin": 25.06,
            "gross_margin_4q_avg": 24.02,
            "net_income": 56980,
            "net_income_4q": null,
            "revenue": 516478,
            "revenue_4q": null,
            "common_shares": 382549,
            "book_valuer_per_share": 29.43,
            "book_valuer_per_share_4q_avg": 27.41,
            "equity": 1125712,
            "current_ratio": 266.99,
            "debt_ratio": 35.01,
            "inventory_turnover_ratio": 1.12,
            "account_receivable_turnover_ratio": 0.98,
            "reinvestment_rate": -3.08,
            "research_to_sale_ratio": 3.44,
            "price_fair": 154.64,
            "eps_avg_yearly": 5.03,
            "eps_latest_yearly": 5.96,
            "eps_growth_yearly": 20.74
        },
        "20222": {
            "year_quarter": 20222,
            "year": 2022,
            "quarter": 2,
            "eps": 0.92,
            "eps_growth_year": 31.43,
            "eps_4q": 4.75,
            "eps_4q_growth_year": 9.51,
            "roe": 3.31,
            "roe_4q": 17.259999999999998,
            "gross_profit": 90618,
            "gross_margin": 23.55,
            "gross_margin_4q_avg": 22.78,
            "net_income": 35376,
            "net_income_4q": null,
            "revenue": 384773,
            "revenue_4q": null,
            "common_shares": 382549,
            "book_valuer_per_share": 26.47,
            "book_valuer_per_share_4q_avg": 27.62,
            "equity": 1012730,
            "current_ratio": 223.47,
            "debt_ratio": 41.22,
            "inventory_turnover_ratio": 0.76,
            "account_receivable_turnover_ratio": 0.77,
            "reinvestment_rate": -2.71,
            "research_to_sale_ratio": null,
            "price_fair": 138.45,
            "eps_avg_yearly": 5.04,
            "eps_latest_yearly": 3.68,
            "eps_growth_yearly": 17.48
        },
        "20223": {
            "year_quarter": 20223,
            "year": 2022,
            "quarter": 3,
            "eps": 1.6,
            "eps_growth_year": 40.35,
            "eps_4q": 5.21,
            "eps_4q_growth_year": 30.27,
            "roe": 5.87,
            "roe_4q": 18.77,
            "gross_profit": 124077,
            "gross_margin": 24.85,
            "gross_margin_4q_avg": 22.98,
            "net_income": 61235,
            "net_income_4q": null,
            "revenue": 499396,
            "revenue_4q": null,
            "common_shares": 382549,
            "book_valuer_per_share": 28.05,
            "book_valuer_per_share_4q_avg": 27.96,
            "equity": 1073157,
            "current_ratio": 253.98,
            "debt_ratio": 36.09,
            "inventory_turnover_ratio": 0.88,
            "account_receivable_turnover_ratio": 1.34,
            "reinvestment_rate": -2.31,
            "research_to_sale_ratio": null,
            "price_fair": 180.34,
            "eps_avg_yearly": 5.15,
            "eps_latest_yearly": 6.4,
            "eps_growth_yearly": 28.94
        },
        "20224": {
            "year_quarter": 20224,
            "year": 2022,
            "quarter": 4,
            "eps": 1.06,
            "eps_growth_year": -11.58,
            "eps_4q": 5.08,
            "eps_4q_growth_year": 19.64,
            "roe": 3.73,
            "roe_4q": 18.11,
            "gross_profit": 117429,
            "gross_margin": 24.2,
            "gross_margin_4q_avg": 24.42,
            "net_income": 40553,
            "net_income_4q": null,
            "revenue": 485315,
            "revenue_4q": null,
            "common_shares": 382549,
            "book_valuer_per_share": 28.82,
            "book_valuer_per_share_4q_avg": 28.19,
            "equity": 1102638,
            "current_ratio": 251.53,
            "debt_ratio": 36.58,
            "inventory_turnover_ratio": 0.89,
            "account_receivable_turnover_ratio": 1.57,
            "reinvestment_rate": -1.75,
            "research_to_sale_ratio": null,
            "price_fair": 97.83,
            "eps_avg_yearly": 5.01,
            "eps_latest_yearly": 4.24,
            "eps_growth_yearly": 9.54
        },
        "20231": {
            "year_quarter": 20231,
            "year": 2023,
            "quarter": 1,
            "eps": 1.51,
            "eps_growth_year": 1.34,
            "eps_4q": 5.1,
            "eps_4q_growth_year": 12.45,
            "roe": 5.11,
            "roe_4q": 18.02,
            "gross_profit": 128365,
            "gross_margin": 26.9,
            "gross_margin_4q_avg": 24.88,
            "net_income": 57784,
            "net_income_4q": null,
            "revenue": 477227,
            "revenue_4q": null,
            "common_shares": 382549,
            "book_valuer_per_share": 30.34,
            "book_valuer_per_share_4q_avg": 28.42,
            "equity": 1160752,
            "current_ratio": 229.38,
            "debt_ratio": 40.36,
            "inventory_turnover_ratio": 0.79,
            "account_receivable_turnover_ratio": 1.59,
            "reinvestment_rate": -0.6,
            "research_to_sale_ratio": 4.26,
            "price_fair": 160.06,
            "eps_avg_yearly": 5.01,
            "eps_latest_yearly": 6.04,
            "eps_growth_yearly": 21.98
        },
        "20232": {
            "year_quarter": 20232,
            "year": 2023,
            "quarter": 2,
            "eps": 1.71,
            "eps_growth_year": 85.87,
            "eps_4q": 5.88,
            "eps_4q_growth_year": 23.68,
            "roe": 5.85,
            "roe_4q": 20.560000000000002,
            "gross_profit": 151359,
            "gross_margin": 21.43,
            "gross_margin_4q_avg": 24.35,
            "net_income": 65317,
            "net_income_4q": null,
            "revenue": 706256,
            "revenue_4q": null,
            "common_shares": 382549,
            "book_valuer_per_share": 28.01,
            "book_valuer_per_share_4q_avg": 28.81,
            "equity": 1071426,
            "current_ratio": 183.71,
            "debt_ratio": 50.13,
            "inventory_turnover_ratio": 1.1,
            "account_receivable_turnover_ratio": 1.67,
            "reinvestment_rate": -0.24,
            "research_to_sale_ratio": 3.04,
            "price_fair": 180.08,
            "eps_avg_yearly": 5.15,
            "eps_latest_yearly": 6.84,
            "eps_growth_yearly": 31.38
        },
        "20233": {
            "year_quarter": 20233,
            "year": 2023,
            "quarter": 3,
            "eps": 2.47,
            "eps_growth_year": 54.38,
            "eps_4q": 6.75,
            "eps_4q_growth_year": 29.48,
            "roe": 8.49,
            "roe_4q": 23.18,
            "gross_profit": 194915,
            "gross_margin": 24.75,
            "gross_margin_4q_avg": 24.32,
            "net_income": 94597,
            "net_income_4q": null,
            "revenue": 787496,
            "revenue_4q": null,
            "common_shares": 382549,
            "book_valuer_per_share": 30.27,
            "book_valuer_per_share_4q_avg": 29.36,
            "equity": 1157895,
            "current_ratio": 209.2,
            "debt_ratio": 45.19,
            "inventory_turnover_ratio": 1.09,
            "account_receivable_turnover_ratio": 1.14,
            "reinvestment_rate": -0.46,
            "research_to_sale_ratio": 2.9,
            "price_fair": 189.88,
            "eps_avg_yearly": 5.43,
            "eps_latest_yearly": 9.88,
            "eps_growth_yearly": 38.14
        }
    },
    "months": {
        "2016-03": {
            "month": "2016-03",
            "price": "81.70",
            "revenue": 166619
        },
        "2016-04": {
            "month": "2016-04",
            "price": "79.60",
            "revenue": 187410
        },
        "2016-05": {
            "month": "2016-05",
            "price": "79.58",
            "revenue": 141076
        },
        "2016-06": {
            "month": "2016-06",
            "price": "77.93",
            "revenue": 130864
        },
        "2016-07": {
            "month": "2016-07",
            "price": "77.37",
            "revenue": 139442
        },
        "2016-08": {
            "month": "2016-08",
            "price": "71.26",
            "revenue": 143198
        },
        "2016-09": {
            "month": "2016-09",
            "price": "71.38",
            "revenue": 131129
        },
        "2016-10": {
            "month": "2016-10",
            "price": "74.85",
            "revenue": 125526
        },
        "2016-11": {
            "month": "2016-11",
            "price": "73.98",
            "revenue": 130200
        },
        "2016-12": {
            "month": "2016-12",
            "price": "71.63",
            "revenue": 142678
        },
        "2017-01": {
            "month": "2017-01",
            "price": "71.96",
            "revenue": 117681
        },
        "2017-02": {
            "month": "2017-02",
            "price": "79.43",
            "revenue": 119950
        },
        "2017-03": {
            "month": "2017-03",
            "price": "85.94",
            "revenue": 166188
        },
        "2017-04": {
            "month": "2017-04",
            "price": "71.86",
            "revenue": 117436
        },
        "2017-05": {
            "month": "2017-05",
            "price": "63.28",
            "revenue": 126483
        },
        "2017-06": {
            "month": "2017-06",
            "price": "64.93",
            "revenue": 126904
        },
        "2017-07": {
            "month": "2017-07",
            "price": "61.27",
            "revenue": 148719
        },
        "2017-08": {
            "month": "2017-08",
            "price": "55.10",
            "revenue": 188898
        },
        "2017-09": {
            "month": "2017-09",
            "price": "56.64",
            "revenue": 176897
        },
        "2017-10": {
            "month": "2017-10",
            "price": "57.09",
            "revenue": 158179
        },
        "2017-11": {
            "month": "2017-11",
            "price": "57.83",
            "revenue": 173060
        },
        "2017-12": {
            "month": "2017-12",
            "price": "56.94",
            "revenue": 174950
        },
        "2018-01": {
            "month": "2018-01",
            "price": "59.05",
            "revenue": 215122
        },
        "2018-02": {
            "month": "2018-02",
            "price": "66.76",
            "revenue": 130291
        },
        "2018-03": {
            "month": "2018-03",
            "price": "74.72",
            "revenue": 146385
        },
        "2018-04": {
            "month": "2018-04",
            "price": "69.06",
            "revenue": 111077
        },
        "2018-05": {
            "month": "2018-05",
            "price": "65.35",
            "revenue": 143787
        },
        "2018-06": {
            "month": "2018-06",
            "price": "65.90",
            "revenue": 124365
        },
        "2018-07": {
            "month": "2018-07",
            "price": "59.83",
            "revenue": 141868
        },
        "2018-08": {
            "month": "2018-08",
            "price": "59.24",
            "revenue": 187838
        },
        "2018-09": {
            "month": "2018-09",
            "price": "59.95",
            "revenue": 143577
        },
        "2018-10": {
            "month": "2018-10",
            "price": "56.24",
            "revenue": 176492
        },
        "2018-11": {
            "month": "2018-11",
            "price": "54.03",
            "revenue": 189342
        },
        "2018-12": {
            "month": "2018-12",
            "price": "58.22",
            "revenue": 180938
        },
        "2019-01": {
            "month": "2019-01",
            "price": "57.03",
            "revenue": 185264
        },
        "2019-02": {
            "month": "2019-02",
            "price": "58.82",
            "revenue": 110762
        },
        "2019-03": {
            "month": "2019-03",
            "price": "60.72",
            "revenue": 154623
        },
        "2019-04": {
            "month": "2019-04",
            "price": "64.72",
            "revenue": 126454
        },
        "2019-05": {
            "month": "2019-05",
            "price": "64.07",
            "revenue": 151291
        },
        "2019-06": {
            "month": "2019-06",
            "price": "65.87",
            "revenue": 154243
        },
        "2019-07": {
            "month": "2019-07",
            "price": "67.84",
            "revenue": 153062
        },
        "2019-08": {
            "month": "2019-08",
            "price": "68.72",
            "revenue": 165931
        },
        "2019-09": {
            "month": "2019-09",
            "price": "66.90",
            "revenue": 147144
        },
        "2019-10": {
            "month": "2019-10",
            "price": "64.90",
            "revenue": 175116
        },
        "2019-11": {
            "month": "2019-11",
            "price": "65.31",
            "revenue": 180193
        },
        "2019-12": {
            "month": "2019-12",
            "price": "68.40",
            "revenue": 170100
        },
        "2020-01": {
            "month": "2020-01",
            "price": "67.11",
            "revenue": 124860
        },
        "2020-02": {
            "month": "2020-02",
            "price": "65.58",
            "revenue": 129396
        },
        "2020-03": {
            "month": "2020-03",
            "price": "61.60",
            "revenue": 167965
        },
        "2020-04": {
            "month": "2020-04",
            "price": "71.08",
            "revenue": 142678
        },
        "2020-05": {
            "month": "2020-05",
            "price": "73.54",
            "revenue": 154672
        },
        "2020-06": {
            "month": "2020-06",
            "price": "79.20",
            "revenue": 161249
        },
        "2020-07": {
            "month": "2020-07",
            "price": "73.26",
            "revenue": 172004
        },
        "2020-08": {
            "month": "2020-08",
            "price": "72.80",
            "revenue": 166130
        },
        "2020-09": {
            "month": "2020-09",
            "price": "71.77",
            "revenue": 151785
        },
        "2020-10": {
            "month": "2020-10",
            "price": "70.52",
            "revenue": 127628
        },
        "2020-11": {
            "month": "2020-11",
            "price": "70.27",
            "revenue": 105670
        },
        "2020-12": {
            "month": "2020-12",
            "price": "66.42",
            "revenue": 167266
        },
        "2021-01": {
            "month": "2021-01",
            "price": "63.60",
            "revenue": 129006
        },
        "2021-02": {
            "month": "2021-02",
            "price": "64.18",
            "revenue": 71174
        },
        "2021-03": {
            "month": "2021-03",
            "price": "68.97",
            "revenue": 125187
        },
        "2021-04": {
            "month": "2021-04",
            "price": "69.87",
            "revenue": 109013
        },
        "2021-05": {
            "month": "2021-05",
            "price": "67.54",
            "revenue": 117223
        },
        "2021-06": {
            "month": "2021-06",
            "price": "67.68",
            "revenue": 88268
        },
        "2021-07": {
            "month": "2021-07",
            "price": "67.57",
            "revenue": 175222
        },
        "2021-08": {
            "month": "2021-08",
            "price": "63.36",
            "revenue": 141198
        },
        "2021-09": {
            "month": "2021-09",
            "price": "62.20",
            "revenue": 158045
        },
        "2021-10": {
            "month": "2021-10",
            "price": "61.42",
            "revenue": 164604
        },
        "2021-11": {
            "month": "2021-11",
            "price": "62.02",
            "revenue": 233203
        },
        "2021-12": {
            "month": "2021-12",
            "price": "64.93",
            "revenue": 220820
        },
        "2022-01": {
            "month": "2022-01",
            "price": "64.45",
            "revenue": 227696
        },
        "2022-02": {
            "month": "2022-02",
            "price": "65.33",
            "revenue": 126669
        },
        "2022-03": {
            "month": "2022-03",
            "price": "64.17",
            "revenue": 161573
        },
        "2022-04": {
            "month": "2022-04",
            "price": "63.78",
            "revenue": 133052
        },
        "2022-05": {
            "month": "2022-05",
            "price": "63.49",
            "revenue": 102345
        },
        "2022-06": {
            "month": "2022-06",
            "price": "62.38",
            "revenue": 149915
        },
        "2022-07": {
            "month": "2022-07",
            "price": "58.28",
            "revenue": 152943
        },
        "2022-08": {
            "month": "2022-08",
            "price": "59.03",
            "revenue": 155499
        },
        "2022-09": {
            "month": "2022-09",
            "price": "58.32",
            "revenue": 190954
        },
        "2022-10": {
            "month": "2022-10",
            "price": "57.04",
            "revenue": 180732
        },
        "2022-11": {
            "month": "2022-11",
            "price": "57.96",
            "revenue": 163400
        },
        "2022-12": {
            "month": "2022-12",
            "price": "58.60",
            "revenue": 141197
        },
        "2023-01": {
            "month": "2023-01",
            "price": "58.64",
            "revenue": 173438
        },
        "2023-02": {
            "month": "2023-02",
            "price": "60.48",
            "revenue": 127508
        },
        "2023-03": {
            "month": "2023-03",
            "price": "63.55",
            "revenue": 176680
        },
        "2023-04": {
            "month": "2023-04",
            "price": "64.94",
            "revenue": 212863
        },
        "2023-05": {
            "month": "2023-05",
            "price": "73.59",
            "revenue": 280939
        },
        "2023-06": {
            "month": "2023-06",
            "price": "113.44",
            "revenue": 212056
        },
        "2023-07": {
            "month": "2023-07",
            "price": "105.52",
            "revenue": 243912
        },
        "2023-08": {
            "month": "2023-08",
            "price": "92.60",
            "revenue": 258487
        },
        "2023-09": {
            "month": "2023-09",
            "price": "92.24",
            "revenue": 286194
        },
        "2023-10": {
            "month": "2023-10",
            "price": "100.44",
            "revenue": 236220
        },
        "2023-11": {
            "month": "2023-11",
            "price": "100.48",
            "revenue": 181811
        }
    }
}
