{
    "summary": {
        "stock_name": "研揚",
        "stock_id": "6579",
        "category": "電腦及週邊設備",
        "main_business": "工業系統產品<br>單板電腦及週邊裝置",
        "website_url": "http://www.aaeon.com",
        "ceo": "林建宏",
        "pe_ratio": 27,
        "report_year_from": 2015,
        "report_year_to": 2023,
        "age": 9,
        "eps_negative_percentage": 0,
        "eps_growth_avg": {
            "last_all": 9.1,
            "last_2y": 31.79,
            "last_4y": 7.1,
            "last_8y": null,
            "last_12y": null,
            "last_16y": null,
            "last_20y": null,
            "at_2006_last_3y": null,
            "at_2007_last_3y": null,
            "at_2008_last_3y": null,
            "at_2009_last_3y": null,
            "at_2010_last_3y": null,
            "at_2011_last_3y": null,
            "at_2012_last_3y": null,
            "at_2013_last_3y": null,
            "at_2014_last_3y": null,
            "at_2015_last_3y": null,
            "at_2016_last_3y": null,
            "at_2017_last_3y": null,
            "at_2018_last_3y": null,
            "at_2019_last_3y": null,
            "at_2020_last_3y": null,
            "at_2021_last_3y": -8.98,
            "at_2022_last_3y": 11.26,
            "at_2023_last_3y": 16.29,
            "at_2024_last_3y": 16.29,
            "at_2006_last_all": null,
            "at_2007_last_all": null,
            "at_2008_last_all": null,
            "at_2009_last_all": null,
            "at_2010_last_all": null,
            "at_2011_last_all": null,
            "at_2012_last_all": null,
            "at_2013_last_all": null,
            "at_2014_last_all": null,
            "at_2015_last_all": null,
            "at_2016_last_all": null,
            "at_2017_last_all": null,
            "at_2018_last_all": null,
            "at_2019_last_all": -5.28,
            "at_2020_last_all": -13.59,
            "at_2021_last_all": -8.98,
            "at_2022_last_all": 12.82,
            "at_2023_last_all": 9.1,
            "at_2024_last_all": 9.1
        },
        "latest_eps": 6.04,
        "latest_price": 165,
        "latest_roe": 10.87,
        "latest_gross_margin": 36,
        "latest_equity": 12121395,
        "latest_revenue": 2025258,
        "latest_gross_profit": 729028,
        "latest_net_income": 118976,
        "latest_debt_ratio": 15.69,
        "latest_current_ratio": 435.18,
        "latest_account_receivable_turnover_ratio": 2.08,
        "latest_inventory_turnover_ratio": 0.82,
        "latest_reinvestment_rate": 37.31,
        "latest_research_to_sale_ratio": 7.26
    },
    "eps_dividends": {
        "2001": {
            "cash": 0,
            "stock": 0,
            "eps": 0
        },
        "2002": {
            "cash": 0,
            "stock": 0,
            "eps": 0
        },
        "2003": {
            "cash": 0,
            "stock": 0,
            "eps": 0
        },
        "2004": {
            "cash": 0,
            "stock": 0,
            "eps": 0
        },
        "2005": {
            "cash": 0,
            "stock": 0,
            "eps": 0
        },
        "2006": {
            "cash": 0,
            "stock": 0,
            "eps": 0
        },
        "2007": {
            "cash": 0,
            "stock": 0,
            "eps": 0
        },
        "2008": {
            "cash": 0,
            "stock": 0,
            "eps": 0
        },
        "2009": {
            "cash": 0,
            "stock": 0,
            "eps": 0
        },
        "2010": {
            "cash": 0,
            "stock": 0,
            "eps": 0
        },
        "2011": {
            "cash": 0,
            "stock": 0,
            "eps": 0
        },
        "2012": {
            "cash": 0,
            "stock": 0,
            "eps": 0
        },
        "2013": {
            "cash": 0,
            "stock": 0,
            "eps": 0
        },
        "2014": {
            "cash": 0,
            "stock": 0,
            "eps": 0
        },
        "2015": {
            "cash": 2.75,
            "stock": 0,
            "eps": 0
        },
        "2016": {
            "cash": 3,
            "stock": 0,
            "eps": 0
        },
        "2017": {
            "cash": 4.75,
            "stock": 0,
            "eps": 5.61
        },
        "2018": {
            "cash": 4.75,
            "stock": 0,
            "eps": 6.68
        },
        "2019": {
            "cash": 4.1,
            "stock": 0,
            "eps": 4.7
        },
        "2020": {
            "cash": 3.2,
            "stock": 0,
            "eps": 3.28
        },
        "2021": {
            "cash": 3,
            "stock": 0,
            "eps": 3.44
        },
        "2022": {
            "cash": 3.1,
            "stock": 0,
            "eps": 9.25
        },
        "2023": {
            "cash": 5,
            "stock": 0,
            "eps": 8.37
        },
        "2024": {
            "cash": 6.5,
            "stock": 0.5,
            "eps": 0
        }
    },
    "dividends": {
        "2015-06-25": {
            "cash": 2.75,
            "stock": 0
        },
        "2016-09-14": {
            "cash": 3,
            "stock": 0
        },
        "2017-09-29": {
            "cash": 4.75,
            "stock": 0
        },
        "2018-07-06": {
            "cash": 4.75,
            "stock": 0
        },
        "2019-07-30": {
            "cash": 4.1,
            "stock": 0
        },
        "2020-07-10": {
            "cash": 3.2,
            "stock": 0
        },
        "2021-08-18": {
            "cash": 3,
            "stock": 0
        },
        "2022-07-20": {
            "cash": 3.1,
            "stock": 0
        },
        "2023-07-20": {
            "cash": 5,
            "stock": 0
        },
        "2024-02-29": {
            "cash": 6.5,
            "stock": 0.5
        }
    },
    "prices": {
        "200101": "無",
        "200102": "無",
        "200103": "無",
        "200104": "無",
        "200105": "無",
        "200106": "無",
        "200107": "無",
        "200108": "無",
        "200109": "無",
        "200110": "無",
        "200111": "無",
        "200112": "無",
        "200201": "無",
        "200202": "無",
        "200203": "無",
        "200204": "無",
        "200205": "無",
        "200206": "無",
        "200207": "無",
        "200208": "無",
        "200209": "無",
        "200210": "無",
        "200211": "無",
        "200212": "無",
        "200301": "無",
        "200302": "無",
        "200303": "無",
        "200304": "無",
        "200305": "無",
        "200306": "無",
        "200307": "無",
        "200308": "無",
        "200309": "無",
        "200310": "無",
        "200311": "無",
        "200312": "無",
        "200401": "無",
        "200402": "無",
        "200403": "無",
        "200404": "無",
        "200405": "無",
        "200406": "無",
        "200407": "無",
        "200408": "無",
        "200409": "無",
        "200410": "無",
        "200411": "無",
        "200412": "無",
        "200501": "無",
        "200502": "無",
        "200503": "無",
        "200504": "無",
        "200505": "無",
        "200506": "無",
        "200507": "無",
        "200508": "無",
        "200509": "無",
        "200510": "無",
        "200511": "無",
        "200512": "無",
        "200601": "無",
        "200602": "無",
        "200603": "無",
        "200604": "無",
        "200605": "無",
        "200606": "無",
        "200607": "無",
        "200608": "無",
        "200609": "無",
        "200610": "無",
        "200611": "無",
        "200612": "無",
        "200701": "無",
        "200702": "無",
        "200703": "無",
        "200704": "無",
        "200705": "無",
        "200706": "無",
        "200707": "無",
        "200708": "無",
        "200709": "無",
        "200710": "無",
        "200711": "無",
        "200712": "無",
        "200801": "無",
        "200802": "無",
        "200803": "無",
        "200804": "無",
        "200805": "無",
        "200806": "無",
        "200807": "無",
        "200808": "無",
        "200809": "無",
        "200810": "無",
        "200811": "無",
        "200812": "無",
        "200901": "無",
        "200902": "無",
        "200903": "無",
        "200904": "無",
        "200905": "無",
        "200906": "無",
        "200907": "無",
        "200908": "無",
        "200909": "無",
        "200910": "無",
        "200911": "無",
        "200912": "無",
        "201001": "無",
        "201002": "無",
        "201003": "無",
        "201004": "無",
        "201005": "無",
        "201006": "無",
        "201007": "無",
        "201008": "無",
        "201009": "無",
        "201010": "無",
        "201011": "無",
        "201012": "無",
        "201101": "無",
        "201102": "無",
        "201103": "無",
        "201104": "無",
        "201105": "無",
        "201106": "無",
        "201107": "無",
        "201108": "無",
        "201109": "無",
        "201110": "無",
        "201111": "無",
        "201112": "無",
        "201201": "無",
        "201202": "無",
        "201203": "無",
        "201204": "無",
        "201205": "無",
        "201206": "無",
        "201207": "無",
        "201208": "無",
        "201209": "無",
        "201210": "無",
        "201211": "無",
        "201212": "無",
        "201301": "無",
        "201302": "無",
        "201303": "無",
        "201304": "無",
        "201305": "無",
        "201306": "無",
        "201307": "無",
        "201308": "無",
        "201309": "無",
        "201310": "無",
        "201311": "無",
        "201312": "無",
        "201401": "無",
        "201402": "無",
        "201403": "無",
        "201404": "無",
        "201405": "無",
        "201406": "無",
        "201407": "無",
        "201408": "無",
        "201409": "無",
        "201410": "無",
        "201411": "無",
        "201412": "無",
        "201501": "無",
        "201502": "無",
        "201503": "無",
        "201504": "無",
        "201505": "無",
        "201506": "無",
        "201507": "無",
        "201508": "無",
        "201509": "無",
        "201510": "無",
        "201511": "無",
        "201512": "無",
        "201601": "無",
        "201602": "無",
        "201603": "無",
        "201604": "無",
        "201605": "無",
        "201606": "125.73",
        "201607": "118.54",
        "201608": "112.54",
        "201609": "107.73",
        "201610": "109.43",
        "201611": "108.90",
        "201612": "113.11",
        "201701": "118.64",
        "201702": "118.04",
        "201703": "117.40",
        "201704": "118.63",
        "201705": "117.89",
        "201706": "116.41",
        "201707": "113.56",
        "201708": "122.43",
        "201709": "102.85",
        "201710": "92.80",
        "201711": "90.85",
        "201712": "90.63",
        "201801": "90.48",
        "201802": "85.25",
        "201803": "87.48",
        "201804": "85.12",
        "201805": "87.28",
        "201806": "86.79",
        "201807": "80.85",
        "201808": "85.25",
        "201809": "85.01",
        "201810": "79.58",
        "201811": "74.64",
        "201812": "73.15",
        "201901": "73.34",
        "201902": "77.22",
        "201903": "76.33",
        "201904": "77.90",
        "201905": "80.27",
        "201906": "82.45",
        "201907": "82.99",
        "201908": "76.26",
        "201909": "74.84",
        "201910": "72.35",
        "201911": "71.94",
        "201912": "72.19",
        "202001": "72.42",
        "202002": "70.10",
        "202003": "63.16",
        "202004": "62.34",
        "202005": "64.30",
        "202006": "68.06",
        "202007": "72.68",
        "202008": "71.10",
        "202009": "70.53",
        "202010": "69.90",
        "202011": "69.83",
        "202012": "74.52",
        "202101": "72.06",
        "202102": "69.00",
        "202103": "69.53",
        "202104": "70.58",
        "202105": "66.66",
        "202106": "68.04",
        "202107": "68.26",
        "202108": "63.62",
        "202109": "61.64",
        "202110": "61.72",
        "202111": "63.48",
        "202112": "66.48",
        "202201": "71.22",
        "202202": "69.58",
        "202203": "71.94",
        "202204": "82.35",
        "202205": "80.10",
        "202206": "79.76",
        "202207": "79.15",
        "202208": "87.60",
        "202209": "83.02",
        "202210": "73.12",
        "202211": "79.39",
        "202212": "86.13",
        "202301": "88.53",
        "202302": "92.11",
        "202303": "95.62",
        "202304": "92.56",
        "202305": "101.30",
        "202306": "129.38",
        "202307": "164.79",
        "202308": "173.82",
        "202309": "149.50",
        "202310": "141.82",
        "202311": "146.70",
        "202312": "148.74",
        "202401": "158.93",
        "202402": "164.31",
        "202403": "160.74",
        "202404": "無"
    },
    "quarters": {
        "20011": {
            "year_quarter": 20011,
            "year": 2001,
            "quarter": 1,
            "eps": null,
            "eps_growth_year": null,
            "eps_4q": null,
            "eps_4q_growth_year": null,
            "roe": null,
            "roe_4q": 0,
            "gross_profit": null,
            "gross_margin": null,
            "gross_margin_4q_avg": 0,
            "net_income": null,
            "net_income_4q": null,
            "revenue": null,
            "revenue_4q": null,
            "common_shares": null,
            "book_valuer_per_share": null,
            "book_valuer_per_share_4q_avg": 0,
            "equity": null,
            "current_ratio": null,
            "debt_ratio": null,
            "inventory_turnover_ratio": null,
            "account_receivable_turnover_ratio": null,
            "reinvestment_rate": null,
            "research_to_sale_ratio": null,
            "price_fair": 0,
            "eps_avg_yearly": 0,
            "eps_latest_yearly": 0,
            "eps_growth_yearly": 0
        },
        "20012": {
            "year_quarter": 20012,
            "year": 2001,
            "quarter": 2,
            "eps": null,
            "eps_growth_year": null,
            "eps_4q": null,
            "eps_4q_growth_year": null,
            "roe": null,
            "roe_4q": 0,
            "gross_profit": null,
            "gross_margin": null,
            "gross_margin_4q_avg": 0,
            "net_income": null,
            "net_income_4q": null,
            "revenue": null,
            "revenue_4q": null,
            "common_shares": null,
            "book_valuer_per_share": null,
            "book_valuer_per_share_4q_avg": 0,
            "equity": null,
            "current_ratio": null,
            "debt_ratio": null,
            "inventory_turnover_ratio": null,
            "account_receivable_turnover_ratio": null,
            "reinvestment_rate": null,
            "research_to_sale_ratio": null,
            "price_fair": 0,
            "eps_avg_yearly": 0,
            "eps_latest_yearly": 0,
            "eps_growth_yearly": 0
        },
        "20013": {
            "year_quarter": 20013,
            "year": 2001,
            "quarter": 3,
            "eps": null,
            "eps_growth_year": null,
            "eps_4q": null,
            "eps_4q_growth_year": null,
            "roe": null,
            "roe_4q": 0,
            "gross_profit": null,
            "gross_margin": null,
            "gross_margin_4q_avg": 0,
            "net_income": null,
            "net_income_4q": null,
            "revenue": null,
            "revenue_4q": null,
            "common_shares": null,
            "book_valuer_per_share": null,
            "book_valuer_per_share_4q_avg": 0,
            "equity": null,
            "current_ratio": null,
            "debt_ratio": null,
            "inventory_turnover_ratio": null,
            "account_receivable_turnover_ratio": null,
            "reinvestment_rate": null,
            "research_to_sale_ratio": null,
            "price_fair": 0,
            "eps_avg_yearly": 0,
            "eps_latest_yearly": 0,
            "eps_growth_yearly": 0
        },
        "20014": {
            "year_quarter": 20014,
            "year": 2001,
            "quarter": 4,
            "eps": null,
            "eps_growth_year": null,
            "eps_4q": null,
            "eps_4q_growth_year": null,
            "roe": null,
            "roe_4q": 0,
            "gross_profit": null,
            "gross_margin": null,
            "gross_margin_4q_avg": 0,
            "net_income": null,
            "net_income_4q": null,
            "revenue": null,
            "revenue_4q": null,
            "common_shares": null,
            "book_valuer_per_share": null,
            "book_valuer_per_share_4q_avg": 0,
            "equity": null,
            "current_ratio": null,
            "debt_ratio": null,
            "inventory_turnover_ratio": null,
            "account_receivable_turnover_ratio": null,
            "reinvestment_rate": null,
            "research_to_sale_ratio": null,
            "price_fair": 0,
            "eps_avg_yearly": 0,
            "eps_latest_yearly": 0,
            "eps_growth_yearly": 0
        },
        "20021": {
            "year_quarter": 20021,
            "year": 2002,
            "quarter": 1,
            "eps": null,
            "eps_growth_year": null,
            "eps_4q": null,
            "eps_4q_growth_year": null,
            "roe": null,
            "roe_4q": 0,
            "gross_profit": null,
            "gross_margin": null,
            "gross_margin_4q_avg": 0,
            "net_income": null,
            "net_income_4q": null,
            "revenue": null,
            "revenue_4q": null,
            "common_shares": null,
            "book_valuer_per_share": null,
            "book_valuer_per_share_4q_avg": 0,
            "equity": null,
            "current_ratio": null,
            "debt_ratio": null,
            "inventory_turnover_ratio": null,
            "account_receivable_turnover_ratio": null,
            "reinvestment_rate": null,
            "research_to_sale_ratio": null,
            "price_fair": 0,
            "eps_avg_yearly": 0,
            "eps_latest_yearly": 0,
            "eps_growth_yearly": 0
        },
        "20022": {
            "year_quarter": 20022,
            "year": 2002,
            "quarter": 2,
            "eps": null,
            "eps_growth_year": null,
            "eps_4q": null,
            "eps_4q_growth_year": null,
            "roe": null,
            "roe_4q": 0,
            "gross_profit": null,
            "gross_margin": null,
            "gross_margin_4q_avg": 0,
            "net_income": null,
            "net_income_4q": null,
            "revenue": null,
            "revenue_4q": null,
            "common_shares": null,
            "book_valuer_per_share": null,
            "book_valuer_per_share_4q_avg": 0,
            "equity": null,
            "current_ratio": null,
            "debt_ratio": null,
            "inventory_turnover_ratio": null,
            "account_receivable_turnover_ratio": null,
            "reinvestment_rate": null,
            "research_to_sale_ratio": null,
            "price_fair": 0,
            "eps_avg_yearly": 0,
            "eps_latest_yearly": 0,
            "eps_growth_yearly": 0
        },
        "20023": {
            "year_quarter": 20023,
            "year": 2002,
            "quarter": 3,
            "eps": null,
            "eps_growth_year": null,
            "eps_4q": null,
            "eps_4q_growth_year": null,
            "roe": null,
            "roe_4q": 0,
            "gross_profit": null,
            "gross_margin": null,
            "gross_margin_4q_avg": 0,
            "net_income": null,
            "net_income_4q": null,
            "revenue": null,
            "revenue_4q": null,
            "common_shares": null,
            "book_valuer_per_share": null,
            "book_valuer_per_share_4q_avg": 0,
            "equity": null,
            "current_ratio": null,
            "debt_ratio": null,
            "inventory_turnover_ratio": null,
            "account_receivable_turnover_ratio": null,
            "reinvestment_rate": null,
            "research_to_sale_ratio": null,
            "price_fair": 0,
            "eps_avg_yearly": 0,
            "eps_latest_yearly": 0,
            "eps_growth_yearly": 0
        },
        "20024": {
            "year_quarter": 20024,
            "year": 2002,
            "quarter": 4,
            "eps": null,
            "eps_growth_year": null,
            "eps_4q": null,
            "eps_4q_growth_year": null,
            "roe": null,
            "roe_4q": 0,
            "gross_profit": null,
            "gross_margin": null,
            "gross_margin_4q_avg": 0,
            "net_income": null,
            "net_income_4q": null,
            "revenue": null,
            "revenue_4q": null,
            "common_shares": null,
            "book_valuer_per_share": null,
            "book_valuer_per_share_4q_avg": 0,
            "equity": null,
            "current_ratio": null,
            "debt_ratio": null,
            "inventory_turnover_ratio": null,
            "account_receivable_turnover_ratio": null,
            "reinvestment_rate": null,
            "research_to_sale_ratio": null,
            "price_fair": 0,
            "eps_avg_yearly": 0,
            "eps_latest_yearly": 0,
            "eps_growth_yearly": 0
        },
        "20031": {
            "year_quarter": 20031,
            "year": 2003,
            "quarter": 1,
            "eps": null,
            "eps_growth_year": null,
            "eps_4q": null,
            "eps_4q_growth_year": null,
            "roe": null,
            "roe_4q": 0,
            "gross_profit": null,
            "gross_margin": null,
            "gross_margin_4q_avg": 0,
            "net_income": null,
            "net_income_4q": null,
            "revenue": null,
            "revenue_4q": null,
            "common_shares": null,
            "book_valuer_per_share": null,
            "book_valuer_per_share_4q_avg": 0,
            "equity": null,
            "current_ratio": null,
            "debt_ratio": null,
            "inventory_turnover_ratio": null,
            "account_receivable_turnover_ratio": null,
            "reinvestment_rate": null,
            "research_to_sale_ratio": null,
            "price_fair": 0,
            "eps_avg_yearly": 0,
            "eps_latest_yearly": 0,
            "eps_growth_yearly": 0
        },
        "20032": {
            "year_quarter": 20032,
            "year": 2003,
            "quarter": 2,
            "eps": null,
            "eps_growth_year": null,
            "eps_4q": null,
            "eps_4q_growth_year": null,
            "roe": null,
            "roe_4q": 0,
            "gross_profit": null,
            "gross_margin": null,
            "gross_margin_4q_avg": 0,
            "net_income": null,
            "net_income_4q": null,
            "revenue": null,
            "revenue_4q": null,
            "common_shares": null,
            "book_valuer_per_share": null,
            "book_valuer_per_share_4q_avg": 0,
            "equity": null,
            "current_ratio": null,
            "debt_ratio": null,
            "inventory_turnover_ratio": null,
            "account_receivable_turnover_ratio": null,
            "reinvestment_rate": null,
            "research_to_sale_ratio": null,
            "price_fair": 0,
            "eps_avg_yearly": 0,
            "eps_latest_yearly": 0,
            "eps_growth_yearly": 0
        },
        "20033": {
            "year_quarter": 20033,
            "year": 2003,
            "quarter": 3,
            "eps": null,
            "eps_growth_year": null,
            "eps_4q": null,
            "eps_4q_growth_year": null,
            "roe": null,
            "roe_4q": 0,
            "gross_profit": null,
            "gross_margin": null,
            "gross_margin_4q_avg": 0,
            "net_income": null,
            "net_income_4q": null,
            "revenue": null,
            "revenue_4q": null,
            "common_shares": null,
            "book_valuer_per_share": null,
            "book_valuer_per_share_4q_avg": 0,
            "equity": null,
            "current_ratio": null,
            "debt_ratio": null,
            "inventory_turnover_ratio": null,
            "account_receivable_turnover_ratio": null,
            "reinvestment_rate": null,
            "research_to_sale_ratio": null,
            "price_fair": 0,
            "eps_avg_yearly": 0,
            "eps_latest_yearly": 0,
            "eps_growth_yearly": 0
        },
        "20034": {
            "year_quarter": 20034,
            "year": 2003,
            "quarter": 4,
            "eps": null,
            "eps_growth_year": null,
            "eps_4q": null,
            "eps_4q_growth_year": null,
            "roe": null,
            "roe_4q": 0,
            "gross_profit": null,
            "gross_margin": null,
            "gross_margin_4q_avg": 0,
            "net_income": null,
            "net_income_4q": null,
            "revenue": null,
            "revenue_4q": null,
            "common_shares": null,
            "book_valuer_per_share": null,
            "book_valuer_per_share_4q_avg": 0,
            "equity": null,
            "current_ratio": null,
            "debt_ratio": null,
            "inventory_turnover_ratio": null,
            "account_receivable_turnover_ratio": null,
            "reinvestment_rate": null,
            "research_to_sale_ratio": null,
            "price_fair": 0,
            "eps_avg_yearly": 0,
            "eps_latest_yearly": 0,
            "eps_growth_yearly": 0
        },
        "20041": {
            "year_quarter": 20041,
            "year": 2004,
            "quarter": 1,
            "eps": null,
            "eps_growth_year": null,
            "eps_4q": null,
            "eps_4q_growth_year": null,
            "roe": null,
            "roe_4q": 0,
            "gross_profit": null,
            "gross_margin": null,
            "gross_margin_4q_avg": 0,
            "net_income": null,
            "net_income_4q": null,
            "revenue": null,
            "revenue_4q": null,
            "common_shares": null,
            "book_valuer_per_share": null,
            "book_valuer_per_share_4q_avg": 0,
            "equity": null,
            "current_ratio": null,
            "debt_ratio": null,
            "inventory_turnover_ratio": null,
            "account_receivable_turnover_ratio": null,
            "reinvestment_rate": null,
            "research_to_sale_ratio": null,
            "price_fair": 0,
            "eps_avg_yearly": 0,
            "eps_latest_yearly": 0,
            "eps_growth_yearly": 0
        },
        "20042": {
            "year_quarter": 20042,
            "year": 2004,
            "quarter": 2,
            "eps": null,
            "eps_growth_year": null,
            "eps_4q": null,
            "eps_4q_growth_year": null,
            "roe": null,
            "roe_4q": 0,
            "gross_profit": null,
            "gross_margin": null,
            "gross_margin_4q_avg": 0,
            "net_income": null,
            "net_income_4q": null,
            "revenue": null,
            "revenue_4q": null,
            "common_shares": null,
            "book_valuer_per_share": null,
            "book_valuer_per_share_4q_avg": 0,
            "equity": null,
            "current_ratio": null,
            "debt_ratio": null,
            "inventory_turnover_ratio": null,
            "account_receivable_turnover_ratio": null,
            "reinvestment_rate": null,
            "research_to_sale_ratio": null,
            "price_fair": 0,
            "eps_avg_yearly": 0,
            "eps_latest_yearly": 0,
            "eps_growth_yearly": 0
        },
        "20043": {
            "year_quarter": 20043,
            "year": 2004,
            "quarter": 3,
            "eps": null,
            "eps_growth_year": null,
            "eps_4q": null,
            "eps_4q_growth_year": null,
            "roe": null,
            "roe_4q": 0,
            "gross_profit": null,
            "gross_margin": null,
            "gross_margin_4q_avg": 0,
            "net_income": null,
            "net_income_4q": null,
            "revenue": null,
            "revenue_4q": null,
            "common_shares": null,
            "book_valuer_per_share": null,
            "book_valuer_per_share_4q_avg": 0,
            "equity": null,
            "current_ratio": null,
            "debt_ratio": null,
            "inventory_turnover_ratio": null,
            "account_receivable_turnover_ratio": null,
            "reinvestment_rate": null,
            "research_to_sale_ratio": null,
            "price_fair": 0,
            "eps_avg_yearly": 0,
            "eps_latest_yearly": 0,
            "eps_growth_yearly": 0
        },
        "20044": {
            "year_quarter": 20044,
            "year": 2004,
            "quarter": 4,
            "eps": null,
            "eps_growth_year": null,
            "eps_4q": null,
            "eps_4q_growth_year": null,
            "roe": null,
            "roe_4q": 0,
            "gross_profit": null,
            "gross_margin": null,
            "gross_margin_4q_avg": 0,
            "net_income": null,
            "net_income_4q": null,
            "revenue": null,
            "revenue_4q": null,
            "common_shares": null,
            "book_valuer_per_share": null,
            "book_valuer_per_share_4q_avg": 0,
            "equity": null,
            "current_ratio": null,
            "debt_ratio": null,
            "inventory_turnover_ratio": null,
            "account_receivable_turnover_ratio": null,
            "reinvestment_rate": null,
            "research_to_sale_ratio": null,
            "price_fair": 0,
            "eps_avg_yearly": 0,
            "eps_latest_yearly": 0,
            "eps_growth_yearly": 0
        },
        "20051": {
            "year_quarter": 20051,
            "year": 2005,
            "quarter": 1,
            "eps": null,
            "eps_growth_year": null,
            "eps_4q": null,
            "eps_4q_growth_year": null,
            "roe": null,
            "roe_4q": 0,
            "gross_profit": null,
            "gross_margin": null,
            "gross_margin_4q_avg": 0,
            "net_income": null,
            "net_income_4q": null,
            "revenue": null,
            "revenue_4q": null,
            "common_shares": null,
            "book_valuer_per_share": null,
            "book_valuer_per_share_4q_avg": 0,
            "equity": null,
            "current_ratio": null,
            "debt_ratio": null,
            "inventory_turnover_ratio": null,
            "account_receivable_turnover_ratio": null,
            "reinvestment_rate": null,
            "research_to_sale_ratio": null,
            "price_fair": 0,
            "eps_avg_yearly": 0,
            "eps_latest_yearly": 0,
            "eps_growth_yearly": 0
        },
        "20052": {
            "year_quarter": 20052,
            "year": 2005,
            "quarter": 2,
            "eps": null,
            "eps_growth_year": null,
            "eps_4q": null,
            "eps_4q_growth_year": null,
            "roe": null,
            "roe_4q": 0,
            "gross_profit": null,
            "gross_margin": null,
            "gross_margin_4q_avg": 0,
            "net_income": null,
            "net_income_4q": null,
            "revenue": null,
            "revenue_4q": null,
            "common_shares": null,
            "book_valuer_per_share": null,
            "book_valuer_per_share_4q_avg": 0,
            "equity": null,
            "current_ratio": null,
            "debt_ratio": null,
            "inventory_turnover_ratio": null,
            "account_receivable_turnover_ratio": null,
            "reinvestment_rate": null,
            "research_to_sale_ratio": null,
            "price_fair": 0,
            "eps_avg_yearly": 0,
            "eps_latest_yearly": 0,
            "eps_growth_yearly": 0
        },
        "20053": {
            "year_quarter": 20053,
            "year": 2005,
            "quarter": 3,
            "eps": null,
            "eps_growth_year": null,
            "eps_4q": null,
            "eps_4q_growth_year": null,
            "roe": null,
            "roe_4q": 0,
            "gross_profit": null,
            "gross_margin": null,
            "gross_margin_4q_avg": 0,
            "net_income": null,
            "net_income_4q": null,
            "revenue": null,
            "revenue_4q": null,
            "common_shares": null,
            "book_valuer_per_share": null,
            "book_valuer_per_share_4q_avg": 0,
            "equity": null,
            "current_ratio": null,
            "debt_ratio": null,
            "inventory_turnover_ratio": null,
            "account_receivable_turnover_ratio": null,
            "reinvestment_rate": null,
            "research_to_sale_ratio": null,
            "price_fair": 0,
            "eps_avg_yearly": 0,
            "eps_latest_yearly": 0,
            "eps_growth_yearly": 0
        },
        "20054": {
            "year_quarter": 20054,
            "year": 2005,
            "quarter": 4,
            "eps": null,
            "eps_growth_year": null,
            "eps_4q": null,
            "eps_4q_growth_year": null,
            "roe": null,
            "roe_4q": 0,
            "gross_profit": null,
            "gross_margin": null,
            "gross_margin_4q_avg": 0,
            "net_income": null,
            "net_income_4q": null,
            "revenue": null,
            "revenue_4q": null,
            "common_shares": null,
            "book_valuer_per_share": null,
            "book_valuer_per_share_4q_avg": 0,
            "equity": null,
            "current_ratio": null,
            "debt_ratio": null,
            "inventory_turnover_ratio": null,
            "account_receivable_turnover_ratio": null,
            "reinvestment_rate": null,
            "research_to_sale_ratio": null,
            "price_fair": 0,
            "eps_avg_yearly": 0,
            "eps_latest_yearly": 0,
            "eps_growth_yearly": 0
        },
        "20061": {
            "year_quarter": 20061,
            "year": 2006,
            "quarter": 1,
            "eps": null,
            "eps_growth_year": null,
            "eps_4q": null,
            "eps_4q_growth_year": null,
            "roe": null,
            "roe_4q": 0,
            "gross_profit": null,
            "gross_margin": null,
            "gross_margin_4q_avg": 0,
            "net_income": null,
            "net_income_4q": null,
            "revenue": null,
            "revenue_4q": null,
            "common_shares": null,
            "book_valuer_per_share": null,
            "book_valuer_per_share_4q_avg": 0,
            "equity": null,
            "current_ratio": null,
            "debt_ratio": null,
            "inventory_turnover_ratio": null,
            "account_receivable_turnover_ratio": null,
            "reinvestment_rate": null,
            "research_to_sale_ratio": null,
            "price_fair": 0,
            "eps_avg_yearly": 0,
            "eps_latest_yearly": 0,
            "eps_growth_yearly": 0
        },
        "20062": {
            "year_quarter": 20062,
            "year": 2006,
            "quarter": 2,
            "eps": null,
            "eps_growth_year": null,
            "eps_4q": null,
            "eps_4q_growth_year": null,
            "roe": null,
            "roe_4q": 0,
            "gross_profit": null,
            "gross_margin": null,
            "gross_margin_4q_avg": 0,
            "net_income": null,
            "net_income_4q": null,
            "revenue": null,
            "revenue_4q": null,
            "common_shares": null,
            "book_valuer_per_share": null,
            "book_valuer_per_share_4q_avg": 0,
            "equity": null,
            "current_ratio": null,
            "debt_ratio": null,
            "inventory_turnover_ratio": null,
            "account_receivable_turnover_ratio": null,
            "reinvestment_rate": null,
            "research_to_sale_ratio": null,
            "price_fair": 0,
            "eps_avg_yearly": 0,
            "eps_latest_yearly": 0,
            "eps_growth_yearly": 0
        },
        "20063": {
            "year_quarter": 20063,
            "year": 2006,
            "quarter": 3,
            "eps": null,
            "eps_growth_year": null,
            "eps_4q": null,
            "eps_4q_growth_year": null,
            "roe": null,
            "roe_4q": 0,
            "gross_profit": null,
            "gross_margin": null,
            "gross_margin_4q_avg": 0,
            "net_income": null,
            "net_income_4q": null,
            "revenue": null,
            "revenue_4q": null,
            "common_shares": null,
            "book_valuer_per_share": null,
            "book_valuer_per_share_4q_avg": 0,
            "equity": null,
            "current_ratio": null,
            "debt_ratio": null,
            "inventory_turnover_ratio": null,
            "account_receivable_turnover_ratio": null,
            "reinvestment_rate": null,
            "research_to_sale_ratio": null,
            "price_fair": 0,
            "eps_avg_yearly": 0,
            "eps_latest_yearly": 0,
            "eps_growth_yearly": 0
        },
        "20064": {
            "year_quarter": 20064,
            "year": 2006,
            "quarter": 4,
            "eps": null,
            "eps_growth_year": null,
            "eps_4q": null,
            "eps_4q_growth_year": null,
            "roe": null,
            "roe_4q": 0,
            "gross_profit": null,
            "gross_margin": null,
            "gross_margin_4q_avg": 0,
            "net_income": null,
            "net_income_4q": null,
            "revenue": null,
            "revenue_4q": null,
            "common_shares": null,
            "book_valuer_per_share": null,
            "book_valuer_per_share_4q_avg": 0,
            "equity": null,
            "current_ratio": null,
            "debt_ratio": null,
            "inventory_turnover_ratio": null,
            "account_receivable_turnover_ratio": null,
            "reinvestment_rate": null,
            "research_to_sale_ratio": null,
            "price_fair": 0,
            "eps_avg_yearly": 0,
            "eps_latest_yearly": 0,
            "eps_growth_yearly": 0
        },
        "20071": {
            "year_quarter": 20071,
            "year": 2007,
            "quarter": 1,
            "eps": null,
            "eps_growth_year": null,
            "eps_4q": null,
            "eps_4q_growth_year": null,
            "roe": null,
            "roe_4q": 0,
            "gross_profit": null,
            "gross_margin": null,
            "gross_margin_4q_avg": 0,
            "net_income": null,
            "net_income_4q": null,
            "revenue": null,
            "revenue_4q": null,
            "common_shares": null,
            "book_valuer_per_share": null,
            "book_valuer_per_share_4q_avg": 0,
            "equity": null,
            "current_ratio": null,
            "debt_ratio": null,
            "inventory_turnover_ratio": null,
            "account_receivable_turnover_ratio": null,
            "reinvestment_rate": null,
            "research_to_sale_ratio": null,
            "price_fair": 0,
            "eps_avg_yearly": 0,
            "eps_latest_yearly": 0,
            "eps_growth_yearly": 0
        },
        "20072": {
            "year_quarter": 20072,
            "year": 2007,
            "quarter": 2,
            "eps": null,
            "eps_growth_year": null,
            "eps_4q": null,
            "eps_4q_growth_year": null,
            "roe": null,
            "roe_4q": 0,
            "gross_profit": null,
            "gross_margin": null,
            "gross_margin_4q_avg": 0,
            "net_income": null,
            "net_income_4q": null,
            "revenue": null,
            "revenue_4q": null,
            "common_shares": null,
            "book_valuer_per_share": null,
            "book_valuer_per_share_4q_avg": 0,
            "equity": null,
            "current_ratio": null,
            "debt_ratio": null,
            "inventory_turnover_ratio": null,
            "account_receivable_turnover_ratio": null,
            "reinvestment_rate": null,
            "research_to_sale_ratio": null,
            "price_fair": 0,
            "eps_avg_yearly": 0,
            "eps_latest_yearly": 0,
            "eps_growth_yearly": 0
        },
        "20073": {
            "year_quarter": 20073,
            "year": 2007,
            "quarter": 3,
            "eps": null,
            "eps_growth_year": null,
            "eps_4q": null,
            "eps_4q_growth_year": null,
            "roe": null,
            "roe_4q": 0,
            "gross_profit": null,
            "gross_margin": null,
            "gross_margin_4q_avg": 0,
            "net_income": null,
            "net_income_4q": null,
            "revenue": null,
            "revenue_4q": null,
            "common_shares": null,
            "book_valuer_per_share": null,
            "book_valuer_per_share_4q_avg": 0,
            "equity": null,
            "current_ratio": null,
            "debt_ratio": null,
            "inventory_turnover_ratio": null,
            "account_receivable_turnover_ratio": null,
            "reinvestment_rate": null,
            "research_to_sale_ratio": null,
            "price_fair": 0,
            "eps_avg_yearly": 0,
            "eps_latest_yearly": 0,
            "eps_growth_yearly": 0
        },
        "20074": {
            "year_quarter": 20074,
            "year": 2007,
            "quarter": 4,
            "eps": null,
            "eps_growth_year": null,
            "eps_4q": null,
            "eps_4q_growth_year": null,
            "roe": null,
            "roe_4q": 0,
            "gross_profit": null,
            "gross_margin": null,
            "gross_margin_4q_avg": 0,
            "net_income": null,
            "net_income_4q": null,
            "revenue": null,
            "revenue_4q": null,
            "common_shares": null,
            "book_valuer_per_share": null,
            "book_valuer_per_share_4q_avg": 0,
            "equity": null,
            "current_ratio": null,
            "debt_ratio": null,
            "inventory_turnover_ratio": null,
            "account_receivable_turnover_ratio": null,
            "reinvestment_rate": null,
            "research_to_sale_ratio": null,
            "price_fair": 0,
            "eps_avg_yearly": 0,
            "eps_latest_yearly": 0,
            "eps_growth_yearly": 0
        },
        "20081": {
            "year_quarter": 20081,
            "year": 2008,
            "quarter": 1,
            "eps": null,
            "eps_growth_year": null,
            "eps_4q": null,
            "eps_4q_growth_year": null,
            "roe": null,
            "roe_4q": 0,
            "gross_profit": null,
            "gross_margin": null,
            "gross_margin_4q_avg": 0,
            "net_income": null,
            "net_income_4q": null,
            "revenue": null,
            "revenue_4q": null,
            "common_shares": null,
            "book_valuer_per_share": null,
            "book_valuer_per_share_4q_avg": 0,
            "equity": null,
            "current_ratio": null,
            "debt_ratio": null,
            "inventory_turnover_ratio": null,
            "account_receivable_turnover_ratio": null,
            "reinvestment_rate": null,
            "research_to_sale_ratio": null,
            "price_fair": 0,
            "eps_avg_yearly": 0,
            "eps_latest_yearly": 0,
            "eps_growth_yearly": 0
        },
        "20082": {
            "year_quarter": 20082,
            "year": 2008,
            "quarter": 2,
            "eps": null,
            "eps_growth_year": null,
            "eps_4q": null,
            "eps_4q_growth_year": null,
            "roe": null,
            "roe_4q": 0,
            "gross_profit": null,
            "gross_margin": null,
            "gross_margin_4q_avg": 0,
            "net_income": null,
            "net_income_4q": null,
            "revenue": null,
            "revenue_4q": null,
            "common_shares": null,
            "book_valuer_per_share": null,
            "book_valuer_per_share_4q_avg": 0,
            "equity": null,
            "current_ratio": null,
            "debt_ratio": null,
            "inventory_turnover_ratio": null,
            "account_receivable_turnover_ratio": null,
            "reinvestment_rate": null,
            "research_to_sale_ratio": null,
            "price_fair": 0,
            "eps_avg_yearly": 0,
            "eps_latest_yearly": 0,
            "eps_growth_yearly": 0
        },
        "20083": {
            "year_quarter": 20083,
            "year": 2008,
            "quarter": 3,
            "eps": null,
            "eps_growth_year": null,
            "eps_4q": null,
            "eps_4q_growth_year": null,
            "roe": null,
            "roe_4q": 0,
            "gross_profit": null,
            "gross_margin": null,
            "gross_margin_4q_avg": 0,
            "net_income": null,
            "net_income_4q": null,
            "revenue": null,
            "revenue_4q": null,
            "common_shares": null,
            "book_valuer_per_share": null,
            "book_valuer_per_share_4q_avg": 0,
            "equity": null,
            "current_ratio": null,
            "debt_ratio": null,
            "inventory_turnover_ratio": null,
            "account_receivable_turnover_ratio": null,
            "reinvestment_rate": null,
            "research_to_sale_ratio": null,
            "price_fair": 0,
            "eps_avg_yearly": 0,
            "eps_latest_yearly": 0,
            "eps_growth_yearly": 0
        },
        "20084": {
            "year_quarter": 20084,
            "year": 2008,
            "quarter": 4,
            "eps": null,
            "eps_growth_year": null,
            "eps_4q": null,
            "eps_4q_growth_year": null,
            "roe": null,
            "roe_4q": 0,
            "gross_profit": null,
            "gross_margin": null,
            "gross_margin_4q_avg": 0,
            "net_income": null,
            "net_income_4q": null,
            "revenue": null,
            "revenue_4q": null,
            "common_shares": null,
            "book_valuer_per_share": null,
            "book_valuer_per_share_4q_avg": 0,
            "equity": null,
            "current_ratio": null,
            "debt_ratio": null,
            "inventory_turnover_ratio": null,
            "account_receivable_turnover_ratio": null,
            "reinvestment_rate": null,
            "research_to_sale_ratio": null,
            "price_fair": 0,
            "eps_avg_yearly": 0,
            "eps_latest_yearly": 0,
            "eps_growth_yearly": 0
        },
        "20091": {
            "year_quarter": 20091,
            "year": 2009,
            "quarter": 1,
            "eps": null,
            "eps_growth_year": null,
            "eps_4q": null,
            "eps_4q_growth_year": null,
            "roe": null,
            "roe_4q": 0,
            "gross_profit": null,
            "gross_margin": null,
            "gross_margin_4q_avg": 0,
            "net_income": null,
            "net_income_4q": null,
            "revenue": null,
            "revenue_4q": null,
            "common_shares": null,
            "book_valuer_per_share": null,
            "book_valuer_per_share_4q_avg": 0,
            "equity": null,
            "current_ratio": null,
            "debt_ratio": null,
            "inventory_turnover_ratio": null,
            "account_receivable_turnover_ratio": null,
            "reinvestment_rate": null,
            "research_to_sale_ratio": null,
            "price_fair": 0,
            "eps_avg_yearly": 0,
            "eps_latest_yearly": 0,
            "eps_growth_yearly": 0
        },
        "20092": {
            "year_quarter": 20092,
            "year": 2009,
            "quarter": 2,
            "eps": null,
            "eps_growth_year": null,
            "eps_4q": null,
            "eps_4q_growth_year": null,
            "roe": null,
            "roe_4q": 0,
            "gross_profit": null,
            "gross_margin": null,
            "gross_margin_4q_avg": 0,
            "net_income": null,
            "net_income_4q": null,
            "revenue": null,
            "revenue_4q": null,
            "common_shares": null,
            "book_valuer_per_share": null,
            "book_valuer_per_share_4q_avg": 0,
            "equity": null,
            "current_ratio": null,
            "debt_ratio": null,
            "inventory_turnover_ratio": null,
            "account_receivable_turnover_ratio": null,
            "reinvestment_rate": null,
            "research_to_sale_ratio": null,
            "price_fair": 0,
            "eps_avg_yearly": 0,
            "eps_latest_yearly": 0,
            "eps_growth_yearly": 0
        },
        "20093": {
            "year_quarter": 20093,
            "year": 2009,
            "quarter": 3,
            "eps": null,
            "eps_growth_year": null,
            "eps_4q": null,
            "eps_4q_growth_year": null,
            "roe": null,
            "roe_4q": 0,
            "gross_profit": null,
            "gross_margin": null,
            "gross_margin_4q_avg": 0,
            "net_income": null,
            "net_income_4q": null,
            "revenue": null,
            "revenue_4q": null,
            "common_shares": null,
            "book_valuer_per_share": null,
            "book_valuer_per_share_4q_avg": 0,
            "equity": null,
            "current_ratio": null,
            "debt_ratio": null,
            "inventory_turnover_ratio": null,
            "account_receivable_turnover_ratio": null,
            "reinvestment_rate": null,
            "research_to_sale_ratio": null,
            "price_fair": 0,
            "eps_avg_yearly": 0,
            "eps_latest_yearly": 0,
            "eps_growth_yearly": 0
        },
        "20094": {
            "year_quarter": 20094,
            "year": 2009,
            "quarter": 4,
            "eps": null,
            "eps_growth_year": null,
            "eps_4q": null,
            "eps_4q_growth_year": null,
            "roe": null,
            "roe_4q": 0,
            "gross_profit": null,
            "gross_margin": null,
            "gross_margin_4q_avg": 0,
            "net_income": null,
            "net_income_4q": null,
            "revenue": null,
            "revenue_4q": null,
            "common_shares": null,
            "book_valuer_per_share": null,
            "book_valuer_per_share_4q_avg": 0,
            "equity": null,
            "current_ratio": null,
            "debt_ratio": null,
            "inventory_turnover_ratio": null,
            "account_receivable_turnover_ratio": null,
            "reinvestment_rate": null,
            "research_to_sale_ratio": null,
            "price_fair": 0,
            "eps_avg_yearly": 0,
            "eps_latest_yearly": 0,
            "eps_growth_yearly": 0
        },
        "20101": {
            "year_quarter": 20101,
            "year": 2010,
            "quarter": 1,
            "eps": null,
            "eps_growth_year": null,
            "eps_4q": null,
            "eps_4q_growth_year": null,
            "roe": null,
            "roe_4q": 0,
            "gross_profit": null,
            "gross_margin": null,
            "gross_margin_4q_avg": 0,
            "net_income": null,
            "net_income_4q": null,
            "revenue": null,
            "revenue_4q": null,
            "common_shares": null,
            "book_valuer_per_share": null,
            "book_valuer_per_share_4q_avg": 0,
            "equity": null,
            "current_ratio": null,
            "debt_ratio": null,
            "inventory_turnover_ratio": null,
            "account_receivable_turnover_ratio": null,
            "reinvestment_rate": null,
            "research_to_sale_ratio": null,
            "price_fair": 0,
            "eps_avg_yearly": 0,
            "eps_latest_yearly": 0,
            "eps_growth_yearly": 0
        },
        "20102": {
            "year_quarter": 20102,
            "year": 2010,
            "quarter": 2,
            "eps": null,
            "eps_growth_year": null,
            "eps_4q": null,
            "eps_4q_growth_year": null,
            "roe": null,
            "roe_4q": 0,
            "gross_profit": null,
            "gross_margin": null,
            "gross_margin_4q_avg": 0,
            "net_income": null,
            "net_income_4q": null,
            "revenue": null,
            "revenue_4q": null,
            "common_shares": null,
            "book_valuer_per_share": null,
            "book_valuer_per_share_4q_avg": 0,
            "equity": null,
            "current_ratio": null,
            "debt_ratio": null,
            "inventory_turnover_ratio": null,
            "account_receivable_turnover_ratio": null,
            "reinvestment_rate": null,
            "research_to_sale_ratio": null,
            "price_fair": 0,
            "eps_avg_yearly": 0,
            "eps_latest_yearly": 0,
            "eps_growth_yearly": 0
        },
        "20103": {
            "year_quarter": 20103,
            "year": 2010,
            "quarter": 3,
            "eps": null,
            "eps_growth_year": null,
            "eps_4q": null,
            "eps_4q_growth_year": null,
            "roe": null,
            "roe_4q": 0,
            "gross_profit": null,
            "gross_margin": null,
            "gross_margin_4q_avg": 0,
            "net_income": null,
            "net_income_4q": null,
            "revenue": null,
            "revenue_4q": null,
            "common_shares": null,
            "book_valuer_per_share": null,
            "book_valuer_per_share_4q_avg": 0,
            "equity": null,
            "current_ratio": null,
            "debt_ratio": null,
            "inventory_turnover_ratio": null,
            "account_receivable_turnover_ratio": null,
            "reinvestment_rate": null,
            "research_to_sale_ratio": null,
            "price_fair": 0,
            "eps_avg_yearly": 0,
            "eps_latest_yearly": 0,
            "eps_growth_yearly": 0
        },
        "20104": {
            "year_quarter": 20104,
            "year": 2010,
            "quarter": 4,
            "eps": null,
            "eps_growth_year": null,
            "eps_4q": null,
            "eps_4q_growth_year": null,
            "roe": null,
            "roe_4q": 0,
            "gross_profit": null,
            "gross_margin": null,
            "gross_margin_4q_avg": 0,
            "net_income": null,
            "net_income_4q": null,
            "revenue": null,
            "revenue_4q": null,
            "common_shares": null,
            "book_valuer_per_share": null,
            "book_valuer_per_share_4q_avg": 0,
            "equity": null,
            "current_ratio": null,
            "debt_ratio": null,
            "inventory_turnover_ratio": null,
            "account_receivable_turnover_ratio": null,
            "reinvestment_rate": null,
            "research_to_sale_ratio": null,
            "price_fair": 0,
            "eps_avg_yearly": 0,
            "eps_latest_yearly": 0,
            "eps_growth_yearly": 0
        },
        "20111": {
            "year_quarter": 20111,
            "year": 2011,
            "quarter": 1,
            "eps": null,
            "eps_growth_year": null,
            "eps_4q": null,
            "eps_4q_growth_year": null,
            "roe": null,
            "roe_4q": 0,
            "gross_profit": null,
            "gross_margin": null,
            "gross_margin_4q_avg": 0,
            "net_income": null,
            "net_income_4q": null,
            "revenue": null,
            "revenue_4q": null,
            "common_shares": null,
            "book_valuer_per_share": null,
            "book_valuer_per_share_4q_avg": 0,
            "equity": null,
            "current_ratio": null,
            "debt_ratio": null,
            "inventory_turnover_ratio": null,
            "account_receivable_turnover_ratio": null,
            "reinvestment_rate": null,
            "research_to_sale_ratio": null,
            "price_fair": 0,
            "eps_avg_yearly": 0,
            "eps_latest_yearly": 0,
            "eps_growth_yearly": 0
        },
        "20112": {
            "year_quarter": 20112,
            "year": 2011,
            "quarter": 2,
            "eps": null,
            "eps_growth_year": null,
            "eps_4q": null,
            "eps_4q_growth_year": null,
            "roe": null,
            "roe_4q": 0,
            "gross_profit": null,
            "gross_margin": null,
            "gross_margin_4q_avg": 0,
            "net_income": null,
            "net_income_4q": null,
            "revenue": null,
            "revenue_4q": null,
            "common_shares": null,
            "book_valuer_per_share": null,
            "book_valuer_per_share_4q_avg": 0,
            "equity": null,
            "current_ratio": null,
            "debt_ratio": null,
            "inventory_turnover_ratio": null,
            "account_receivable_turnover_ratio": null,
            "reinvestment_rate": null,
            "research_to_sale_ratio": null,
            "price_fair": 0,
            "eps_avg_yearly": 0,
            "eps_latest_yearly": 0,
            "eps_growth_yearly": 0
        },
        "20113": {
            "year_quarter": 20113,
            "year": 2011,
            "quarter": 3,
            "eps": null,
            "eps_growth_year": null,
            "eps_4q": null,
            "eps_4q_growth_year": null,
            "roe": null,
            "roe_4q": 0,
            "gross_profit": null,
            "gross_margin": null,
            "gross_margin_4q_avg": 0,
            "net_income": null,
            "net_income_4q": null,
            "revenue": null,
            "revenue_4q": null,
            "common_shares": null,
            "book_valuer_per_share": null,
            "book_valuer_per_share_4q_avg": 0,
            "equity": null,
            "current_ratio": null,
            "debt_ratio": null,
            "inventory_turnover_ratio": null,
            "account_receivable_turnover_ratio": null,
            "reinvestment_rate": null,
            "research_to_sale_ratio": null,
            "price_fair": 0,
            "eps_avg_yearly": 0,
            "eps_latest_yearly": 0,
            "eps_growth_yearly": 0
        },
        "20114": {
            "year_quarter": 20114,
            "year": 2011,
            "quarter": 4,
            "eps": null,
            "eps_growth_year": null,
            "eps_4q": null,
            "eps_4q_growth_year": null,
            "roe": null,
            "roe_4q": 0,
            "gross_profit": null,
            "gross_margin": null,
            "gross_margin_4q_avg": 0,
            "net_income": null,
            "net_income_4q": null,
            "revenue": null,
            "revenue_4q": null,
            "common_shares": null,
            "book_valuer_per_share": null,
            "book_valuer_per_share_4q_avg": 0,
            "equity": null,
            "current_ratio": null,
            "debt_ratio": null,
            "inventory_turnover_ratio": null,
            "account_receivable_turnover_ratio": null,
            "reinvestment_rate": null,
            "research_to_sale_ratio": null,
            "price_fair": 0,
            "eps_avg_yearly": 0,
            "eps_latest_yearly": 0,
            "eps_growth_yearly": 0
        },
        "20121": {
            "year_quarter": 20121,
            "year": 2012,
            "quarter": 1,
            "eps": null,
            "eps_growth_year": null,
            "eps_4q": null,
            "eps_4q_growth_year": null,
            "roe": null,
            "roe_4q": 0,
            "gross_profit": null,
            "gross_margin": null,
            "gross_margin_4q_avg": 0,
            "net_income": null,
            "net_income_4q": null,
            "revenue": null,
            "revenue_4q": null,
            "common_shares": null,
            "book_valuer_per_share": null,
            "book_valuer_per_share_4q_avg": 0,
            "equity": null,
            "current_ratio": null,
            "debt_ratio": null,
            "inventory_turnover_ratio": null,
            "account_receivable_turnover_ratio": null,
            "reinvestment_rate": null,
            "research_to_sale_ratio": null,
            "price_fair": 0,
            "eps_avg_yearly": 0,
            "eps_latest_yearly": 0,
            "eps_growth_yearly": 0
        },
        "20122": {
            "year_quarter": 20122,
            "year": 2012,
            "quarter": 2,
            "eps": null,
            "eps_growth_year": null,
            "eps_4q": null,
            "eps_4q_growth_year": null,
            "roe": null,
            "roe_4q": 0,
            "gross_profit": null,
            "gross_margin": null,
            "gross_margin_4q_avg": 0,
            "net_income": null,
            "net_income_4q": null,
            "revenue": null,
            "revenue_4q": null,
            "common_shares": null,
            "book_valuer_per_share": null,
            "book_valuer_per_share_4q_avg": 0,
            "equity": null,
            "current_ratio": null,
            "debt_ratio": null,
            "inventory_turnover_ratio": null,
            "account_receivable_turnover_ratio": null,
            "reinvestment_rate": null,
            "research_to_sale_ratio": null,
            "price_fair": 0,
            "eps_avg_yearly": 0,
            "eps_latest_yearly": 0,
            "eps_growth_yearly": 0
        },
        "20123": {
            "year_quarter": 20123,
            "year": 2012,
            "quarter": 3,
            "eps": null,
            "eps_growth_year": null,
            "eps_4q": null,
            "eps_4q_growth_year": null,
            "roe": null,
            "roe_4q": 0,
            "gross_profit": null,
            "gross_margin": null,
            "gross_margin_4q_avg": 0,
            "net_income": null,
            "net_income_4q": null,
            "revenue": null,
            "revenue_4q": null,
            "common_shares": null,
            "book_valuer_per_share": null,
            "book_valuer_per_share_4q_avg": 0,
            "equity": null,
            "current_ratio": null,
            "debt_ratio": null,
            "inventory_turnover_ratio": null,
            "account_receivable_turnover_ratio": null,
            "reinvestment_rate": null,
            "research_to_sale_ratio": null,
            "price_fair": 0,
            "eps_avg_yearly": 0,
            "eps_latest_yearly": 0,
            "eps_growth_yearly": 0
        },
        "20124": {
            "year_quarter": 20124,
            "year": 2012,
            "quarter": 4,
            "eps": null,
            "eps_growth_year": null,
            "eps_4q": null,
            "eps_4q_growth_year": null,
            "roe": null,
            "roe_4q": 0,
            "gross_profit": null,
            "gross_margin": null,
            "gross_margin_4q_avg": 0,
            "net_income": null,
            "net_income_4q": null,
            "revenue": null,
            "revenue_4q": null,
            "common_shares": null,
            "book_valuer_per_share": null,
            "book_valuer_per_share_4q_avg": 0,
            "equity": null,
            "current_ratio": null,
            "debt_ratio": null,
            "inventory_turnover_ratio": null,
            "account_receivable_turnover_ratio": null,
            "reinvestment_rate": null,
            "research_to_sale_ratio": null,
            "price_fair": 0,
            "eps_avg_yearly": 0,
            "eps_latest_yearly": 0,
            "eps_growth_yearly": 0
        },
        "20131": {
            "year_quarter": 20131,
            "year": 2013,
            "quarter": 1,
            "eps": null,
            "eps_growth_year": null,
            "eps_4q": null,
            "eps_4q_growth_year": null,
            "roe": null,
            "roe_4q": 0,
            "gross_profit": null,
            "gross_margin": null,
            "gross_margin_4q_avg": 0,
            "net_income": null,
            "net_income_4q": null,
            "revenue": null,
            "revenue_4q": null,
            "common_shares": null,
            "book_valuer_per_share": null,
            "book_valuer_per_share_4q_avg": 0,
            "equity": null,
            "current_ratio": null,
            "debt_ratio": null,
            "inventory_turnover_ratio": null,
            "account_receivable_turnover_ratio": null,
            "reinvestment_rate": null,
            "research_to_sale_ratio": null,
            "price_fair": 0,
            "eps_avg_yearly": 0,
            "eps_latest_yearly": 0,
            "eps_growth_yearly": 0
        },
        "20132": {
            "year_quarter": 20132,
            "year": 2013,
            "quarter": 2,
            "eps": null,
            "eps_growth_year": null,
            "eps_4q": null,
            "eps_4q_growth_year": null,
            "roe": null,
            "roe_4q": 0,
            "gross_profit": null,
            "gross_margin": null,
            "gross_margin_4q_avg": 0,
            "net_income": null,
            "net_income_4q": null,
            "revenue": null,
            "revenue_4q": null,
            "common_shares": null,
            "book_valuer_per_share": null,
            "book_valuer_per_share_4q_avg": 0,
            "equity": null,
            "current_ratio": null,
            "debt_ratio": null,
            "inventory_turnover_ratio": null,
            "account_receivable_turnover_ratio": null,
            "reinvestment_rate": null,
            "research_to_sale_ratio": null,
            "price_fair": 0,
            "eps_avg_yearly": 0,
            "eps_latest_yearly": 0,
            "eps_growth_yearly": 0
        },
        "20133": {
            "year_quarter": 20133,
            "year": 2013,
            "quarter": 3,
            "eps": null,
            "eps_growth_year": null,
            "eps_4q": null,
            "eps_4q_growth_year": null,
            "roe": null,
            "roe_4q": 0,
            "gross_profit": null,
            "gross_margin": null,
            "gross_margin_4q_avg": 0,
            "net_income": null,
            "net_income_4q": null,
            "revenue": null,
            "revenue_4q": null,
            "common_shares": null,
            "book_valuer_per_share": null,
            "book_valuer_per_share_4q_avg": 0,
            "equity": null,
            "current_ratio": null,
            "debt_ratio": null,
            "inventory_turnover_ratio": null,
            "account_receivable_turnover_ratio": null,
            "reinvestment_rate": null,
            "research_to_sale_ratio": null,
            "price_fair": 0,
            "eps_avg_yearly": 0,
            "eps_latest_yearly": 0,
            "eps_growth_yearly": 0
        },
        "20134": {
            "year_quarter": 20134,
            "year": 2013,
            "quarter": 4,
            "eps": null,
            "eps_growth_year": null,
            "eps_4q": null,
            "eps_4q_growth_year": null,
            "roe": null,
            "roe_4q": 0,
            "gross_profit": null,
            "gross_margin": null,
            "gross_margin_4q_avg": 0,
            "net_income": null,
            "net_income_4q": null,
            "revenue": null,
            "revenue_4q": null,
            "common_shares": null,
            "book_valuer_per_share": null,
            "book_valuer_per_share_4q_avg": 0,
            "equity": null,
            "current_ratio": null,
            "debt_ratio": null,
            "inventory_turnover_ratio": null,
            "account_receivable_turnover_ratio": null,
            "reinvestment_rate": null,
            "research_to_sale_ratio": null,
            "price_fair": 0,
            "eps_avg_yearly": 0,
            "eps_latest_yearly": 0,
            "eps_growth_yearly": 0
        },
        "20141": {
            "year_quarter": 20141,
            "year": 2014,
            "quarter": 1,
            "eps": null,
            "eps_growth_year": null,
            "eps_4q": null,
            "eps_4q_growth_year": null,
            "roe": null,
            "roe_4q": 0,
            "gross_profit": null,
            "gross_margin": null,
            "gross_margin_4q_avg": 0,
            "net_income": null,
            "net_income_4q": null,
            "revenue": null,
            "revenue_4q": null,
            "common_shares": null,
            "book_valuer_per_share": null,
            "book_valuer_per_share_4q_avg": 0,
            "equity": null,
            "current_ratio": null,
            "debt_ratio": null,
            "inventory_turnover_ratio": null,
            "account_receivable_turnover_ratio": null,
            "reinvestment_rate": null,
            "research_to_sale_ratio": null,
            "price_fair": 0,
            "eps_avg_yearly": 0,
            "eps_latest_yearly": 0,
            "eps_growth_yearly": 0
        },
        "20142": {
            "year_quarter": 20142,
            "year": 2014,
            "quarter": 2,
            "eps": null,
            "eps_growth_year": null,
            "eps_4q": null,
            "eps_4q_growth_year": null,
            "roe": null,
            "roe_4q": 0,
            "gross_profit": null,
            "gross_margin": null,
            "gross_margin_4q_avg": 0,
            "net_income": null,
            "net_income_4q": null,
            "revenue": null,
            "revenue_4q": null,
            "common_shares": null,
            "book_valuer_per_share": null,
            "book_valuer_per_share_4q_avg": 0,
            "equity": null,
            "current_ratio": null,
            "debt_ratio": null,
            "inventory_turnover_ratio": null,
            "account_receivable_turnover_ratio": null,
            "reinvestment_rate": null,
            "research_to_sale_ratio": null,
            "price_fair": 0,
            "eps_avg_yearly": 0,
            "eps_latest_yearly": 0,
            "eps_growth_yearly": 0
        },
        "20143": {
            "year_quarter": 20143,
            "year": 2014,
            "quarter": 3,
            "eps": null,
            "eps_growth_year": null,
            "eps_4q": null,
            "eps_4q_growth_year": null,
            "roe": null,
            "roe_4q": 0,
            "gross_profit": null,
            "gross_margin": null,
            "gross_margin_4q_avg": 0,
            "net_income": null,
            "net_income_4q": null,
            "revenue": null,
            "revenue_4q": null,
            "common_shares": null,
            "book_valuer_per_share": null,
            "book_valuer_per_share_4q_avg": 0,
            "equity": null,
            "current_ratio": null,
            "debt_ratio": null,
            "inventory_turnover_ratio": null,
            "account_receivable_turnover_ratio": null,
            "reinvestment_rate": null,
            "research_to_sale_ratio": null,
            "price_fair": 0,
            "eps_avg_yearly": 0,
            "eps_latest_yearly": 0,
            "eps_growth_yearly": 0
        },
        "20144": {
            "year_quarter": 20144,
            "year": 2014,
            "quarter": 4,
            "eps": null,
            "eps_growth_year": null,
            "eps_4q": null,
            "eps_4q_growth_year": null,
            "roe": null,
            "roe_4q": 0,
            "gross_profit": null,
            "gross_margin": null,
            "gross_margin_4q_avg": 0,
            "net_income": null,
            "net_income_4q": null,
            "revenue": null,
            "revenue_4q": null,
            "common_shares": 960000,
            "book_valuer_per_share": null,
            "book_valuer_per_share_4q_avg": 0,
            "equity": 2340570,
            "current_ratio": null,
            "debt_ratio": null,
            "inventory_turnover_ratio": null,
            "account_receivable_turnover_ratio": null,
            "reinvestment_rate": null,
            "research_to_sale_ratio": null,
            "price_fair": 0,
            "eps_avg_yearly": 0,
            "eps_latest_yearly": 0,
            "eps_growth_yearly": 0
        },
        "20151": {
            "year_quarter": 20151,
            "year": 2015,
            "quarter": 1,
            "eps": null,
            "eps_growth_year": null,
            "eps_4q": null,
            "eps_4q_growth_year": null,
            "roe": null,
            "roe_4q": 0,
            "gross_profit": null,
            "gross_margin": null,
            "gross_margin_4q_avg": 0,
            "net_income": null,
            "net_income_4q": null,
            "revenue": null,
            "revenue_4q": null,
            "common_shares": null,
            "book_valuer_per_share": null,
            "book_valuer_per_share_4q_avg": 0,
            "equity": null,
            "current_ratio": null,
            "debt_ratio": null,
            "inventory_turnover_ratio": null,
            "account_receivable_turnover_ratio": null,
            "reinvestment_rate": null,
            "research_to_sale_ratio": null,
            "price_fair": 0,
            "eps_avg_yearly": 0,
            "eps_latest_yearly": 0,
            "eps_growth_yearly": 0
        },
        "20152": {
            "year_quarter": 20152,
            "year": 2015,
            "quarter": 2,
            "eps": null,
            "eps_growth_year": null,
            "eps_4q": null,
            "eps_4q_growth_year": null,
            "roe": null,
            "roe_4q": 0,
            "gross_profit": null,
            "gross_margin": null,
            "gross_margin_4q_avg": 0,
            "net_income": null,
            "net_income_4q": null,
            "revenue": null,
            "revenue_4q": null,
            "common_shares": 960000,
            "book_valuer_per_share": null,
            "book_valuer_per_share_4q_avg": 0,
            "equity": 2183388,
            "current_ratio": null,
            "debt_ratio": null,
            "inventory_turnover_ratio": null,
            "account_receivable_turnover_ratio": null,
            "reinvestment_rate": null,
            "research_to_sale_ratio": null,
            "price_fair": 0,
            "eps_avg_yearly": 0,
            "eps_latest_yearly": 0,
            "eps_growth_yearly": 0
        },
        "20153": {
            "year_quarter": 20153,
            "year": 2015,
            "quarter": 3,
            "eps": null,
            "eps_growth_year": null,
            "eps_4q": null,
            "eps_4q_growth_year": null,
            "roe": null,
            "roe_4q": 0,
            "gross_profit": null,
            "gross_margin": null,
            "gross_margin_4q_avg": 0,
            "net_income": null,
            "net_income_4q": null,
            "revenue": null,
            "revenue_4q": null,
            "common_shares": null,
            "book_valuer_per_share": null,
            "book_valuer_per_share_4q_avg": 0,
            "equity": null,
            "current_ratio": null,
            "debt_ratio": null,
            "inventory_turnover_ratio": null,
            "account_receivable_turnover_ratio": null,
            "reinvestment_rate": null,
            "research_to_sale_ratio": null,
            "price_fair": 0,
            "eps_avg_yearly": 0,
            "eps_latest_yearly": 0,
            "eps_growth_yearly": 0
        },
        "20154": {
            "year_quarter": 20154,
            "year": 2015,
            "quarter": 4,
            "eps": null,
            "eps_growth_year": null,
            "eps_4q": null,
            "eps_4q_growth_year": null,
            "roe": null,
            "roe_4q": 0,
            "gross_profit": null,
            "gross_margin": null,
            "gross_margin_4q_avg": 0,
            "net_income": null,
            "net_income_4q": null,
            "revenue": null,
            "revenue_4q": null,
            "common_shares": 960000,
            "book_valuer_per_share": 26.15,
            "book_valuer_per_share_4q_avg": 6.54,
            "equity": 2636895,
            "current_ratio": 317.76,
            "debt_ratio": 27.89,
            "inventory_turnover_ratio": null,
            "account_receivable_turnover_ratio": null,
            "reinvestment_rate": null,
            "research_to_sale_ratio": null,
            "price_fair": 0,
            "eps_avg_yearly": 0,
            "eps_latest_yearly": 0,
            "eps_growth_yearly": 0
        },
        "20161": {
            "year_quarter": 20161,
            "year": 2016,
            "quarter": 1,
            "eps": null,
            "eps_growth_year": null,
            "eps_4q": null,
            "eps_4q_growth_year": null,
            "roe": null,
            "roe_4q": 0,
            "gross_profit": null,
            "gross_margin": null,
            "gross_margin_4q_avg": 0,
            "net_income": null,
            "net_income_4q": null,
            "revenue": null,
            "revenue_4q": null,
            "common_shares": null,
            "book_valuer_per_share": null,
            "book_valuer_per_share_4q_avg": 6.54,
            "equity": null,
            "current_ratio": null,
            "debt_ratio": null,
            "inventory_turnover_ratio": null,
            "account_receivable_turnover_ratio": null,
            "reinvestment_rate": null,
            "research_to_sale_ratio": null,
            "price_fair": 0,
            "eps_avg_yearly": 0,
            "eps_latest_yearly": 0,
            "eps_growth_yearly": 0
        },
        "20162": {
            "year_quarter": 20162,
            "year": 2016,
            "quarter": 2,
            "eps": null,
            "eps_growth_year": null,
            "eps_4q": null,
            "eps_4q_growth_year": null,
            "roe": null,
            "roe_4q": 0,
            "gross_profit": null,
            "gross_margin": null,
            "gross_margin_4q_avg": 0,
            "net_income": null,
            "net_income_4q": null,
            "revenue": null,
            "revenue_4q": null,
            "common_shares": 960000,
            "book_valuer_per_share": 25.87,
            "book_valuer_per_share_4q_avg": 13.01,
            "equity": 2607753,
            "current_ratio": 221.86,
            "debt_ratio": 36.66,
            "inventory_turnover_ratio": null,
            "account_receivable_turnover_ratio": null,
            "reinvestment_rate": null,
            "research_to_sale_ratio": null,
            "price_fair": 0,
            "eps_avg_yearly": 0,
            "eps_latest_yearly": 0,
            "eps_growth_yearly": 0
        },
        "20163": {
            "year_quarter": 20163,
            "year": 2016,
            "quarter": 3,
            "eps": null,
            "eps_growth_year": null,
            "eps_4q": null,
            "eps_4q_growth_year": null,
            "roe": null,
            "roe_4q": 0,
            "gross_profit": null,
            "gross_margin": null,
            "gross_margin_4q_avg": 0,
            "net_income": null,
            "net_income_4q": null,
            "revenue": null,
            "revenue_4q": null,
            "common_shares": null,
            "book_valuer_per_share": null,
            "book_valuer_per_share_4q_avg": 13.01,
            "equity": null,
            "current_ratio": null,
            "debt_ratio": null,
            "inventory_turnover_ratio": null,
            "account_receivable_turnover_ratio": null,
            "reinvestment_rate": null,
            "research_to_sale_ratio": null,
            "price_fair": 0,
            "eps_avg_yearly": 0,
            "eps_latest_yearly": 0,
            "eps_growth_yearly": 0
        },
        "20164": {
            "year_quarter": 20164,
            "year": 2016,
            "quarter": 4,
            "eps": null,
            "eps_growth_year": null,
            "eps_4q": null,
            "eps_4q_growth_year": null,
            "roe": null,
            "roe_4q": 0,
            "gross_profit": null,
            "gross_margin": null,
            "gross_margin_4q_avg": 0,
            "net_income": null,
            "net_income_4q": null,
            "revenue": null,
            "revenue_4q": null,
            "common_shares": null,
            "book_valuer_per_share": null,
            "book_valuer_per_share_4q_avg": 6.47,
            "equity": null,
            "current_ratio": null,
            "debt_ratio": null,
            "inventory_turnover_ratio": null,
            "account_receivable_turnover_ratio": null,
            "reinvestment_rate": null,
            "research_to_sale_ratio": null,
            "price_fair": 0,
            "eps_avg_yearly": 0,
            "eps_latest_yearly": 0,
            "eps_growth_yearly": 0
        },
        "20171": {
            "year_quarter": 20171,
            "year": 2017,
            "quarter": 1,
            "eps": 0.85,
            "eps_growth_year": null,
            "eps_4q": null,
            "eps_4q_growth_year": null,
            "roe": 2.58,
            "roe_4q": 2.58,
            "gross_profit": 405858,
            "gross_margin": 30.36,
            "gross_margin_4q_avg": 7.59,
            "net_income": 91011,
            "net_income_4q": null,
            "revenue": 1336915,
            "revenue_4q": null,
            "common_shares": 960000,
            "book_valuer_per_share": 32,
            "book_valuer_per_share_4q_avg": 14.47,
            "equity": 3533166,
            "current_ratio": 341.99,
            "debt_ratio": 24.91,
            "inventory_turnover_ratio": 0.87,
            "account_receivable_turnover_ratio": 1.84,
            "reinvestment_rate": null,
            "research_to_sale_ratio": 8.21,
            "price_fair": 0,
            "eps_avg_yearly": 0,
            "eps_latest_yearly": 0,
            "eps_growth_yearly": 0
        },
        "20172": {
            "year_quarter": 20172,
            "year": 2017,
            "quarter": 2,
            "eps": 2.14,
            "eps_growth_year": null,
            "eps_4q": null,
            "eps_4q_growth_year": null,
            "roe": 6.67,
            "roe_4q": 9.25,
            "gross_profit": 473320,
            "gross_margin": 32.28,
            "gross_margin_4q_avg": 15.66,
            "net_income": 225801,
            "net_income_4q": null,
            "revenue": 1466224,
            "revenue_4q": null,
            "common_shares": 960000,
            "book_valuer_per_share": 29.42,
            "book_valuer_per_share_4q_avg": 15.36,
            "equity": 3241541,
            "current_ratio": 273.69,
            "debt_ratio": 32.99,
            "inventory_turnover_ratio": 0.99,
            "account_receivable_turnover_ratio": 1.86,
            "reinvestment_rate": null,
            "research_to_sale_ratio": 6.76,
            "price_fair": 299.6,
            "eps_avg_yearly": 8.56,
            "eps_latest_yearly": 8.56,
            "eps_growth_yearly": 607.06
        },
        "20173": {
            "year_quarter": 20173,
            "year": 2017,
            "quarter": 3,
            "eps": 1.24,
            "eps_growth_year": null,
            "eps_4q": null,
            "eps_4q_growth_year": null,
            "roe": 3.57,
            "roe_4q": 12.82,
            "gross_profit": 401721,
            "gross_margin": 30.08,
            "gross_margin_4q_avg": 23.18,
            "net_income": 137834,
            "net_income_4q": null,
            "revenue": 1335449,
            "revenue_4q": null,
            "common_shares": 1068000,
            "book_valuer_per_share": 37.88,
            "book_valuer_per_share_4q_avg": 24.83,
            "equity": 4475684,
            "current_ratio": 509.05,
            "debt_ratio": 19.27,
            "inventory_turnover_ratio": 1.03,
            "account_receivable_turnover_ratio": 1.69,
            "reinvestment_rate": null,
            "research_to_sale_ratio": 7.89,
            "price_fair": 236.6,
            "eps_avg_yearly": 6.76,
            "eps_latest_yearly": 4.96,
            "eps_growth_yearly": 219.42
        },
        "20174": {
            "year_quarter": 20174,
            "year": 2017,
            "quarter": 4,
            "eps": 1.38,
            "eps_growth_year": null,
            "eps_4q": 5.25,
            "eps_4q_growth_year": null,
            "roe": 3.61,
            "roe_4q": 16.43,
            "gross_profit": 406093,
            "gross_margin": 31.9,
            "gross_margin_4q_avg": 31.16,
            "net_income": 164499,
            "net_income_4q": null,
            "revenue": 1272952,
            "revenue_4q": null,
            "common_shares": 1068000,
            "book_valuer_per_share": 39.22,
            "book_valuer_per_share_4q_avg": 34.63,
            "equity": 4631910,
            "current_ratio": 473.37,
            "debt_ratio": 20.36,
            "inventory_turnover_ratio": 0.98,
            "account_receivable_turnover_ratio": 1.74,
            "reinvestment_rate": null,
            "research_to_sale_ratio": 9.25,
            "price_fair": 222.13,
            "eps_avg_yearly": 6.35,
            "eps_latest_yearly": 5.52,
            "eps_growth_yearly": 161.33
        },
        "20181": {
            "year_quarter": 20181,
            "year": 2018,
            "quarter": 1,
            "eps": 2.56,
            "eps_growth_year": 201.18,
            "eps_4q": 7.04,
            "eps_4q_growth_year": null,
            "roe": 5.8,
            "roe_4q": 19.65,
            "gross_profit": 372740,
            "gross_margin": 29.09,
            "gross_margin_4q_avg": 30.84,
            "net_income": 277375,
            "net_income_4q": null,
            "revenue": 1281229,
            "revenue_4q": null,
            "common_shares": 1068000,
            "book_valuer_per_share": 41.78,
            "book_valuer_per_share_4q_avg": 37.08,
            "equity": 4928895,
            "current_ratio": 554.22,
            "debt_ratio": 17.65,
            "inventory_turnover_ratio": 1.01,
            "account_receivable_turnover_ratio": 1.82,
            "reinvestment_rate": null,
            "research_to_sale_ratio": 7.89,
            "price_fair": 256.2,
            "eps_avg_yearly": 7.32,
            "eps_latest_yearly": 10.24,
            "eps_growth_yearly": 206.51
        },
        "20182": {
            "year_quarter": 20182,
            "year": 2018,
            "quarter": 2,
            "eps": 2.95,
            "eps_growth_year": 37.85,
            "eps_4q": 8.06,
            "eps_4q_growth_year": null,
            "roe": 7.22,
            "roe_4q": 20.2,
            "gross_profit": 431040,
            "gross_margin": 30.94,
            "gross_margin_4q_avg": 30.5,
            "net_income": 347821,
            "net_income_4q": null,
            "revenue": 1392935,
            "revenue_4q": null,
            "common_shares": 1068000,
            "book_valuer_per_share": 40.04,
            "book_valuer_per_share_4q_avg": 39.73,
            "equity": 4706256,
            "current_ratio": 323.06,
            "debt_ratio": 29.07,
            "inventory_turnover_ratio": 1.07,
            "account_receivable_turnover_ratio": 1.92,
            "reinvestment_rate": null,
            "research_to_sale_ratio": 8.24,
            "price_fair": 287.56,
            "eps_avg_yearly": 8.22,
            "eps_latest_yearly": 11.8,
            "eps_growth_yearly": 177.39
        },
        "20183": {
            "year_quarter": 20183,
            "year": 2018,
            "quarter": 3,
            "eps": 0.68,
            "eps_growth_year": -45.16,
            "eps_4q": 5.44,
            "eps_4q_growth_year": null,
            "roe": 1.9,
            "roe_4q": 18.529999999999998,
            "gross_profit": 511842,
            "gross_margin": 31.04,
            "gross_margin_4q_avg": 30.74,
            "net_income": 123605,
            "net_income_4q": null,
            "revenue": 1648831,
            "revenue_4q": null,
            "common_shares": 1484985,
            "book_valuer_per_share": 52.79,
            "book_valuer_per_share_4q_avg": 43.46,
            "equity": 8318272,
            "current_ratio": 386.09,
            "debt_ratio": 15.78,
            "inventory_turnover_ratio": 1.22,
            "account_receivable_turnover_ratio": 1.98,
            "reinvestment_rate": null,
            "research_to_sale_ratio": 7.48,
            "price_fair": 255.5,
            "eps_avg_yearly": 7.3,
            "eps_latest_yearly": 2.72,
            "eps_growth_yearly": 96.53
        },
        "20184": {
            "year_quarter": 20184,
            "year": 2018,
            "quarter": 4,
            "eps": 0.49,
            "eps_growth_year": -64.75,
            "eps_4q": 4.94,
            "eps_4q_growth_year": -5.91,
            "roe": 0.96,
            "roe_4q": 15.879999999999999,
            "gross_profit": 472609,
            "gross_margin": 31.99,
            "gross_margin_4q_avg": 30.77,
            "net_income": 79825,
            "net_income_4q": null,
            "revenue": 1477260,
            "revenue_4q": null,
            "common_shares": 1484985,
            "book_valuer_per_share": 53.13,
            "book_valuer_per_share_4q_avg": 46.94,
            "equity": 8368399,
            "current_ratio": 412.77,
            "debt_ratio": 14.04,
            "inventory_turnover_ratio": 1.05,
            "account_receivable_turnover_ratio": 1.71,
            "reinvestment_rate": null,
            "research_to_sale_ratio": 8.86,
            "price_fair": 228.8,
            "eps_avg_yearly": 6.54,
            "eps_latest_yearly": 1.96,
            "eps_growth_yearly": 66.77
        },
        "20191": {
            "year_quarter": 20191,
            "year": 2019,
            "quarter": 1,
            "eps": 2.16,
            "eps_growth_year": -15.62,
            "eps_4q": 4.65,
            "eps_4q_growth_year": -33.98,
            "roe": 3.03,
            "roe_4q": 13.11,
            "gross_profit": 491945,
            "gross_margin": 31.92,
            "gross_margin_4q_avg": 31.47,
            "net_income": 257012,
            "net_income_4q": null,
            "revenue": 1541269,
            "revenue_4q": null,
            "common_shares": 1484985,
            "book_valuer_per_share": 54.63,
            "book_valuer_per_share_4q_avg": 50.15,
            "equity": 8607497,
            "current_ratio": 392.23,
            "debt_ratio": 15.34,
            "inventory_turnover_ratio": 1.13,
            "account_receivable_turnover_ratio": 1.79,
            "reinvestment_rate": null,
            "research_to_sale_ratio": 6.95,
            "price_fair": 238,
            "eps_avg_yearly": 6.8,
            "eps_latest_yearly": 8.64,
            "eps_growth_yearly": 228.83
        },
        "20192": {
            "year_quarter": 20192,
            "year": 2019,
            "quarter": 2,
            "eps": 0.56,
            "eps_growth_year": -81.02,
            "eps_4q": 2.93,
            "eps_4q_growth_year": -63.68,
            "roe": 1.29,
            "roe_4q": 7.18,
            "gross_profit": 544585,
            "gross_margin": 33.94,
            "gross_margin_4q_avg": 32.22,
            "net_income": 107446,
            "net_income_4q": null,
            "revenue": 1604614,
            "revenue_4q": null,
            "common_shares": 1484985,
            "book_valuer_per_share": 50.95,
            "book_valuer_per_share_4q_avg": 52.88,
            "equity": 8042168,
            "current_ratio": 260.68,
            "debt_ratio": 21.11,
            "inventory_turnover_ratio": 1.21,
            "account_receivable_turnover_ratio": 1.82,
            "reinvestment_rate": null,
            "research_to_sale_ratio": 7.77,
            "price_fair": 220.27,
            "eps_avg_yearly": 6.29,
            "eps_latest_yearly": 2.24,
            "eps_growth_yearly": 170.49
        },
        "20193": {
            "year_quarter": 20193,
            "year": 2019,
            "quarter": 3,
            "eps": 0.74,
            "eps_growth_year": 8.82,
            "eps_4q": 2.97,
            "eps_4q_growth_year": -45.46,
            "roe": 1.19,
            "roe_4q": 6.47,
            "gross_profit": 470668,
            "gross_margin": 32.89,
            "gross_margin_4q_avg": 32.69,
            "net_income": 96377,
            "net_income_4q": null,
            "revenue": 1431128,
            "revenue_4q": null,
            "common_shares": 1484985,
            "book_valuer_per_share": 51.39,
            "book_valuer_per_share_4q_avg": 52.53,
            "equity": 8124197,
            "current_ratio": 348.59,
            "debt_ratio": 15.59,
            "inventory_turnover_ratio": 1.13,
            "account_receivable_turnover_ratio": 1.72,
            "reinvestment_rate": null,
            "research_to_sale_ratio": 8.12,
            "price_fair": 208.6,
            "eps_avg_yearly": 5.96,
            "eps_latest_yearly": 2.96,
            "eps_growth_yearly": 166.29
        },
        "20194": {
            "year_quarter": 20194,
            "year": 2019,
            "quarter": 4,
            "eps": 1.24,
            "eps_growth_year": 153.83,
            "eps_4q": 3.72,
            "eps_4q_growth_year": -24.66,
            "roe": 2.52,
            "roe_4q": 8.03,
            "gross_profit": 556724,
            "gross_margin": 35.43,
            "gross_margin_4q_avg": 33.55,
            "net_income": 207410,
            "net_income_4q": null,
            "revenue": 1571369,
            "revenue_4q": null,
            "common_shares": 1484985,
            "book_valuer_per_share": 52.53,
            "book_valuer_per_share_4q_avg": 52.38,
            "equity": 8316513,
            "current_ratio": 389.68,
            "debt_ratio": 14.07,
            "inventory_turnover_ratio": 1.12,
            "account_receivable_turnover_ratio": 2.04,
            "reinvestment_rate": null,
            "research_to_sale_ratio": 7.55,
            "price_fair": 205.42,
            "eps_avg_yearly": 5.87,
            "eps_latest_yearly": 4.96,
            "eps_growth_yearly": 175.75
        },
        "20201": {
            "year_quarter": 20201,
            "year": 2020,
            "quarter": 1,
            "eps": -0.33,
            "eps_growth_year": -115.28,
            "eps_4q": 1.93,
            "eps_4q_growth_year": -58.4,
            "roe": -0.42,
            "roe_4q": 4.58,
            "gross_profit": 454743,
            "gross_margin": 32.52,
            "gross_margin_4q_avg": 33.7,
            "net_income": -34870,
            "net_income_4q": null,
            "revenue": 1398201,
            "revenue_4q": null,
            "common_shares": 1484985,
            "book_valuer_per_share": 52.13,
            "book_valuer_per_share_4q_avg": 51.75,
            "equity": 8256903,
            "current_ratio": 386.83,
            "debt_ratio": 14.46,
            "inventory_turnover_ratio": 1.02,
            "account_receivable_turnover_ratio": 1.75,
            "reinvestment_rate": null,
            "research_to_sale_ratio": 7.86,
            "price_fair": 205.42,
            "eps_avg_yearly": 5.87,
            "eps_latest_yearly": 4.96,
            "eps_growth_yearly": 175.75
        },
        "20202": {
            "year_quarter": 20202,
            "year": 2020,
            "quarter": 2,
            "eps": 2.17,
            "eps_growth_year": 287.5,
            "eps_4q": 3.09,
            "eps_4q_growth_year": 5.66,
            "roe": 3.19,
            "roe_4q": 6.48,
            "gross_profit": 529979,
            "gross_margin": 33.08,
            "gross_margin_4q_avg": 33.48,
            "net_income": 259490,
            "net_income_4q": null,
            "revenue": 1602325,
            "revenue_4q": null,
            "common_shares": 1484985,
            "book_valuer_per_share": 50.83,
            "book_valuer_per_share_4q_avg": 51.72,
            "equity": 8025664,
            "current_ratio": 292.02,
            "debt_ratio": 19.16,
            "inventory_turnover_ratio": 1.14,
            "account_receivable_turnover_ratio": 1.81,
            "reinvestment_rate": null,
            "research_to_sale_ratio": 7.86,
            "price_fair": 205.42,
            "eps_avg_yearly": 5.87,
            "eps_latest_yearly": 4.96,
            "eps_growth_yearly": 175.75
        },
        "20203": {
            "year_quarter": 20203,
            "year": 2020,
            "quarter": 3,
            "eps": 0.66,
            "eps_growth_year": -10.81,
            "eps_4q": 3.04,
            "eps_4q_growth_year": 2.42,
            "roe": 1.11,
            "roe_4q": 6.4,
            "gross_profit": 445961,
            "gross_margin": 29.99,
            "gross_margin_4q_avg": 32.76,
            "net_income": 89953,
            "net_income_4q": null,
            "revenue": 1486895,
            "revenue_4q": null,
            "common_shares": 1484985,
            "book_valuer_per_share": 51.85,
            "book_valuer_per_share_4q_avg": 51.84,
            "equity": 8196382,
            "current_ratio": 421.85,
            "debt_ratio": 12.88,
            "inventory_turnover_ratio": 1.06,
            "account_receivable_turnover_ratio": 1.77,
            "reinvestment_rate": null,
            "research_to_sale_ratio": 7.81,
            "price_fair": 196,
            "eps_avg_yearly": 5.6,
            "eps_latest_yearly": 2.64,
            "eps_growth_yearly": 137.91
        },
        "20204": {
            "year_quarter": 20204,
            "year": 2020,
            "quarter": 4,
            "eps": 0.78,
            "eps_growth_year": -37.35,
            "eps_4q": 2.58,
            "eps_4q_growth_year": -30.67,
            "roe": 1.81,
            "roe_4q": 5.6899999999999995,
            "gross_profit": 499770,
            "gross_margin": 35.43,
            "gross_margin_4q_avg": 32.76,
            "net_income": 149598,
            "net_income_4q": null,
            "revenue": 1410764,
            "revenue_4q": null,
            "common_shares": 1484985,
            "book_valuer_per_share": 52.8,
            "book_valuer_per_share_4q_avg": 51.9,
            "equity": 8372453,
            "current_ratio": 440.32,
            "debt_ratio": 12.58,
            "inventory_turnover_ratio": 1.01,
            "account_receivable_turnover_ratio": 1.98,
            "reinvestment_rate": 206.57,
            "research_to_sale_ratio": 8,
            "price_fair": 189.32,
            "eps_avg_yearly": 5.41,
            "eps_latest_yearly": 3.12,
            "eps_growth_yearly": 132.89
        },
        "20211": {
            "year_quarter": 20211,
            "year": 2021,
            "quarter": 1,
            "eps": 0.34,
            "eps_growth_year": null,
            "eps_4q": 3.06,
            "eps_4q_growth_year": 58.07,
            "roe": 0.52,
            "roe_4q": 6.630000000000001,
            "gross_profit": 375202,
            "gross_margin": 29.62,
            "gross_margin_4q_avg": 32.03,
            "net_income": 43384,
            "net_income_4q": null,
            "revenue": 1266555,
            "revenue_4q": null,
            "common_shares": 1484985,
            "book_valuer_per_share": 53.11,
            "book_valuer_per_share_4q_avg": 52.15,
            "equity": 8425718,
            "current_ratio": 404.59,
            "debt_ratio": 14.39,
            "inventory_turnover_ratio": 1.03,
            "account_receivable_turnover_ratio": 2,
            "reinvestment_rate": 171.53,
            "research_to_sale_ratio": 9.98,
            "price_fair": 179.2,
            "eps_avg_yearly": 5.12,
            "eps_latest_yearly": 1.36,
            "eps_growth_yearly": 107.28
        },
        "20212": {
            "year_quarter": 20212,
            "year": 2021,
            "quarter": 2,
            "eps": 0.19,
            "eps_growth_year": -91.24,
            "eps_4q": 1.63,
            "eps_4q_growth_year": -47.21,
            "roe": 0.36,
            "roe_4q": 3.8,
            "gross_profit": 377736,
            "gross_margin": 26.89,
            "gross_margin_4q_avg": 30.48,
            "net_income": 29597,
            "net_income_4q": null,
            "revenue": 1404716,
            "revenue_4q": null,
            "common_shares": 1484985,
            "book_valuer_per_share": 50.2,
            "book_valuer_per_share_4q_avg": 51.99,
            "equity": 7929340,
            "current_ratio": 270.63,
            "debt_ratio": 21.95,
            "inventory_turnover_ratio": 0.98,
            "account_receivable_turnover_ratio": 2.09,
            "reinvestment_rate": 198.29,
            "research_to_sale_ratio": 8.41,
            "price_fair": 159.7,
            "eps_avg_yearly": 4.56,
            "eps_latest_yearly": 0.76,
            "eps_growth_yearly": 51.32
        },
        "20213": {
            "year_quarter": 20213,
            "year": 2021,
            "quarter": 3,
            "eps": 0.88,
            "eps_growth_year": 33.33,
            "eps_4q": 1.78,
            "eps_4q_growth_year": -41.29,
            "roe": 1.27,
            "roe_4q": 3.96,
            "gross_profit": 450673,
            "gross_margin": 28.89,
            "gross_margin_4q_avg": 30.21,
            "net_income": 101526,
            "net_income_4q": null,
            "revenue": 1559749,
            "revenue_4q": null,
            "common_shares": 1484985,
            "book_valuer_per_share": 50.82,
            "book_valuer_per_share_4q_avg": 51.73,
            "equity": 8029549,
            "current_ratio": 332.34,
            "debt_ratio": 17.79,
            "inventory_turnover_ratio": 0.83,
            "account_receivable_turnover_ratio": 2.01,
            "reinvestment_rate": 201.82,
            "research_to_sale_ratio": 7.31,
            "price_fair": 156.1,
            "eps_avg_yearly": 4.46,
            "eps_latest_yearly": 3.52,
            "eps_growth_yearly": 167.09
        },
        "20214": {
            "year_quarter": 20214,
            "year": 2021,
            "quarter": 4,
            "eps": 2.03,
            "eps_growth_year": 161.3,
            "eps_4q": 3.03,
            "eps_4q_growth_year": 17.72,
            "roe": 4.13,
            "roe_4q": 6.280000000000001,
            "gross_profit": 651440,
            "gross_margin": 30.78,
            "gross_margin_4q_avg": 29.05,
            "net_income": 339246,
            "net_income_4q": null,
            "revenue": 2116684,
            "revenue_4q": null,
            "common_shares": 1484985,
            "book_valuer_per_share": 52.95,
            "book_valuer_per_share_4q_avg": 51.77,
            "equity": 8390528,
            "current_ratio": 338.45,
            "debt_ratio": 17.87,
            "inventory_turnover_ratio": 0.98,
            "account_receivable_turnover_ratio": 2.13,
            "reinvestment_rate": 188.42,
            "research_to_sale_ratio": 6.45,
            "price_fair": 162.6,
            "eps_avg_yearly": 4.65,
            "eps_latest_yearly": 8.12,
            "eps_growth_yearly": 201.2
        },
        "20221": {
            "year_quarter": 20221,
            "year": 2022,
            "quarter": 1,
            "eps": 1.21,
            "eps_growth_year": 255.88,
            "eps_4q": 3.66,
            "eps_4q_growth_year": 19.84,
            "roe": 1.75,
            "roe_4q": 7.510000000000001,
            "gross_profit": 553187,
            "gross_margin": 28.34,
            "gross_margin_4q_avg": 28.73,
            "net_income": 149924,
            "net_income_4q": null,
            "revenue": 1951691,
            "revenue_4q": null,
            "common_shares": 1486185,
            "book_valuer_per_share": 54.12,
            "book_valuer_per_share_4q_avg": 52.02,
            "equity": 8712915,
            "current_ratio": 325.79,
            "debt_ratio": 19.63,
            "inventory_turnover_ratio": 0.81,
            "account_receivable_turnover_ratio": 1.66,
            "reinvestment_rate": 200.5,
            "research_to_sale_ratio": 6.81,
            "price_fair": 149.1,
            "eps_avg_yearly": 4.26,
            "eps_latest_yearly": 4.84,
            "eps_growth_yearly": 165.23
        },
        "20222": {
            "year_quarter": 20222,
            "year": 2022,
            "quarter": 2,
            "eps": 2.73,
            "eps_growth_year": 1336.84,
            "eps_4q": 5.49,
            "eps_4q_growth_year": 236.4,
            "roe": 3.58,
            "roe_4q": 10.73,
            "gross_profit": 758055,
            "gross_margin": 36.35,
            "gross_margin_4q_avg": 31.09,
            "net_income": 308703,
            "net_income_4q": null,
            "revenue": 2085452,
            "revenue_4q": null,
            "common_shares": 1486555,
            "book_valuer_per_share": 52.96,
            "book_valuer_per_share_4q_avg": 52.71,
            "equity": 8523185,
            "current_ratio": 275.42,
            "debt_ratio": 23.07,
            "inventory_turnover_ratio": 0.64,
            "account_receivable_turnover_ratio": 1.84,
            "reinvestment_rate": 203.74,
            "research_to_sale_ratio": 6.98,
            "price_fair": 146.9,
            "eps_avg_yearly": 4.2,
            "eps_latest_yearly": 10.92,
            "eps_growth_yearly": 196.77
        },
        "20223": {
            "year_quarter": 20223,
            "year": 2022,
            "quarter": 3,
            "eps": 3.33,
            "eps_growth_year": 278.41,
            "eps_4q": 7.24,
            "eps_4q_growth_year": 305.79,
            "roe": 4.39,
            "roe_4q": 13.849999999999998,
            "gross_profit": 637316,
            "gross_margin": 30.95,
            "gross_margin_4q_avg": 31.61,
            "net_income": 383945,
            "net_income_4q": null,
            "revenue": 2059391,
            "revenue_4q": null,
            "common_shares": 1487375,
            "book_valuer_per_share": 55.59,
            "book_valuer_per_share_4q_avg": 53.91,
            "equity": 8965557,
            "current_ratio": 323.31,
            "debt_ratio": 19.65,
            "inventory_turnover_ratio": 0.62,
            "account_receivable_turnover_ratio": 1.87,
            "reinvestment_rate": 26.67,
            "research_to_sale_ratio": 6.91,
            "price_fair": 173.4,
            "eps_avg_yearly": 4.95,
            "eps_latest_yearly": 13.32,
            "eps_growth_yearly": 225.04
        },
        "20224": {
            "year_quarter": 20224,
            "year": 2022,
            "quarter": 4,
            "eps": 1.98,
            "eps_growth_year": -2.17,
            "eps_4q": 7.2,
            "eps_4q_growth_year": 137.26,
            "roe": 3.66,
            "roe_4q": 13.38,
            "gross_profit": 804577,
            "gross_margin": 35.67,
            "gross_margin_4q_avg": 32.83,
            "net_income": 335264,
            "net_income_4q": null,
            "revenue": 2255542,
            "revenue_4q": null,
            "common_shares": 1490825,
            "book_valuer_per_share": 57.92,
            "book_valuer_per_share_4q_avg": 55.15,
            "equity": 9362898,
            "current_ratio": 356.62,
            "debt_ratio": 17.89,
            "inventory_turnover_ratio": 0.65,
            "account_receivable_turnover_ratio": 2.02,
            "reinvestment_rate": 31.45,
            "research_to_sale_ratio": 7.93,
            "price_fair": 188.3,
            "eps_avg_yearly": 5.38,
            "eps_latest_yearly": 7.92,
            "eps_growth_yearly": 221.44
        },
        "20231": {
            "year_quarter": 20231,
            "year": 2023,
            "quarter": 1,
            "eps": 2.87,
            "eps_growth_year": 137.19,
            "eps_4q": 8.38,
            "eps_4q_growth_year": 128.98,
            "roe": 3.53,
            "roe_4q": 15.159999999999998,
            "gross_profit": 622544,
            "gross_margin": 32.28,
            "gross_margin_4q_avg": 33.81,
            "net_income": 337537,
            "net_income_4q": null,
            "revenue": 1928838,
            "revenue_4q": null,
            "common_shares": 1492255,
            "book_valuer_per_share": 60.28,
            "book_valuer_per_share_4q_avg": 56.69,
            "equity": 9766389,
            "current_ratio": 380.14,
            "debt_ratio": 16.98,
            "inventory_turnover_ratio": 0.66,
            "account_receivable_turnover_ratio": 1.85,
            "reinvestment_rate": 35.46,
            "research_to_sale_ratio": 7.6,
            "price_fair": 195.4,
            "eps_avg_yearly": 5.58,
            "eps_latest_yearly": 11.48,
            "eps_growth_yearly": 136.9
        },
        "20232": {
            "year_quarter": 20232,
            "year": 2023,
            "quarter": 2,
            "eps": 2.77,
            "eps_growth_year": 1.47,
            "eps_4q": 8,
            "eps_4q_growth_year": 45.71,
            "roe": 3.43,
            "roe_4q": 15.010000000000002,
            "gross_profit": 729876,
            "gross_margin": 35.5,
            "gross_margin_4q_avg": 33.6,
            "net_income": 365400,
            "net_income_4q": null,
            "revenue": 2056104,
            "revenue_4q": null,
            "common_shares": 1600898,
            "book_valuer_per_share": 59.78,
            "book_valuer_per_share_4q_avg": 58.39,
            "equity": 11547236,
            "current_ratio": 290.83,
            "debt_ratio": 21.7,
            "inventory_turnover_ratio": 0.71,
            "account_receivable_turnover_ratio": 2.06,
            "reinvestment_rate": 44.66,
            "research_to_sale_ratio": 7.91,
            "price_fair": 217.5,
            "eps_avg_yearly": 6.21,
            "eps_latest_yearly": 11.08,
            "eps_growth_yearly": 157.07
        },
        "20233": {
            "year_quarter": 20233,
            "year": 2023,
            "quarter": 3,
            "eps": 2.35,
            "eps_growth_year": -29.43,
            "eps_4q": 7.51,
            "eps_4q_growth_year": 3.72,
            "roe": 2.93,
            "roe_4q": 13.55,
            "gross_profit": 752926,
            "gross_margin": 36.5,
            "gross_margin_4q_avg": 34.99,
            "net_income": 345337,
            "net_income_4q": null,
            "revenue": 2063003,
            "revenue_4q": null,
            "common_shares": 1601788,
            "book_valuer_per_share": 62.2,
            "book_valuer_per_share_4q_avg": 60.05,
            "equity": 12037663,
            "current_ratio": 395.07,
            "debt_ratio": 17.21,
            "inventory_turnover_ratio": 0.74,
            "account_receivable_turnover_ratio": 1.98,
            "reinvestment_rate": 36.2,
            "research_to_sale_ratio": 8.15,
            "price_fair": 233.6,
            "eps_avg_yearly": 6.67,
            "eps_latest_yearly": 9.4,
            "eps_growth_yearly": 143.55
        },
        "20234": {
            "year_quarter": 20234,
            "year": 2023,
            "quarter": 4,
            "eps": 0.38,
            "eps_growth_year": -80.73,
            "eps_4q": 6.04,
            "eps_4q_growth_year": -16.07,
            "roe": 0.98,
            "roe_4q": 10.87,
            "gross_profit": 729028,
            "gross_margin": 36,
            "gross_margin_4q_avg": 35.07,
            "net_income": 118976,
            "net_income_4q": null,
            "revenue": 2025258,
            "revenue_4q": null,
            "common_shares": 1602418,
            "book_valuer_per_share": 62.41,
            "book_valuer_per_share_4q_avg": 61.17,
            "equity": 12121395,
            "current_ratio": 435.18,
            "debt_ratio": 15.69,
            "inventory_turnover_ratio": 0.82,
            "account_receivable_turnover_ratio": 2.08,
            "reinvestment_rate": 37.31,
            "research_to_sale_ratio": 7.26,
            "price_fair": 225,
            "eps_avg_yearly": 6.43,
            "eps_latest_yearly": 1.52,
            "eps_growth_yearly": 100.3
        }
    },
    "months": {
        "2016-06": {
            "month": "2016-06",
            "price": "125.73",
            "revenue": 509070
        },
        "2016-07": {
            "month": "2016-07",
            "price": "118.54",
            "revenue": 483297
        },
        "2016-08": {
            "month": "2016-08",
            "price": "112.54",
            "revenue": 485740
        },
        "2016-09": {
            "month": "2016-09",
            "price": "107.73",
            "revenue": 545477
        },
        "2016-10": {
            "month": "2016-10",
            "price": "109.43",
            "revenue": 429489
        },
        "2016-11": {
            "month": "2016-11",
            "price": "108.90",
            "revenue": 428151
        },
        "2016-12": {
            "month": "2016-12",
            "price": "113.11",
            "revenue": 480178
        },
        "2017-01": {
            "month": "2017-01",
            "price": "118.64",
            "revenue": 476424
        },
        "2017-02": {
            "month": "2017-02",
            "price": "118.04",
            "revenue": 383074
        },
        "2017-03": {
            "month": "2017-03",
            "price": "117.40",
            "revenue": 477416
        },
        "2017-04": {
            "month": "2017-04",
            "price": "118.63",
            "revenue": 473463
        },
        "2017-05": {
            "month": "2017-05",
            "price": "117.89",
            "revenue": 471033
        },
        "2017-06": {
            "month": "2017-06",
            "price": "116.41",
            "revenue": 521728
        },
        "2017-07": {
            "month": "2017-07",
            "price": "113.56",
            "revenue": 460067
        },
        "2017-08": {
            "month": "2017-08",
            "price": "122.43",
            "revenue": 470606
        },
        "2017-09": {
            "month": "2017-09",
            "price": "102.85",
            "revenue": 404775
        },
        "2017-10": {
            "month": "2017-10",
            "price": "92.80",
            "revenue": 354705
        },
        "2017-11": {
            "month": "2017-11",
            "price": "90.85",
            "revenue": 447026
        },
        "2017-12": {
            "month": "2017-12",
            "price": "90.63",
            "revenue": 471221
        },
        "2018-01": {
            "month": "2018-01",
            "price": "90.48",
            "revenue": 458882
        },
        "2018-02": {
            "month": "2018-02",
            "price": "85.25",
            "revenue": 313178
        },
        "2018-03": {
            "month": "2018-03",
            "price": "87.48",
            "revenue": 509168
        },
        "2018-04": {
            "month": "2018-04",
            "price": "85.12",
            "revenue": 408587
        },
        "2018-05": {
            "month": "2018-05",
            "price": "87.28",
            "revenue": 466421
        },
        "2018-06": {
            "month": "2018-06",
            "price": "86.79",
            "revenue": 517928
        },
        "2018-07": {
            "month": "2018-07",
            "price": "80.85",
            "revenue": 504334
        },
        "2018-08": {
            "month": "2018-08",
            "price": "85.25",
            "revenue": 583701
        },
        "2018-09": {
            "month": "2018-09",
            "price": "85.01",
            "revenue": 560796
        },
        "2018-10": {
            "month": "2018-10",
            "price": "79.58",
            "revenue": 507281
        },
        "2018-11": {
            "month": "2018-11",
            "price": "74.64",
            "revenue": 516682
        },
        "2018-12": {
            "month": "2018-12",
            "price": "73.15",
            "revenue": 453296
        },
        "2019-01": {
            "month": "2019-01",
            "price": "73.34",
            "revenue": 518224
        },
        "2019-02": {
            "month": "2019-02",
            "price": "77.22",
            "revenue": 344296
        },
        "2019-03": {
            "month": "2019-03",
            "price": "76.33",
            "revenue": 678749
        },
        "2019-04": {
            "month": "2019-04",
            "price": "77.90",
            "revenue": 483455
        },
        "2019-05": {
            "month": "2019-05",
            "price": "80.27",
            "revenue": 579182
        },
        "2019-06": {
            "month": "2019-06",
            "price": "82.45",
            "revenue": 541977
        },
        "2019-07": {
            "month": "2019-07",
            "price": "82.99",
            "revenue": 434529
        },
        "2019-08": {
            "month": "2019-08",
            "price": "76.26",
            "revenue": 528078
        },
        "2019-09": {
            "month": "2019-09",
            "price": "74.84",
            "revenue": 468520
        },
        "2019-10": {
            "month": "2019-10",
            "price": "72.35",
            "revenue": 509299
        },
        "2019-11": {
            "month": "2019-11",
            "price": "71.94",
            "revenue": 524045
        },
        "2019-12": {
            "month": "2019-12",
            "price": "72.19",
            "revenue": 538026
        },
        "2020-01": {
            "month": "2020-01",
            "price": "72.42",
            "revenue": 462940
        },
        "2020-02": {
            "month": "2020-02",
            "price": "70.10",
            "revenue": 468637
        },
        "2020-03": {
            "month": "2020-03",
            "price": "63.16",
            "revenue": 466624
        },
        "2020-04": {
            "month": "2020-04",
            "price": "62.34",
            "revenue": 485657
        },
        "2020-05": {
            "month": "2020-05",
            "price": "64.30",
            "revenue": 533320
        },
        "2020-06": {
            "month": "2020-06",
            "price": "68.06",
            "revenue": 583348
        },
        "2020-07": {
            "month": "2020-07",
            "price": "72.68",
            "revenue": 569515
        },
        "2020-08": {
            "month": "2020-08",
            "price": "71.10",
            "revenue": 477758
        },
        "2020-09": {
            "month": "2020-09",
            "price": "70.53",
            "revenue": 439621
        },
        "2020-10": {
            "month": "2020-10",
            "price": "69.90",
            "revenue": 417735
        },
        "2020-11": {
            "month": "2020-11",
            "price": "69.83",
            "revenue": 457558
        },
        "2020-12": {
            "month": "2020-12",
            "price": "74.52",
            "revenue": 535472
        },
        "2021-01": {
            "month": "2021-01",
            "price": "72.06",
            "revenue": 500734
        },
        "2021-02": {
            "month": "2021-02",
            "price": "69.00",
            "revenue": 270386
        },
        "2021-03": {
            "month": "2021-03",
            "price": "69.53",
            "revenue": 495435
        },
        "2021-04": {
            "month": "2021-04",
            "price": "70.58",
            "revenue": 379459
        },
        "2021-05": {
            "month": "2021-05",
            "price": "66.66",
            "revenue": 409278
        },
        "2021-06": {
            "month": "2021-06",
            "price": "68.04",
            "revenue": 615979
        },
        "2021-07": {
            "month": "2021-07",
            "price": "68.26",
            "revenue": 451574
        },
        "2021-08": {
            "month": "2021-08",
            "price": "63.62",
            "revenue": 549791
        },
        "2021-09": {
            "month": "2021-09",
            "price": "61.64",
            "revenue": 558384
        },
        "2021-10": {
            "month": "2021-10",
            "price": "61.72",
            "revenue": 524627
        },
        "2021-11": {
            "month": "2021-11",
            "price": "63.48",
            "revenue": 727420
        },
        "2021-12": {
            "month": "2021-12",
            "price": "66.48",
            "revenue": 864637
        },
        "2022-01": {
            "month": "2022-01",
            "price": "71.22",
            "revenue": 616948
        },
        "2022-02": {
            "month": "2022-02",
            "price": "69.58",
            "revenue": 544519
        },
        "2022-03": {
            "month": "2022-03",
            "price": "71.94",
            "revenue": 790224
        },
        "2022-04": {
            "month": "2022-04",
            "price": "82.35",
            "revenue": 551932
        },
        "2022-05": {
            "month": "2022-05",
            "price": "80.10",
            "revenue": 761719
        },
        "2022-06": {
            "month": "2022-06",
            "price": "79.76",
            "revenue": 771801
        },
        "2022-07": {
            "month": "2022-07",
            "price": "79.15",
            "revenue": 642046
        },
        "2022-08": {
            "month": "2022-08",
            "price": "87.60",
            "revenue": 652638
        },
        "2022-09": {
            "month": "2022-09",
            "price": "83.02",
            "revenue": 764707
        },
        "2022-10": {
            "month": "2022-10",
            "price": "73.12",
            "revenue": 715949
        },
        "2022-11": {
            "month": "2022-11",
            "price": "79.39",
            "revenue": 765128
        },
        "2022-12": {
            "month": "2022-12",
            "price": "86.13",
            "revenue": 774465
        },
        "2023-01": {
            "month": "2023-01",
            "price": "88.53",
            "revenue": 634369
        },
        "2023-02": {
            "month": "2023-02",
            "price": "92.11",
            "revenue": 613423
        },
        "2023-03": {
            "month": "2023-03",
            "price": "95.62",
            "revenue": 681046
        },
        "2023-04": {
            "month": "2023-04",
            "price": "92.56",
            "revenue": 587551
        },
        "2023-05": {
            "month": "2023-05",
            "price": "101.30",
            "revenue": 702184
        },
        "2023-06": {
            "month": "2023-06",
            "price": "129.38",
            "revenue": 766369
        },
        "2023-07": {
            "month": "2023-07",
            "price": "164.79",
            "revenue": 655946
        },
        "2023-08": {
            "month": "2023-08",
            "price": "173.82",
            "revenue": 649236
        },
        "2023-09": {
            "month": "2023-09",
            "price": "149.50",
            "revenue": 757821
        },
        "2023-10": {
            "month": "2023-10",
            "price": "141.82",
            "revenue": 667772
        },
        "2023-11": {
            "month": "2023-11",
            "price": "146.70",
            "revenue": 546574
        },
        "2023-12": {
            "month": "2023-12",
            "price": "148.74",
            "revenue": 810912
        },
        "2024-01": {
            "month": "2024-01",
            "price": "158.93",
            "revenue": 713740
        },
        "2024-02": {
            "month": "2024-02",
            "price": "164.31",
            "revenue": 448042
        }
    }
}
