{
    "summary": {
        "stock_name": "鋼聯",
        "stock_id": "6581",
        "category": "其他",
        "main_business": "廢棄物清除再利用<br>銷售氧化鋅",
        "website_url": "https://www.tsutw.com.tw/",
        "ceo": "林才翔",
        "pe_ratio": 11,
        "report_year_from": 2016,
        "report_year_to": 2023,
        "age": 7,
        "eps_negative_percentage": 0,
        "eps_growth_avg": {
            "last_all": 16.25,
            "last_2y": 38.32,
            "last_4y": 16.25,
            "last_8y": null,
            "last_12y": null,
            "last_16y": null,
            "last_20y": null,
            "at_2006_last_3y": null,
            "at_2007_last_3y": null,
            "at_2008_last_3y": null,
            "at_2009_last_3y": null,
            "at_2010_last_3y": null,
            "at_2011_last_3y": null,
            "at_2012_last_3y": null,
            "at_2013_last_3y": null,
            "at_2014_last_3y": null,
            "at_2015_last_3y": null,
            "at_2016_last_3y": null,
            "at_2017_last_3y": null,
            "at_2018_last_3y": null,
            "at_2019_last_3y": null,
            "at_2020_last_3y": null,
            "at_2021_last_3y": 1.76,
            "at_2022_last_3y": 16.4,
            "at_2023_last_3y": 16.4,
            "at_2006_last_all": null,
            "at_2007_last_all": null,
            "at_2008_last_all": null,
            "at_2009_last_all": null,
            "at_2010_last_all": null,
            "at_2011_last_all": null,
            "at_2012_last_all": null,
            "at_2013_last_all": null,
            "at_2014_last_all": null,
            "at_2015_last_all": null,
            "at_2016_last_all": null,
            "at_2017_last_all": null,
            "at_2018_last_all": null,
            "at_2019_last_all": -16.85,
            "at_2020_last_all": -10.58,
            "at_2021_last_all": 1.76,
            "at_2022_last_all": 16.25,
            "at_2023_last_all": 16.25
        },
        "latest_eps": 8.21,
        "latest_price": 91.3,
        "latest_roe": 25.41,
        "latest_gross_margin": 46.77,
        "latest_equity": 3692237,
        "latest_revenue": 370968,
        "latest_gross_profit": 173503,
        "latest_net_income": 85513,
        "latest_debt_ratio": 27.18,
        "latest_current_ratio": 124.17,
        "latest_account_receivable_turnover_ratio": 2.13,
        "latest_inventory_turnover_ratio": 1.01,
        "latest_reinvestment_rate": 36.01,
        "latest_research_to_sale_ratio": 0.03
    },
    "eps_dividends": {
        "2001": {
            "cash": 0,
            "stock": 0,
            "eps": 0
        },
        "2002": {
            "cash": 0,
            "stock": 0,
            "eps": 0
        },
        "2003": {
            "cash": 0,
            "stock": 0,
            "eps": 0
        },
        "2004": {
            "cash": 0,
            "stock": 0,
            "eps": 0
        },
        "2005": {
            "cash": 0,
            "stock": 0,
            "eps": 0
        },
        "2006": {
            "cash": 0,
            "stock": 0,
            "eps": 0
        },
        "2007": {
            "cash": 0,
            "stock": 0,
            "eps": 0
        },
        "2008": {
            "cash": 0,
            "stock": 0,
            "eps": 0
        },
        "2009": {
            "cash": 0,
            "stock": 0,
            "eps": 0
        },
        "2010": {
            "cash": 0,
            "stock": 0,
            "eps": 0
        },
        "2011": {
            "cash": 0,
            "stock": 0,
            "eps": 0
        },
        "2012": {
            "cash": 0,
            "stock": 0,
            "eps": 0
        },
        "2013": {
            "cash": 0,
            "stock": 0,
            "eps": 0
        },
        "2014": {
            "cash": 0,
            "stock": 0,
            "eps": 0
        },
        "2015": {
            "cash": 0,
            "stock": 0,
            "eps": 0
        },
        "2016": {
            "cash": 0,
            "stock": 0,
            "eps": 0
        },
        "2017": {
            "cash": 3.4,
            "stock": 0,
            "eps": 6.13
        },
        "2018": {
            "cash": 5.35,
            "stock": 0,
            "eps": 7.09
        },
        "2019": {
            "cash": 4.98,
            "stock": 0,
            "eps": 3.59
        },
        "2020": {
            "cash": 2.6,
            "stock": 0,
            "eps": 3.66
        },
        "2021": {
            "cash": 3,
            "stock": 0,
            "eps": 5.08
        },
        "2022": {
            "cash": 4,
            "stock": 0,
            "eps": 8.85
        },
        "2023": {
            "cash": 6.5,
            "stock": 0,
            "eps": 0.77
        }
    },
    "dividends": {
        "2017-06-06": {
            "cash": 3.4,
            "stock": 0
        },
        "2018-07-27": {
            "cash": 5.35,
            "stock": 0
        },
        "2019-09-06": {
            "cash": 4.98,
            "stock": 0
        },
        "2020-07-15": {
            "cash": 2.6,
            "stock": 0
        },
        "2021-04-23": {
            "cash": 3,
            "stock": 0
        },
        "2022-04-22": {
            "cash": 4,
            "stock": 0
        },
        "2023-04-24": {
            "cash": 6.5,
            "stock": 0
        }
    },
    "prices": {
        "200101": "無",
        "200102": "無",
        "200103": "無",
        "200104": "無",
        "200105": "無",
        "200106": "無",
        "200107": "無",
        "200108": "無",
        "200109": "無",
        "200110": "無",
        "200111": "無",
        "200112": "無",
        "200201": "無",
        "200202": "無",
        "200203": "無",
        "200204": "無",
        "200205": "無",
        "200206": "無",
        "200207": "無",
        "200208": "無",
        "200209": "無",
        "200210": "無",
        "200211": "無",
        "200212": "無",
        "200301": "無",
        "200302": "無",
        "200303": "無",
        "200304": "無",
        "200305": "無",
        "200306": "無",
        "200307": "無",
        "200308": "無",
        "200309": "無",
        "200310": "無",
        "200311": "無",
        "200312": "無",
        "200401": "無",
        "200402": "無",
        "200403": "無",
        "200404": "無",
        "200405": "無",
        "200406": "無",
        "200407": "無",
        "200408": "無",
        "200409": "無",
        "200410": "無",
        "200411": "無",
        "200412": "無",
        "200501": "無",
        "200502": "無",
        "200503": "無",
        "200504": "無",
        "200505": "無",
        "200506": "無",
        "200507": "無",
        "200508": "無",
        "200509": "無",
        "200510": "無",
        "200511": "無",
        "200512": "無",
        "200601": "無",
        "200602": "無",
        "200603": "無",
        "200604": "無",
        "200605": "無",
        "200606": "無",
        "200607": "無",
        "200608": "無",
        "200609": "無",
        "200610": "無",
        "200611": "無",
        "200612": "無",
        "200701": "無",
        "200702": "無",
        "200703": "無",
        "200704": "無",
        "200705": "無",
        "200706": "無",
        "200707": "無",
        "200708": "無",
        "200709": "無",
        "200710": "無",
        "200711": "無",
        "200712": "無",
        "200801": "無",
        "200802": "無",
        "200803": "無",
        "200804": "無",
        "200805": "無",
        "200806": "無",
        "200807": "無",
        "200808": "無",
        "200809": "無",
        "200810": "無",
        "200811": "無",
        "200812": "無",
        "200901": "無",
        "200902": "無",
        "200903": "無",
        "200904": "無",
        "200905": "無",
        "200906": "無",
        "200907": "無",
        "200908": "無",
        "200909": "無",
        "200910": "無",
        "200911": "無",
        "200912": "無",
        "201001": "無",
        "201002": "無",
        "201003": "無",
        "201004": "無",
        "201005": "無",
        "201006": "無",
        "201007": "無",
        "201008": "無",
        "201009": "無",
        "201010": "無",
        "201011": "無",
        "201012": "無",
        "201101": "無",
        "201102": "無",
        "201103": "無",
        "201104": "無",
        "201105": "無",
        "201106": "無",
        "201107": "無",
        "201108": "無",
        "201109": "無",
        "201110": "無",
        "201111": "無",
        "201112": "無",
        "201201": "無",
        "201202": "無",
        "201203": "無",
        "201204": "無",
        "201205": "無",
        "201206": "無",
        "201207": "無",
        "201208": "無",
        "201209": "無",
        "201210": "無",
        "201211": "無",
        "201212": "無",
        "201301": "無",
        "201302": "無",
        "201303": "無",
        "201304": "無",
        "201305": "無",
        "201306": "無",
        "201307": "無",
        "201308": "無",
        "201309": "無",
        "201310": "無",
        "201311": "無",
        "201312": "無",
        "201401": "無",
        "201402": "無",
        "201403": "無",
        "201404": "無",
        "201405": "無",
        "201406": "無",
        "201407": "無",
        "201408": "無",
        "201409": "無",
        "201410": "無",
        "201411": "無",
        "201412": "無",
        "201501": "無",
        "201502": "無",
        "201503": "無",
        "201504": "無",
        "201505": "無",
        "201506": "無",
        "201507": "無",
        "201508": "無",
        "201509": "無",
        "201510": "無",
        "201511": "無",
        "201512": "無",
        "201601": "無",
        "201602": "無",
        "201603": "無",
        "201604": "無",
        "201605": "無",
        "201606": "無",
        "201607": "無",
        "201608": "無",
        "201609": "54.71",
        "201610": "54.81",
        "201611": "56.80",
        "201612": "68.55",
        "201701": "82.25",
        "201702": "80.10",
        "201703": "100.28",
        "201704": "112.16",
        "201705": "103.52",
        "201706": "95.76",
        "201707": "98.16",
        "201708": "113.53",
        "201709": "108.76",
        "201710": "117.30",
        "201711": "118.64",
        "201712": "129.50",
        "201801": "126.14",
        "201802": "138.50",
        "201803": "128.85",
        "201804": "122.36",
        "201805": "117.30",
        "201806": "114.90",
        "201807": "109.27",
        "201808": "113.87",
        "201809": "108.34",
        "201810": "97.94",
        "201811": "89.24",
        "201812": "86.21",
        "201901": "89.84",
        "201902": "97.54",
        "201903": "100.84",
        "201904": "100.66",
        "201905": "96.79",
        "201906": "96.73",
        "201907": "97.62",
        "201908": "91.62",
        "201909": "91.01",
        "201910": "88.23",
        "201911": "85.94",
        "201912": "84.33",
        "202001": "82.34",
        "202002": "76.75",
        "202003": "59.84",
        "202004": "56.64",
        "202005": "60.44",
        "202006": "62.32",
        "202007": "61.90",
        "202008": "66.59",
        "202009": "68.54",
        "202010": "68.01",
        "202011": "71.70",
        "202012": "77.08",
        "202101": "72.93",
        "202102": "70.72",
        "202103": "74.82",
        "202104": "74.88",
        "202105": "70.47",
        "202106": "72.70",
        "202107": "71.17",
        "202108": "73.34",
        "202109": "74.74",
        "202110": "77.34",
        "202111": "79.14",
        "202112": "80.44",
        "202201": "81.81",
        "202202": "85.54",
        "202203": "87.00",
        "202204": "100.75",
        "202205": "88.09",
        "202206": "88.69",
        "202207": "79.30",
        "202208": "90.50",
        "202209": "93.04",
        "202210": "89.38",
        "202211": "90.26",
        "202212": "93.55",
        "202301": "96.20",
        "202302": "100.33",
        "202303": "101.42",
        "202304": "91.68",
        "202305": "90.58",
        "202306": "91.89"
    },
    "quarters": {
        "20011": {
            "year_quarter": 20011,
            "year": 2001,
            "quarter": 1,
            "eps": null,
            "eps_growth_year": null,
            "eps_4q": null,
            "eps_4q_growth_year": null,
            "roe": null,
            "roe_4q": 0,
            "gross_profit": null,
            "gross_margin": null,
            "gross_margin_4q_avg": 0,
            "net_income": null,
            "revenue": null,
            "common_shares": null,
            "book_valuer_per_share": null,
            "book_valuer_per_share_4q_avg": 0,
            "equity": null,
            "current_ratio": null,
            "debt_ratio": null,
            "inventory_turnover_ratio": null,
            "account_receivable_turnover_ratio": null,
            "reinvestment_rate": null,
            "research_to_sale_ratio": null,
            "price_fair": 0,
            "eps_avg_yearly": 0,
            "eps_latest_yearly": 0,
            "eps_growth_yearly": 0
        },
        "20012": {
            "year_quarter": 20012,
            "year": 2001,
            "quarter": 2,
            "eps": null,
            "eps_growth_year": null,
            "eps_4q": null,
            "eps_4q_growth_year": null,
            "roe": null,
            "roe_4q": 0,
            "gross_profit": null,
            "gross_margin": null,
            "gross_margin_4q_avg": 0,
            "net_income": null,
            "revenue": null,
            "common_shares": null,
            "book_valuer_per_share": null,
            "book_valuer_per_share_4q_avg": 0,
            "equity": null,
            "current_ratio": null,
            "debt_ratio": null,
            "inventory_turnover_ratio": null,
            "account_receivable_turnover_ratio": null,
            "reinvestment_rate": null,
            "research_to_sale_ratio": null,
            "price_fair": 0,
            "eps_avg_yearly": 0,
            "eps_latest_yearly": 0,
            "eps_growth_yearly": 0
        },
        "20013": {
            "year_quarter": 20013,
            "year": 2001,
            "quarter": 3,
            "eps": null,
            "eps_growth_year": null,
            "eps_4q": null,
            "eps_4q_growth_year": null,
            "roe": null,
            "roe_4q": 0,
            "gross_profit": null,
            "gross_margin": null,
            "gross_margin_4q_avg": 0,
            "net_income": null,
            "revenue": null,
            "common_shares": null,
            "book_valuer_per_share": null,
            "book_valuer_per_share_4q_avg": 0,
            "equity": null,
            "current_ratio": null,
            "debt_ratio": null,
            "inventory_turnover_ratio": null,
            "account_receivable_turnover_ratio": null,
            "reinvestment_rate": null,
            "research_to_sale_ratio": null,
            "price_fair": 0,
            "eps_avg_yearly": 0,
            "eps_latest_yearly": 0,
            "eps_growth_yearly": 0
        },
        "20014": {
            "year_quarter": 20014,
            "year": 2001,
            "quarter": 4,
            "eps": null,
            "eps_growth_year": null,
            "eps_4q": null,
            "eps_4q_growth_year": null,
            "roe": null,
            "roe_4q": 0,
            "gross_profit": null,
            "gross_margin": null,
            "gross_margin_4q_avg": 0,
            "net_income": null,
            "revenue": null,
            "common_shares": null,
            "book_valuer_per_share": null,
            "book_valuer_per_share_4q_avg": 0,
            "equity": null,
            "current_ratio": null,
            "debt_ratio": null,
            "inventory_turnover_ratio": null,
            "account_receivable_turnover_ratio": null,
            "reinvestment_rate": null,
            "research_to_sale_ratio": null,
            "price_fair": 0,
            "eps_avg_yearly": 0,
            "eps_latest_yearly": 0,
            "eps_growth_yearly": 0
        },
        "20021": {
            "year_quarter": 20021,
            "year": 2002,
            "quarter": 1,
            "eps": null,
            "eps_growth_year": null,
            "eps_4q": null,
            "eps_4q_growth_year": null,
            "roe": null,
            "roe_4q": 0,
            "gross_profit": null,
            "gross_margin": null,
            "gross_margin_4q_avg": 0,
            "net_income": null,
            "revenue": null,
            "common_shares": null,
            "book_valuer_per_share": null,
            "book_valuer_per_share_4q_avg": 0,
            "equity": null,
            "current_ratio": null,
            "debt_ratio": null,
            "inventory_turnover_ratio": null,
            "account_receivable_turnover_ratio": null,
            "reinvestment_rate": null,
            "research_to_sale_ratio": null,
            "price_fair": 0,
            "eps_avg_yearly": 0,
            "eps_latest_yearly": 0,
            "eps_growth_yearly": 0
        },
        "20022": {
            "year_quarter": 20022,
            "year": 2002,
            "quarter": 2,
            "eps": null,
            "eps_growth_year": null,
            "eps_4q": null,
            "eps_4q_growth_year": null,
            "roe": null,
            "roe_4q": 0,
            "gross_profit": null,
            "gross_margin": null,
            "gross_margin_4q_avg": 0,
            "net_income": null,
            "revenue": null,
            "common_shares": null,
            "book_valuer_per_share": null,
            "book_valuer_per_share_4q_avg": 0,
            "equity": null,
            "current_ratio": null,
            "debt_ratio": null,
            "inventory_turnover_ratio": null,
            "account_receivable_turnover_ratio": null,
            "reinvestment_rate": null,
            "research_to_sale_ratio": null,
            "price_fair": 0,
            "eps_avg_yearly": 0,
            "eps_latest_yearly": 0,
            "eps_growth_yearly": 0
        },
        "20023": {
            "year_quarter": 20023,
            "year": 2002,
            "quarter": 3,
            "eps": null,
            "eps_growth_year": null,
            "eps_4q": null,
            "eps_4q_growth_year": null,
            "roe": null,
            "roe_4q": 0,
            "gross_profit": null,
            "gross_margin": null,
            "gross_margin_4q_avg": 0,
            "net_income": null,
            "revenue": null,
            "common_shares": null,
            "book_valuer_per_share": null,
            "book_valuer_per_share_4q_avg": 0,
            "equity": null,
            "current_ratio": null,
            "debt_ratio": null,
            "inventory_turnover_ratio": null,
            "account_receivable_turnover_ratio": null,
            "reinvestment_rate": null,
            "research_to_sale_ratio": null,
            "price_fair": 0,
            "eps_avg_yearly": 0,
            "eps_latest_yearly": 0,
            "eps_growth_yearly": 0
        },
        "20024": {
            "year_quarter": 20024,
            "year": 2002,
            "quarter": 4,
            "eps": null,
            "eps_growth_year": null,
            "eps_4q": null,
            "eps_4q_growth_year": null,
            "roe": null,
            "roe_4q": 0,
            "gross_profit": null,
            "gross_margin": null,
            "gross_margin_4q_avg": 0,
            "net_income": null,
            "revenue": null,
            "common_shares": null,
            "book_valuer_per_share": null,
            "book_valuer_per_share_4q_avg": 0,
            "equity": null,
            "current_ratio": null,
            "debt_ratio": null,
            "inventory_turnover_ratio": null,
            "account_receivable_turnover_ratio": null,
            "reinvestment_rate": null,
            "research_to_sale_ratio": null,
            "price_fair": 0,
            "eps_avg_yearly": 0,
            "eps_latest_yearly": 0,
            "eps_growth_yearly": 0
        },
        "20031": {
            "year_quarter": 20031,
            "year": 2003,
            "quarter": 1,
            "eps": null,
            "eps_growth_year": null,
            "eps_4q": null,
            "eps_4q_growth_year": null,
            "roe": null,
            "roe_4q": 0,
            "gross_profit": null,
            "gross_margin": null,
            "gross_margin_4q_avg": 0,
            "net_income": null,
            "revenue": null,
            "common_shares": null,
            "book_valuer_per_share": null,
            "book_valuer_per_share_4q_avg": 0,
            "equity": null,
            "current_ratio": null,
            "debt_ratio": null,
            "inventory_turnover_ratio": null,
            "account_receivable_turnover_ratio": null,
            "reinvestment_rate": null,
            "research_to_sale_ratio": null,
            "price_fair": 0,
            "eps_avg_yearly": 0,
            "eps_latest_yearly": 0,
            "eps_growth_yearly": 0
        },
        "20032": {
            "year_quarter": 20032,
            "year": 2003,
            "quarter": 2,
            "eps": null,
            "eps_growth_year": null,
            "eps_4q": null,
            "eps_4q_growth_year": null,
            "roe": null,
            "roe_4q": 0,
            "gross_profit": null,
            "gross_margin": null,
            "gross_margin_4q_avg": 0,
            "net_income": null,
            "revenue": null,
            "common_shares": null,
            "book_valuer_per_share": null,
            "book_valuer_per_share_4q_avg": 0,
            "equity": null,
            "current_ratio": null,
            "debt_ratio": null,
            "inventory_turnover_ratio": null,
            "account_receivable_turnover_ratio": null,
            "reinvestment_rate": null,
            "research_to_sale_ratio": null,
            "price_fair": 0,
            "eps_avg_yearly": 0,
            "eps_latest_yearly": 0,
            "eps_growth_yearly": 0
        },
        "20033": {
            "year_quarter": 20033,
            "year": 2003,
            "quarter": 3,
            "eps": null,
            "eps_growth_year": null,
            "eps_4q": null,
            "eps_4q_growth_year": null,
            "roe": null,
            "roe_4q": 0,
            "gross_profit": null,
            "gross_margin": null,
            "gross_margin_4q_avg": 0,
            "net_income": null,
            "revenue": null,
            "common_shares": null,
            "book_valuer_per_share": null,
            "book_valuer_per_share_4q_avg": 0,
            "equity": null,
            "current_ratio": null,
            "debt_ratio": null,
            "inventory_turnover_ratio": null,
            "account_receivable_turnover_ratio": null,
            "reinvestment_rate": null,
            "research_to_sale_ratio": null,
            "price_fair": 0,
            "eps_avg_yearly": 0,
            "eps_latest_yearly": 0,
            "eps_growth_yearly": 0
        },
        "20034": {
            "year_quarter": 20034,
            "year": 2003,
            "quarter": 4,
            "eps": null,
            "eps_growth_year": null,
            "eps_4q": null,
            "eps_4q_growth_year": null,
            "roe": null,
            "roe_4q": 0,
            "gross_profit": null,
            "gross_margin": null,
            "gross_margin_4q_avg": 0,
            "net_income": null,
            "revenue": null,
            "common_shares": null,
            "book_valuer_per_share": null,
            "book_valuer_per_share_4q_avg": 0,
            "equity": null,
            "current_ratio": null,
            "debt_ratio": null,
            "inventory_turnover_ratio": null,
            "account_receivable_turnover_ratio": null,
            "reinvestment_rate": null,
            "research_to_sale_ratio": null,
            "price_fair": 0,
            "eps_avg_yearly": 0,
            "eps_latest_yearly": 0,
            "eps_growth_yearly": 0
        },
        "20041": {
            "year_quarter": 20041,
            "year": 2004,
            "quarter": 1,
            "eps": null,
            "eps_growth_year": null,
            "eps_4q": null,
            "eps_4q_growth_year": null,
            "roe": null,
            "roe_4q": 0,
            "gross_profit": null,
            "gross_margin": null,
            "gross_margin_4q_avg": 0,
            "net_income": null,
            "revenue": null,
            "common_shares": null,
            "book_valuer_per_share": null,
            "book_valuer_per_share_4q_avg": 0,
            "equity": null,
            "current_ratio": null,
            "debt_ratio": null,
            "inventory_turnover_ratio": null,
            "account_receivable_turnover_ratio": null,
            "reinvestment_rate": null,
            "research_to_sale_ratio": null,
            "price_fair": 0,
            "eps_avg_yearly": 0,
            "eps_latest_yearly": 0,
            "eps_growth_yearly": 0
        },
        "20042": {
            "year_quarter": 20042,
            "year": 2004,
            "quarter": 2,
            "eps": null,
            "eps_growth_year": null,
            "eps_4q": null,
            "eps_4q_growth_year": null,
            "roe": null,
            "roe_4q": 0,
            "gross_profit": null,
            "gross_margin": null,
            "gross_margin_4q_avg": 0,
            "net_income": null,
            "revenue": null,
            "common_shares": null,
            "book_valuer_per_share": null,
            "book_valuer_per_share_4q_avg": 0,
            "equity": null,
            "current_ratio": null,
            "debt_ratio": null,
            "inventory_turnover_ratio": null,
            "account_receivable_turnover_ratio": null,
            "reinvestment_rate": null,
            "research_to_sale_ratio": null,
            "price_fair": 0,
            "eps_avg_yearly": 0,
            "eps_latest_yearly": 0,
            "eps_growth_yearly": 0
        },
        "20043": {
            "year_quarter": 20043,
            "year": 2004,
            "quarter": 3,
            "eps": null,
            "eps_growth_year": null,
            "eps_4q": null,
            "eps_4q_growth_year": null,
            "roe": null,
            "roe_4q": 0,
            "gross_profit": null,
            "gross_margin": null,
            "gross_margin_4q_avg": 0,
            "net_income": null,
            "revenue": null,
            "common_shares": null,
            "book_valuer_per_share": null,
            "book_valuer_per_share_4q_avg": 0,
            "equity": null,
            "current_ratio": null,
            "debt_ratio": null,
            "inventory_turnover_ratio": null,
            "account_receivable_turnover_ratio": null,
            "reinvestment_rate": null,
            "research_to_sale_ratio": null,
            "price_fair": 0,
            "eps_avg_yearly": 0,
            "eps_latest_yearly": 0,
            "eps_growth_yearly": 0
        },
        "20044": {
            "year_quarter": 20044,
            "year": 2004,
            "quarter": 4,
            "eps": null,
            "eps_growth_year": null,
            "eps_4q": null,
            "eps_4q_growth_year": null,
            "roe": null,
            "roe_4q": 0,
            "gross_profit": null,
            "gross_margin": null,
            "gross_margin_4q_avg": 0,
            "net_income": null,
            "revenue": null,
            "common_shares": null,
            "book_valuer_per_share": null,
            "book_valuer_per_share_4q_avg": 0,
            "equity": null,
            "current_ratio": null,
            "debt_ratio": null,
            "inventory_turnover_ratio": null,
            "account_receivable_turnover_ratio": null,
            "reinvestment_rate": null,
            "research_to_sale_ratio": null,
            "price_fair": 0,
            "eps_avg_yearly": 0,
            "eps_latest_yearly": 0,
            "eps_growth_yearly": 0
        },
        "20051": {
            "year_quarter": 20051,
            "year": 2005,
            "quarter": 1,
            "eps": null,
            "eps_growth_year": null,
            "eps_4q": null,
            "eps_4q_growth_year": null,
            "roe": null,
            "roe_4q": 0,
            "gross_profit": null,
            "gross_margin": null,
            "gross_margin_4q_avg": 0,
            "net_income": null,
            "revenue": null,
            "common_shares": null,
            "book_valuer_per_share": null,
            "book_valuer_per_share_4q_avg": 0,
            "equity": null,
            "current_ratio": null,
            "debt_ratio": null,
            "inventory_turnover_ratio": null,
            "account_receivable_turnover_ratio": null,
            "reinvestment_rate": null,
            "research_to_sale_ratio": null,
            "price_fair": 0,
            "eps_avg_yearly": 0,
            "eps_latest_yearly": 0,
            "eps_growth_yearly": 0
        },
        "20052": {
            "year_quarter": 20052,
            "year": 2005,
            "quarter": 2,
            "eps": null,
            "eps_growth_year": null,
            "eps_4q": null,
            "eps_4q_growth_year": null,
            "roe": null,
            "roe_4q": 0,
            "gross_profit": null,
            "gross_margin": null,
            "gross_margin_4q_avg": 0,
            "net_income": null,
            "revenue": null,
            "common_shares": null,
            "book_valuer_per_share": null,
            "book_valuer_per_share_4q_avg": 0,
            "equity": null,
            "current_ratio": null,
            "debt_ratio": null,
            "inventory_turnover_ratio": null,
            "account_receivable_turnover_ratio": null,
            "reinvestment_rate": null,
            "research_to_sale_ratio": null,
            "price_fair": 0,
            "eps_avg_yearly": 0,
            "eps_latest_yearly": 0,
            "eps_growth_yearly": 0
        },
        "20053": {
            "year_quarter": 20053,
            "year": 2005,
            "quarter": 3,
            "eps": null,
            "eps_growth_year": null,
            "eps_4q": null,
            "eps_4q_growth_year": null,
            "roe": null,
            "roe_4q": 0,
            "gross_profit": null,
            "gross_margin": null,
            "gross_margin_4q_avg": 0,
            "net_income": null,
            "revenue": null,
            "common_shares": null,
            "book_valuer_per_share": null,
            "book_valuer_per_share_4q_avg": 0,
            "equity": null,
            "current_ratio": null,
            "debt_ratio": null,
            "inventory_turnover_ratio": null,
            "account_receivable_turnover_ratio": null,
            "reinvestment_rate": null,
            "research_to_sale_ratio": null,
            "price_fair": 0,
            "eps_avg_yearly": 0,
            "eps_latest_yearly": 0,
            "eps_growth_yearly": 0
        },
        "20054": {
            "year_quarter": 20054,
            "year": 2005,
            "quarter": 4,
            "eps": null,
            "eps_growth_year": null,
            "eps_4q": null,
            "eps_4q_growth_year": null,
            "roe": null,
            "roe_4q": 0,
            "gross_profit": null,
            "gross_margin": null,
            "gross_margin_4q_avg": 0,
            "net_income": null,
            "revenue": null,
            "common_shares": null,
            "book_valuer_per_share": null,
            "book_valuer_per_share_4q_avg": 0,
            "equity": null,
            "current_ratio": null,
            "debt_ratio": null,
            "inventory_turnover_ratio": null,
            "account_receivable_turnover_ratio": null,
            "reinvestment_rate": null,
            "research_to_sale_ratio": null,
            "price_fair": 0,
            "eps_avg_yearly": 0,
            "eps_latest_yearly": 0,
            "eps_growth_yearly": 0
        },
        "20061": {
            "year_quarter": 20061,
            "year": 2006,
            "quarter": 1,
            "eps": null,
            "eps_growth_year": null,
            "eps_4q": null,
            "eps_4q_growth_year": null,
            "roe": null,
            "roe_4q": 0,
            "gross_profit": null,
            "gross_margin": null,
            "gross_margin_4q_avg": 0,
            "net_income": null,
            "revenue": null,
            "common_shares": null,
            "book_valuer_per_share": null,
            "book_valuer_per_share_4q_avg": 0,
            "equity": null,
            "current_ratio": null,
            "debt_ratio": null,
            "inventory_turnover_ratio": null,
            "account_receivable_turnover_ratio": null,
            "reinvestment_rate": null,
            "research_to_sale_ratio": null,
            "price_fair": 0,
            "eps_avg_yearly": 0,
            "eps_latest_yearly": 0,
            "eps_growth_yearly": 0
        },
        "20062": {
            "year_quarter": 20062,
            "year": 2006,
            "quarter": 2,
            "eps": null,
            "eps_growth_year": null,
            "eps_4q": null,
            "eps_4q_growth_year": null,
            "roe": null,
            "roe_4q": 0,
            "gross_profit": null,
            "gross_margin": null,
            "gross_margin_4q_avg": 0,
            "net_income": null,
            "revenue": null,
            "common_shares": null,
            "book_valuer_per_share": null,
            "book_valuer_per_share_4q_avg": 0,
            "equity": null,
            "current_ratio": null,
            "debt_ratio": null,
            "inventory_turnover_ratio": null,
            "account_receivable_turnover_ratio": null,
            "reinvestment_rate": null,
            "research_to_sale_ratio": null,
            "price_fair": 0,
            "eps_avg_yearly": 0,
            "eps_latest_yearly": 0,
            "eps_growth_yearly": 0
        },
        "20063": {
            "year_quarter": 20063,
            "year": 2006,
            "quarter": 3,
            "eps": null,
            "eps_growth_year": null,
            "eps_4q": null,
            "eps_4q_growth_year": null,
            "roe": null,
            "roe_4q": 0,
            "gross_profit": null,
            "gross_margin": null,
            "gross_margin_4q_avg": 0,
            "net_income": null,
            "revenue": null,
            "common_shares": null,
            "book_valuer_per_share": null,
            "book_valuer_per_share_4q_avg": 0,
            "equity": null,
            "current_ratio": null,
            "debt_ratio": null,
            "inventory_turnover_ratio": null,
            "account_receivable_turnover_ratio": null,
            "reinvestment_rate": null,
            "research_to_sale_ratio": null,
            "price_fair": 0,
            "eps_avg_yearly": 0,
            "eps_latest_yearly": 0,
            "eps_growth_yearly": 0
        },
        "20064": {
            "year_quarter": 20064,
            "year": 2006,
            "quarter": 4,
            "eps": null,
            "eps_growth_year": null,
            "eps_4q": null,
            "eps_4q_growth_year": null,
            "roe": null,
            "roe_4q": 0,
            "gross_profit": null,
            "gross_margin": null,
            "gross_margin_4q_avg": 0,
            "net_income": null,
            "revenue": null,
            "common_shares": null,
            "book_valuer_per_share": null,
            "book_valuer_per_share_4q_avg": 0,
            "equity": null,
            "current_ratio": null,
            "debt_ratio": null,
            "inventory_turnover_ratio": null,
            "account_receivable_turnover_ratio": null,
            "reinvestment_rate": null,
            "research_to_sale_ratio": null,
            "price_fair": 0,
            "eps_avg_yearly": 0,
            "eps_latest_yearly": 0,
            "eps_growth_yearly": 0
        },
        "20071": {
            "year_quarter": 20071,
            "year": 2007,
            "quarter": 1,
            "eps": null,
            "eps_growth_year": null,
            "eps_4q": null,
            "eps_4q_growth_year": null,
            "roe": null,
            "roe_4q": 0,
            "gross_profit": null,
            "gross_margin": null,
            "gross_margin_4q_avg": 0,
            "net_income": null,
            "revenue": null,
            "common_shares": null,
            "book_valuer_per_share": null,
            "book_valuer_per_share_4q_avg": 0,
            "equity": null,
            "current_ratio": null,
            "debt_ratio": null,
            "inventory_turnover_ratio": null,
            "account_receivable_turnover_ratio": null,
            "reinvestment_rate": null,
            "research_to_sale_ratio": null,
            "price_fair": 0,
            "eps_avg_yearly": 0,
            "eps_latest_yearly": 0,
            "eps_growth_yearly": 0
        },
        "20072": {
            "year_quarter": 20072,
            "year": 2007,
            "quarter": 2,
            "eps": null,
            "eps_growth_year": null,
            "eps_4q": null,
            "eps_4q_growth_year": null,
            "roe": null,
            "roe_4q": 0,
            "gross_profit": null,
            "gross_margin": null,
            "gross_margin_4q_avg": 0,
            "net_income": null,
            "revenue": null,
            "common_shares": null,
            "book_valuer_per_share": null,
            "book_valuer_per_share_4q_avg": 0,
            "equity": null,
            "current_ratio": null,
            "debt_ratio": null,
            "inventory_turnover_ratio": null,
            "account_receivable_turnover_ratio": null,
            "reinvestment_rate": null,
            "research_to_sale_ratio": null,
            "price_fair": 0,
            "eps_avg_yearly": 0,
            "eps_latest_yearly": 0,
            "eps_growth_yearly": 0
        },
        "20073": {
            "year_quarter": 20073,
            "year": 2007,
            "quarter": 3,
            "eps": null,
            "eps_growth_year": null,
            "eps_4q": null,
            "eps_4q_growth_year": null,
            "roe": null,
            "roe_4q": 0,
            "gross_profit": null,
            "gross_margin": null,
            "gross_margin_4q_avg": 0,
            "net_income": null,
            "revenue": null,
            "common_shares": null,
            "book_valuer_per_share": null,
            "book_valuer_per_share_4q_avg": 0,
            "equity": null,
            "current_ratio": null,
            "debt_ratio": null,
            "inventory_turnover_ratio": null,
            "account_receivable_turnover_ratio": null,
            "reinvestment_rate": null,
            "research_to_sale_ratio": null,
            "price_fair": 0,
            "eps_avg_yearly": 0,
            "eps_latest_yearly": 0,
            "eps_growth_yearly": 0
        },
        "20074": {
            "year_quarter": 20074,
            "year": 2007,
            "quarter": 4,
            "eps": null,
            "eps_growth_year": null,
            "eps_4q": null,
            "eps_4q_growth_year": null,
            "roe": null,
            "roe_4q": 0,
            "gross_profit": null,
            "gross_margin": null,
            "gross_margin_4q_avg": 0,
            "net_income": null,
            "revenue": null,
            "common_shares": null,
            "book_valuer_per_share": null,
            "book_valuer_per_share_4q_avg": 0,
            "equity": null,
            "current_ratio": null,
            "debt_ratio": null,
            "inventory_turnover_ratio": null,
            "account_receivable_turnover_ratio": null,
            "reinvestment_rate": null,
            "research_to_sale_ratio": null,
            "price_fair": 0,
            "eps_avg_yearly": 0,
            "eps_latest_yearly": 0,
            "eps_growth_yearly": 0
        },
        "20081": {
            "year_quarter": 20081,
            "year": 2008,
            "quarter": 1,
            "eps": null,
            "eps_growth_year": null,
            "eps_4q": null,
            "eps_4q_growth_year": null,
            "roe": null,
            "roe_4q": 0,
            "gross_profit": null,
            "gross_margin": null,
            "gross_margin_4q_avg": 0,
            "net_income": null,
            "revenue": null,
            "common_shares": null,
            "book_valuer_per_share": null,
            "book_valuer_per_share_4q_avg": 0,
            "equity": null,
            "current_ratio": null,
            "debt_ratio": null,
            "inventory_turnover_ratio": null,
            "account_receivable_turnover_ratio": null,
            "reinvestment_rate": null,
            "research_to_sale_ratio": null,
            "price_fair": 0,
            "eps_avg_yearly": 0,
            "eps_latest_yearly": 0,
            "eps_growth_yearly": 0
        },
        "20082": {
            "year_quarter": 20082,
            "year": 2008,
            "quarter": 2,
            "eps": null,
            "eps_growth_year": null,
            "eps_4q": null,
            "eps_4q_growth_year": null,
            "roe": null,
            "roe_4q": 0,
            "gross_profit": null,
            "gross_margin": null,
            "gross_margin_4q_avg": 0,
            "net_income": null,
            "revenue": null,
            "common_shares": null,
            "book_valuer_per_share": null,
            "book_valuer_per_share_4q_avg": 0,
            "equity": null,
            "current_ratio": null,
            "debt_ratio": null,
            "inventory_turnover_ratio": null,
            "account_receivable_turnover_ratio": null,
            "reinvestment_rate": null,
            "research_to_sale_ratio": null,
            "price_fair": 0,
            "eps_avg_yearly": 0,
            "eps_latest_yearly": 0,
            "eps_growth_yearly": 0
        },
        "20083": {
            "year_quarter": 20083,
            "year": 2008,
            "quarter": 3,
            "eps": null,
            "eps_growth_year": null,
            "eps_4q": null,
            "eps_4q_growth_year": null,
            "roe": null,
            "roe_4q": 0,
            "gross_profit": null,
            "gross_margin": null,
            "gross_margin_4q_avg": 0,
            "net_income": null,
            "revenue": null,
            "common_shares": null,
            "book_valuer_per_share": null,
            "book_valuer_per_share_4q_avg": 0,
            "equity": null,
            "current_ratio": null,
            "debt_ratio": null,
            "inventory_turnover_ratio": null,
            "account_receivable_turnover_ratio": null,
            "reinvestment_rate": null,
            "research_to_sale_ratio": null,
            "price_fair": 0,
            "eps_avg_yearly": 0,
            "eps_latest_yearly": 0,
            "eps_growth_yearly": 0
        },
        "20084": {
            "year_quarter": 20084,
            "year": 2008,
            "quarter": 4,
            "eps": null,
            "eps_growth_year": null,
            "eps_4q": null,
            "eps_4q_growth_year": null,
            "roe": null,
            "roe_4q": 0,
            "gross_profit": null,
            "gross_margin": null,
            "gross_margin_4q_avg": 0,
            "net_income": null,
            "revenue": null,
            "common_shares": null,
            "book_valuer_per_share": null,
            "book_valuer_per_share_4q_avg": 0,
            "equity": null,
            "current_ratio": null,
            "debt_ratio": null,
            "inventory_turnover_ratio": null,
            "account_receivable_turnover_ratio": null,
            "reinvestment_rate": null,
            "research_to_sale_ratio": null,
            "price_fair": 0,
            "eps_avg_yearly": 0,
            "eps_latest_yearly": 0,
            "eps_growth_yearly": 0
        },
        "20091": {
            "year_quarter": 20091,
            "year": 2009,
            "quarter": 1,
            "eps": null,
            "eps_growth_year": null,
            "eps_4q": null,
            "eps_4q_growth_year": null,
            "roe": null,
            "roe_4q": 0,
            "gross_profit": null,
            "gross_margin": null,
            "gross_margin_4q_avg": 0,
            "net_income": null,
            "revenue": null,
            "common_shares": null,
            "book_valuer_per_share": null,
            "book_valuer_per_share_4q_avg": 0,
            "equity": null,
            "current_ratio": null,
            "debt_ratio": null,
            "inventory_turnover_ratio": null,
            "account_receivable_turnover_ratio": null,
            "reinvestment_rate": null,
            "research_to_sale_ratio": null,
            "price_fair": 0,
            "eps_avg_yearly": 0,
            "eps_latest_yearly": 0,
            "eps_growth_yearly": 0
        },
        "20092": {
            "year_quarter": 20092,
            "year": 2009,
            "quarter": 2,
            "eps": null,
            "eps_growth_year": null,
            "eps_4q": null,
            "eps_4q_growth_year": null,
            "roe": null,
            "roe_4q": 0,
            "gross_profit": null,
            "gross_margin": null,
            "gross_margin_4q_avg": 0,
            "net_income": null,
            "revenue": null,
            "common_shares": null,
            "book_valuer_per_share": null,
            "book_valuer_per_share_4q_avg": 0,
            "equity": null,
            "current_ratio": null,
            "debt_ratio": null,
            "inventory_turnover_ratio": null,
            "account_receivable_turnover_ratio": null,
            "reinvestment_rate": null,
            "research_to_sale_ratio": null,
            "price_fair": 0,
            "eps_avg_yearly": 0,
            "eps_latest_yearly": 0,
            "eps_growth_yearly": 0
        },
        "20093": {
            "year_quarter": 20093,
            "year": 2009,
            "quarter": 3,
            "eps": null,
            "eps_growth_year": null,
            "eps_4q": null,
            "eps_4q_growth_year": null,
            "roe": null,
            "roe_4q": 0,
            "gross_profit": null,
            "gross_margin": null,
            "gross_margin_4q_avg": 0,
            "net_income": null,
            "revenue": null,
            "common_shares": null,
            "book_valuer_per_share": null,
            "book_valuer_per_share_4q_avg": 0,
            "equity": null,
            "current_ratio": null,
            "debt_ratio": null,
            "inventory_turnover_ratio": null,
            "account_receivable_turnover_ratio": null,
            "reinvestment_rate": null,
            "research_to_sale_ratio": null,
            "price_fair": 0,
            "eps_avg_yearly": 0,
            "eps_latest_yearly": 0,
            "eps_growth_yearly": 0
        },
        "20094": {
            "year_quarter": 20094,
            "year": 2009,
            "quarter": 4,
            "eps": null,
            "eps_growth_year": null,
            "eps_4q": null,
            "eps_4q_growth_year": null,
            "roe": null,
            "roe_4q": 0,
            "gross_profit": null,
            "gross_margin": null,
            "gross_margin_4q_avg": 0,
            "net_income": null,
            "revenue": null,
            "common_shares": null,
            "book_valuer_per_share": null,
            "book_valuer_per_share_4q_avg": 0,
            "equity": null,
            "current_ratio": null,
            "debt_ratio": null,
            "inventory_turnover_ratio": null,
            "account_receivable_turnover_ratio": null,
            "reinvestment_rate": null,
            "research_to_sale_ratio": null,
            "price_fair": 0,
            "eps_avg_yearly": 0,
            "eps_latest_yearly": 0,
            "eps_growth_yearly": 0
        },
        "20101": {
            "year_quarter": 20101,
            "year": 2010,
            "quarter": 1,
            "eps": null,
            "eps_growth_year": null,
            "eps_4q": null,
            "eps_4q_growth_year": null,
            "roe": null,
            "roe_4q": 0,
            "gross_profit": null,
            "gross_margin": null,
            "gross_margin_4q_avg": 0,
            "net_income": null,
            "revenue": null,
            "common_shares": null,
            "book_valuer_per_share": null,
            "book_valuer_per_share_4q_avg": 0,
            "equity": null,
            "current_ratio": null,
            "debt_ratio": null,
            "inventory_turnover_ratio": null,
            "account_receivable_turnover_ratio": null,
            "reinvestment_rate": null,
            "research_to_sale_ratio": null,
            "price_fair": 0,
            "eps_avg_yearly": 0,
            "eps_latest_yearly": 0,
            "eps_growth_yearly": 0
        },
        "20102": {
            "year_quarter": 20102,
            "year": 2010,
            "quarter": 2,
            "eps": null,
            "eps_growth_year": null,
            "eps_4q": null,
            "eps_4q_growth_year": null,
            "roe": null,
            "roe_4q": 0,
            "gross_profit": null,
            "gross_margin": null,
            "gross_margin_4q_avg": 0,
            "net_income": null,
            "revenue": null,
            "common_shares": null,
            "book_valuer_per_share": null,
            "book_valuer_per_share_4q_avg": 0,
            "equity": null,
            "current_ratio": null,
            "debt_ratio": null,
            "inventory_turnover_ratio": null,
            "account_receivable_turnover_ratio": null,
            "reinvestment_rate": null,
            "research_to_sale_ratio": null,
            "price_fair": 0,
            "eps_avg_yearly": 0,
            "eps_latest_yearly": 0,
            "eps_growth_yearly": 0
        },
        "20103": {
            "year_quarter": 20103,
            "year": 2010,
            "quarter": 3,
            "eps": null,
            "eps_growth_year": null,
            "eps_4q": null,
            "eps_4q_growth_year": null,
            "roe": null,
            "roe_4q": 0,
            "gross_profit": null,
            "gross_margin": null,
            "gross_margin_4q_avg": 0,
            "net_income": null,
            "revenue": null,
            "common_shares": null,
            "book_valuer_per_share": null,
            "book_valuer_per_share_4q_avg": 0,
            "equity": null,
            "current_ratio": null,
            "debt_ratio": null,
            "inventory_turnover_ratio": null,
            "account_receivable_turnover_ratio": null,
            "reinvestment_rate": null,
            "research_to_sale_ratio": null,
            "price_fair": 0,
            "eps_avg_yearly": 0,
            "eps_latest_yearly": 0,
            "eps_growth_yearly": 0
        },
        "20104": {
            "year_quarter": 20104,
            "year": 2010,
            "quarter": 4,
            "eps": null,
            "eps_growth_year": null,
            "eps_4q": null,
            "eps_4q_growth_year": null,
            "roe": null,
            "roe_4q": 0,
            "gross_profit": null,
            "gross_margin": null,
            "gross_margin_4q_avg": 0,
            "net_income": null,
            "revenue": null,
            "common_shares": null,
            "book_valuer_per_share": null,
            "book_valuer_per_share_4q_avg": 0,
            "equity": null,
            "current_ratio": null,
            "debt_ratio": null,
            "inventory_turnover_ratio": null,
            "account_receivable_turnover_ratio": null,
            "reinvestment_rate": null,
            "research_to_sale_ratio": null,
            "price_fair": 0,
            "eps_avg_yearly": 0,
            "eps_latest_yearly": 0,
            "eps_growth_yearly": 0
        },
        "20111": {
            "year_quarter": 20111,
            "year": 2011,
            "quarter": 1,
            "eps": null,
            "eps_growth_year": null,
            "eps_4q": null,
            "eps_4q_growth_year": null,
            "roe": null,
            "roe_4q": 0,
            "gross_profit": null,
            "gross_margin": null,
            "gross_margin_4q_avg": 0,
            "net_income": null,
            "revenue": null,
            "common_shares": null,
            "book_valuer_per_share": null,
            "book_valuer_per_share_4q_avg": 0,
            "equity": null,
            "current_ratio": null,
            "debt_ratio": null,
            "inventory_turnover_ratio": null,
            "account_receivable_turnover_ratio": null,
            "reinvestment_rate": null,
            "research_to_sale_ratio": null,
            "price_fair": 0,
            "eps_avg_yearly": 0,
            "eps_latest_yearly": 0,
            "eps_growth_yearly": 0
        },
        "20112": {
            "year_quarter": 20112,
            "year": 2011,
            "quarter": 2,
            "eps": null,
            "eps_growth_year": null,
            "eps_4q": null,
            "eps_4q_growth_year": null,
            "roe": null,
            "roe_4q": 0,
            "gross_profit": null,
            "gross_margin": null,
            "gross_margin_4q_avg": 0,
            "net_income": null,
            "revenue": null,
            "common_shares": null,
            "book_valuer_per_share": null,
            "book_valuer_per_share_4q_avg": 0,
            "equity": null,
            "current_ratio": null,
            "debt_ratio": null,
            "inventory_turnover_ratio": null,
            "account_receivable_turnover_ratio": null,
            "reinvestment_rate": null,
            "research_to_sale_ratio": null,
            "price_fair": 0,
            "eps_avg_yearly": 0,
            "eps_latest_yearly": 0,
            "eps_growth_yearly": 0
        },
        "20113": {
            "year_quarter": 20113,
            "year": 2011,
            "quarter": 3,
            "eps": null,
            "eps_growth_year": null,
            "eps_4q": null,
            "eps_4q_growth_year": null,
            "roe": null,
            "roe_4q": 0,
            "gross_profit": null,
            "gross_margin": null,
            "gross_margin_4q_avg": 0,
            "net_income": null,
            "revenue": null,
            "common_shares": null,
            "book_valuer_per_share": null,
            "book_valuer_per_share_4q_avg": 0,
            "equity": null,
            "current_ratio": null,
            "debt_ratio": null,
            "inventory_turnover_ratio": null,
            "account_receivable_turnover_ratio": null,
            "reinvestment_rate": null,
            "research_to_sale_ratio": null,
            "price_fair": 0,
            "eps_avg_yearly": 0,
            "eps_latest_yearly": 0,
            "eps_growth_yearly": 0
        },
        "20114": {
            "year_quarter": 20114,
            "year": 2011,
            "quarter": 4,
            "eps": null,
            "eps_growth_year": null,
            "eps_4q": null,
            "eps_4q_growth_year": null,
            "roe": null,
            "roe_4q": 0,
            "gross_profit": null,
            "gross_margin": null,
            "gross_margin_4q_avg": 0,
            "net_income": null,
            "revenue": null,
            "common_shares": null,
            "book_valuer_per_share": null,
            "book_valuer_per_share_4q_avg": 0,
            "equity": null,
            "current_ratio": null,
            "debt_ratio": null,
            "inventory_turnover_ratio": null,
            "account_receivable_turnover_ratio": null,
            "reinvestment_rate": null,
            "research_to_sale_ratio": null,
            "price_fair": 0,
            "eps_avg_yearly": 0,
            "eps_latest_yearly": 0,
            "eps_growth_yearly": 0
        },
        "20121": {
            "year_quarter": 20121,
            "year": 2012,
            "quarter": 1,
            "eps": null,
            "eps_growth_year": null,
            "eps_4q": null,
            "eps_4q_growth_year": null,
            "roe": null,
            "roe_4q": 0,
            "gross_profit": null,
            "gross_margin": null,
            "gross_margin_4q_avg": 0,
            "net_income": null,
            "revenue": null,
            "common_shares": null,
            "book_valuer_per_share": null,
            "book_valuer_per_share_4q_avg": 0,
            "equity": null,
            "current_ratio": null,
            "debt_ratio": null,
            "inventory_turnover_ratio": null,
            "account_receivable_turnover_ratio": null,
            "reinvestment_rate": null,
            "research_to_sale_ratio": null,
            "price_fair": 0,
            "eps_avg_yearly": 0,
            "eps_latest_yearly": 0,
            "eps_growth_yearly": 0
        },
        "20122": {
            "year_quarter": 20122,
            "year": 2012,
            "quarter": 2,
            "eps": null,
            "eps_growth_year": null,
            "eps_4q": null,
            "eps_4q_growth_year": null,
            "roe": null,
            "roe_4q": 0,
            "gross_profit": null,
            "gross_margin": null,
            "gross_margin_4q_avg": 0,
            "net_income": null,
            "revenue": null,
            "common_shares": null,
            "book_valuer_per_share": null,
            "book_valuer_per_share_4q_avg": 0,
            "equity": null,
            "current_ratio": null,
            "debt_ratio": null,
            "inventory_turnover_ratio": null,
            "account_receivable_turnover_ratio": null,
            "reinvestment_rate": null,
            "research_to_sale_ratio": null,
            "price_fair": 0,
            "eps_avg_yearly": 0,
            "eps_latest_yearly": 0,
            "eps_growth_yearly": 0
        },
        "20123": {
            "year_quarter": 20123,
            "year": 2012,
            "quarter": 3,
            "eps": null,
            "eps_growth_year": null,
            "eps_4q": null,
            "eps_4q_growth_year": null,
            "roe": null,
            "roe_4q": 0,
            "gross_profit": null,
            "gross_margin": null,
            "gross_margin_4q_avg": 0,
            "net_income": null,
            "revenue": null,
            "common_shares": null,
            "book_valuer_per_share": null,
            "book_valuer_per_share_4q_avg": 0,
            "equity": null,
            "current_ratio": null,
            "debt_ratio": null,
            "inventory_turnover_ratio": null,
            "account_receivable_turnover_ratio": null,
            "reinvestment_rate": null,
            "research_to_sale_ratio": null,
            "price_fair": 0,
            "eps_avg_yearly": 0,
            "eps_latest_yearly": 0,
            "eps_growth_yearly": 0
        },
        "20124": {
            "year_quarter": 20124,
            "year": 2012,
            "quarter": 4,
            "eps": null,
            "eps_growth_year": null,
            "eps_4q": null,
            "eps_4q_growth_year": null,
            "roe": null,
            "roe_4q": 0,
            "gross_profit": null,
            "gross_margin": null,
            "gross_margin_4q_avg": 0,
            "net_income": null,
            "revenue": null,
            "common_shares": null,
            "book_valuer_per_share": null,
            "book_valuer_per_share_4q_avg": 0,
            "equity": null,
            "current_ratio": null,
            "debt_ratio": null,
            "inventory_turnover_ratio": null,
            "account_receivable_turnover_ratio": null,
            "reinvestment_rate": null,
            "research_to_sale_ratio": null,
            "price_fair": 0,
            "eps_avg_yearly": 0,
            "eps_latest_yearly": 0,
            "eps_growth_yearly": 0
        },
        "20131": {
            "year_quarter": 20131,
            "year": 2013,
            "quarter": 1,
            "eps": null,
            "eps_growth_year": null,
            "eps_4q": null,
            "eps_4q_growth_year": null,
            "roe": null,
            "roe_4q": 0,
            "gross_profit": null,
            "gross_margin": null,
            "gross_margin_4q_avg": 0,
            "net_income": null,
            "revenue": null,
            "common_shares": null,
            "book_valuer_per_share": null,
            "book_valuer_per_share_4q_avg": 0,
            "equity": null,
            "current_ratio": null,
            "debt_ratio": null,
            "inventory_turnover_ratio": null,
            "account_receivable_turnover_ratio": null,
            "reinvestment_rate": null,
            "research_to_sale_ratio": null,
            "price_fair": 0,
            "eps_avg_yearly": 0,
            "eps_latest_yearly": 0,
            "eps_growth_yearly": 0
        },
        "20132": {
            "year_quarter": 20132,
            "year": 2013,
            "quarter": 2,
            "eps": null,
            "eps_growth_year": null,
            "eps_4q": null,
            "eps_4q_growth_year": null,
            "roe": null,
            "roe_4q": 0,
            "gross_profit": null,
            "gross_margin": null,
            "gross_margin_4q_avg": 0,
            "net_income": null,
            "revenue": null,
            "common_shares": null,
            "book_valuer_per_share": null,
            "book_valuer_per_share_4q_avg": 0,
            "equity": null,
            "current_ratio": null,
            "debt_ratio": null,
            "inventory_turnover_ratio": null,
            "account_receivable_turnover_ratio": null,
            "reinvestment_rate": null,
            "research_to_sale_ratio": null,
            "price_fair": 0,
            "eps_avg_yearly": 0,
            "eps_latest_yearly": 0,
            "eps_growth_yearly": 0
        },
        "20133": {
            "year_quarter": 20133,
            "year": 2013,
            "quarter": 3,
            "eps": null,
            "eps_growth_year": null,
            "eps_4q": null,
            "eps_4q_growth_year": null,
            "roe": null,
            "roe_4q": 0,
            "gross_profit": null,
            "gross_margin": null,
            "gross_margin_4q_avg": 0,
            "net_income": null,
            "revenue": null,
            "common_shares": null,
            "book_valuer_per_share": null,
            "book_valuer_per_share_4q_avg": 0,
            "equity": null,
            "current_ratio": null,
            "debt_ratio": null,
            "inventory_turnover_ratio": null,
            "account_receivable_turnover_ratio": null,
            "reinvestment_rate": null,
            "research_to_sale_ratio": null,
            "price_fair": 0,
            "eps_avg_yearly": 0,
            "eps_latest_yearly": 0,
            "eps_growth_yearly": 0
        },
        "20134": {
            "year_quarter": 20134,
            "year": 2013,
            "quarter": 4,
            "eps": null,
            "eps_growth_year": null,
            "eps_4q": null,
            "eps_4q_growth_year": null,
            "roe": null,
            "roe_4q": 0,
            "gross_profit": null,
            "gross_margin": null,
            "gross_margin_4q_avg": 0,
            "net_income": null,
            "revenue": null,
            "common_shares": null,
            "book_valuer_per_share": null,
            "book_valuer_per_share_4q_avg": 0,
            "equity": null,
            "current_ratio": null,
            "debt_ratio": null,
            "inventory_turnover_ratio": null,
            "account_receivable_turnover_ratio": null,
            "reinvestment_rate": null,
            "research_to_sale_ratio": null,
            "price_fair": 0,
            "eps_avg_yearly": 0,
            "eps_latest_yearly": 0,
            "eps_growth_yearly": 0
        },
        "20141": {
            "year_quarter": 20141,
            "year": 2014,
            "quarter": 1,
            "eps": null,
            "eps_growth_year": null,
            "eps_4q": null,
            "eps_4q_growth_year": null,
            "roe": null,
            "roe_4q": 0,
            "gross_profit": null,
            "gross_margin": null,
            "gross_margin_4q_avg": 0,
            "net_income": null,
            "revenue": null,
            "common_shares": null,
            "book_valuer_per_share": null,
            "book_valuer_per_share_4q_avg": 0,
            "equity": null,
            "current_ratio": null,
            "debt_ratio": null,
            "inventory_turnover_ratio": null,
            "account_receivable_turnover_ratio": null,
            "reinvestment_rate": null,
            "research_to_sale_ratio": null,
            "price_fair": 0,
            "eps_avg_yearly": 0,
            "eps_latest_yearly": 0,
            "eps_growth_yearly": 0
        },
        "20142": {
            "year_quarter": 20142,
            "year": 2014,
            "quarter": 2,
            "eps": null,
            "eps_growth_year": null,
            "eps_4q": null,
            "eps_4q_growth_year": null,
            "roe": null,
            "roe_4q": 0,
            "gross_profit": null,
            "gross_margin": null,
            "gross_margin_4q_avg": 0,
            "net_income": null,
            "revenue": null,
            "common_shares": null,
            "book_valuer_per_share": null,
            "book_valuer_per_share_4q_avg": 0,
            "equity": null,
            "current_ratio": null,
            "debt_ratio": null,
            "inventory_turnover_ratio": null,
            "account_receivable_turnover_ratio": null,
            "reinvestment_rate": null,
            "research_to_sale_ratio": null,
            "price_fair": 0,
            "eps_avg_yearly": 0,
            "eps_latest_yearly": 0,
            "eps_growth_yearly": 0
        },
        "20143": {
            "year_quarter": 20143,
            "year": 2014,
            "quarter": 3,
            "eps": null,
            "eps_growth_year": null,
            "eps_4q": null,
            "eps_4q_growth_year": null,
            "roe": null,
            "roe_4q": 0,
            "gross_profit": null,
            "gross_margin": null,
            "gross_margin_4q_avg": 0,
            "net_income": null,
            "revenue": null,
            "common_shares": null,
            "book_valuer_per_share": null,
            "book_valuer_per_share_4q_avg": 0,
            "equity": null,
            "current_ratio": null,
            "debt_ratio": null,
            "inventory_turnover_ratio": null,
            "account_receivable_turnover_ratio": null,
            "reinvestment_rate": null,
            "research_to_sale_ratio": null,
            "price_fair": 0,
            "eps_avg_yearly": 0,
            "eps_latest_yearly": 0,
            "eps_growth_yearly": 0
        },
        "20144": {
            "year_quarter": 20144,
            "year": 2014,
            "quarter": 4,
            "eps": null,
            "eps_growth_year": null,
            "eps_4q": null,
            "eps_4q_growth_year": null,
            "roe": null,
            "roe_4q": 0,
            "gross_profit": null,
            "gross_margin": null,
            "gross_margin_4q_avg": 0,
            "net_income": null,
            "revenue": null,
            "common_shares": null,
            "book_valuer_per_share": null,
            "book_valuer_per_share_4q_avg": 0,
            "equity": null,
            "current_ratio": null,
            "debt_ratio": null,
            "inventory_turnover_ratio": null,
            "account_receivable_turnover_ratio": null,
            "reinvestment_rate": null,
            "research_to_sale_ratio": null,
            "price_fair": 0,
            "eps_avg_yearly": 0,
            "eps_latest_yearly": 0,
            "eps_growth_yearly": 0
        },
        "20151": {
            "year_quarter": 20151,
            "year": 2015,
            "quarter": 1,
            "eps": null,
            "eps_growth_year": null,
            "eps_4q": null,
            "eps_4q_growth_year": null,
            "roe": null,
            "roe_4q": 0,
            "gross_profit": null,
            "gross_margin": null,
            "gross_margin_4q_avg": 0,
            "net_income": null,
            "revenue": null,
            "common_shares": null,
            "book_valuer_per_share": null,
            "book_valuer_per_share_4q_avg": 0,
            "equity": null,
            "current_ratio": null,
            "debt_ratio": null,
            "inventory_turnover_ratio": null,
            "account_receivable_turnover_ratio": null,
            "reinvestment_rate": null,
            "research_to_sale_ratio": null,
            "price_fair": 0,
            "eps_avg_yearly": 0,
            "eps_latest_yearly": 0,
            "eps_growth_yearly": 0
        },
        "20152": {
            "year_quarter": 20152,
            "year": 2015,
            "quarter": 2,
            "eps": null,
            "eps_growth_year": null,
            "eps_4q": null,
            "eps_4q_growth_year": null,
            "roe": null,
            "roe_4q": 0,
            "gross_profit": null,
            "gross_margin": null,
            "gross_margin_4q_avg": 0,
            "net_income": null,
            "revenue": null,
            "common_shares": null,
            "book_valuer_per_share": null,
            "book_valuer_per_share_4q_avg": 0,
            "equity": null,
            "current_ratio": null,
            "debt_ratio": null,
            "inventory_turnover_ratio": null,
            "account_receivable_turnover_ratio": null,
            "reinvestment_rate": null,
            "research_to_sale_ratio": null,
            "price_fair": 0,
            "eps_avg_yearly": 0,
            "eps_latest_yearly": 0,
            "eps_growth_yearly": 0
        },
        "20153": {
            "year_quarter": 20153,
            "year": 2015,
            "quarter": 3,
            "eps": null,
            "eps_growth_year": null,
            "eps_4q": null,
            "eps_4q_growth_year": null,
            "roe": null,
            "roe_4q": 0,
            "gross_profit": null,
            "gross_margin": null,
            "gross_margin_4q_avg": 0,
            "net_income": null,
            "revenue": null,
            "common_shares": null,
            "book_valuer_per_share": null,
            "book_valuer_per_share_4q_avg": 0,
            "equity": null,
            "current_ratio": null,
            "debt_ratio": null,
            "inventory_turnover_ratio": null,
            "account_receivable_turnover_ratio": null,
            "reinvestment_rate": null,
            "research_to_sale_ratio": null,
            "price_fair": 0,
            "eps_avg_yearly": 0,
            "eps_latest_yearly": 0,
            "eps_growth_yearly": 0
        },
        "20154": {
            "year_quarter": 20154,
            "year": 2015,
            "quarter": 4,
            "eps": null,
            "eps_growth_year": null,
            "eps_4q": null,
            "eps_4q_growth_year": null,
            "roe": null,
            "roe_4q": 0,
            "gross_profit": null,
            "gross_margin": null,
            "gross_margin_4q_avg": 0,
            "net_income": null,
            "revenue": null,
            "common_shares": null,
            "book_valuer_per_share": null,
            "book_valuer_per_share_4q_avg": 0,
            "equity": null,
            "current_ratio": null,
            "debt_ratio": null,
            "inventory_turnover_ratio": null,
            "account_receivable_turnover_ratio": null,
            "reinvestment_rate": null,
            "research_to_sale_ratio": null,
            "price_fair": 0,
            "eps_avg_yearly": 0,
            "eps_latest_yearly": 0,
            "eps_growth_yearly": 0
        },
        "20161": {
            "year_quarter": 20161,
            "year": 2016,
            "quarter": 1,
            "eps": null,
            "eps_growth_year": null,
            "eps_4q": null,
            "eps_4q_growth_year": null,
            "roe": null,
            "roe_4q": 0,
            "gross_profit": null,
            "gross_margin": null,
            "gross_margin_4q_avg": 0,
            "net_income": null,
            "revenue": null,
            "common_shares": null,
            "book_valuer_per_share": null,
            "book_valuer_per_share_4q_avg": 0,
            "equity": null,
            "current_ratio": null,
            "debt_ratio": null,
            "inventory_turnover_ratio": null,
            "account_receivable_turnover_ratio": null,
            "reinvestment_rate": null,
            "research_to_sale_ratio": null,
            "price_fair": 0,
            "eps_avg_yearly": 0,
            "eps_latest_yearly": 0,
            "eps_growth_yearly": 0
        },
        "20162": {
            "year_quarter": 20162,
            "year": 2016,
            "quarter": 2,
            "eps": null,
            "eps_growth_year": null,
            "eps_4q": null,
            "eps_4q_growth_year": null,
            "roe": null,
            "roe_4q": 0,
            "gross_profit": null,
            "gross_margin": null,
            "gross_margin_4q_avg": 0,
            "net_income": null,
            "revenue": null,
            "common_shares": null,
            "book_valuer_per_share": null,
            "book_valuer_per_share_4q_avg": 0,
            "equity": null,
            "current_ratio": null,
            "debt_ratio": null,
            "inventory_turnover_ratio": null,
            "account_receivable_turnover_ratio": null,
            "reinvestment_rate": null,
            "research_to_sale_ratio": null,
            "price_fair": 0,
            "eps_avg_yearly": 0,
            "eps_latest_yearly": 0,
            "eps_growth_yearly": 0
        },
        "20163": {
            "year_quarter": 20163,
            "year": 2016,
            "quarter": 3,
            "eps": null,
            "eps_growth_year": null,
            "eps_4q": null,
            "eps_4q_growth_year": null,
            "roe": null,
            "roe_4q": 0,
            "gross_profit": null,
            "gross_margin": null,
            "gross_margin_4q_avg": 0,
            "net_income": null,
            "revenue": null,
            "common_shares": null,
            "book_valuer_per_share": null,
            "book_valuer_per_share_4q_avg": 0,
            "equity": null,
            "current_ratio": null,
            "debt_ratio": null,
            "inventory_turnover_ratio": null,
            "account_receivable_turnover_ratio": null,
            "reinvestment_rate": null,
            "research_to_sale_ratio": null,
            "price_fair": 0,
            "eps_avg_yearly": 0,
            "eps_latest_yearly": 0,
            "eps_growth_yearly": 0
        },
        "20164": {
            "year_quarter": 20164,
            "year": 2016,
            "quarter": 4,
            "eps": null,
            "eps_growth_year": null,
            "eps_4q": null,
            "eps_4q_growth_year": null,
            "roe": null,
            "roe_4q": 0,
            "gross_profit": null,
            "gross_margin": null,
            "gross_margin_4q_avg": 0,
            "net_income": null,
            "revenue": null,
            "common_shares": null,
            "book_valuer_per_share": null,
            "book_valuer_per_share_4q_avg": 0,
            "equity": null,
            "current_ratio": null,
            "debt_ratio": null,
            "inventory_turnover_ratio": null,
            "account_receivable_turnover_ratio": null,
            "reinvestment_rate": null,
            "research_to_sale_ratio": null,
            "price_fair": 0,
            "eps_avg_yearly": 0,
            "eps_latest_yearly": 0,
            "eps_growth_yearly": 0
        },
        "20171": {
            "year_quarter": 20171,
            "year": 2017,
            "quarter": 1,
            "eps": null,
            "eps_growth_year": null,
            "eps_4q": null,
            "eps_4q_growth_year": null,
            "roe": null,
            "roe_4q": 0,
            "gross_profit": null,
            "gross_margin": null,
            "gross_margin_4q_avg": 0,
            "net_income": null,
            "revenue": null,
            "common_shares": null,
            "book_valuer_per_share": null,
            "book_valuer_per_share_4q_avg": 0,
            "equity": null,
            "current_ratio": null,
            "debt_ratio": null,
            "inventory_turnover_ratio": null,
            "account_receivable_turnover_ratio": null,
            "reinvestment_rate": null,
            "research_to_sale_ratio": null,
            "price_fair": 0,
            "eps_avg_yearly": 0,
            "eps_latest_yearly": 0,
            "eps_growth_yearly": 0
        },
        "20172": {
            "year_quarter": 20172,
            "year": 2017,
            "quarter": 2,
            "eps": 0.88,
            "eps_growth_year": null,
            "eps_4q": null,
            "eps_4q_growth_year": null,
            "roe": 4.99,
            "roe_4q": 4.99,
            "gross_profit": 174920,
            "gross_margin": 52.53,
            "gross_margin_4q_avg": 13.13,
            "net_income": 87825,
            "revenue": 332988,
            "common_shares": 999449,
            "book_valuer_per_share": 17.6,
            "book_valuer_per_share_4q_avg": 4.4,
            "equity": 1758920,
            "current_ratio": 134.21,
            "debt_ratio": 27.03,
            "inventory_turnover_ratio": 0.67,
            "account_receivable_turnover_ratio": 9.1,
            "reinvestment_rate": null,
            "research_to_sale_ratio": 1.14,
            "price_fair": 0,
            "eps_avg_yearly": 0,
            "eps_latest_yearly": 0,
            "eps_growth_yearly": 0
        },
        "20173": {
            "year_quarter": 20173,
            "year": 2017,
            "quarter": 3,
            "eps": 2.42,
            "eps_growth_year": null,
            "eps_4q": null,
            "eps_4q_growth_year": null,
            "roe": 12.87,
            "roe_4q": 17.86,
            "gross_profit": 341120,
            "gross_margin": 62.63,
            "gross_margin_4q_avg": 28.79,
            "net_income": 242614,
            "revenue": 544673,
            "common_shares": 999449,
            "book_valuer_per_share": 20.13,
            "book_valuer_per_share_4q_avg": 9.43,
            "equity": 2011892,
            "current_ratio": 67.97,
            "debt_ratio": 30.23,
            "inventory_turnover_ratio": 0.85,
            "account_receivable_turnover_ratio": 7,
            "reinvestment_rate": null,
            "research_to_sale_ratio": 0.73,
            "price_fair": 338.8,
            "eps_avg_yearly": 9.68,
            "eps_latest_yearly": 9.68,
            "eps_growth_yearly": 700
        },
        "20174": {
            "year_quarter": 20174,
            "year": 2017,
            "quarter": 4,
            "eps": 2.83,
            "eps_growth_year": null,
            "eps_4q": null,
            "eps_4q_growth_year": null,
            "roe": 13.13,
            "roe_4q": 30.990000000000002,
            "gross_profit": 394097,
            "gross_margin": 60.38,
            "gross_margin_4q_avg": 43.89,
            "net_income": 282729,
            "revenue": 652713,
            "common_shares": 999449,
            "book_valuer_per_share": 22.96,
            "book_valuer_per_share_4q_avg": 15.17,
            "equity": 2294722,
            "current_ratio": 107.8,
            "debt_ratio": 28.18,
            "inventory_turnover_ratio": 1.24,
            "account_receivable_turnover_ratio": 5.49,
            "reinvestment_rate": null,
            "research_to_sale_ratio": 0.3,
            "price_fair": 367.5,
            "eps_avg_yearly": 10.5,
            "eps_latest_yearly": 11.32,
            "eps_growth_yearly": 383.88
        },
        "20181": {
            "year_quarter": 20181,
            "year": 2018,
            "quarter": 1,
            "eps": 1.21,
            "eps_growth_year": null,
            "eps_4q": 6.69,
            "eps_4q_growth_year": null,
            "roe": 4.5,
            "roe_4q": 35.49,
            "gross_profit": 214807,
            "gross_margin": 61.04,
            "gross_margin_4q_avg": 59.15,
            "net_income": 131161,
            "revenue": 351926,
            "common_shares": 1112709,
            "book_valuer_per_share": 31.8,
            "book_valuer_per_share_4q_avg": 23.12,
            "equity": 3538128,
            "current_ratio": 627.46,
            "debt_ratio": 20.52,
            "inventory_turnover_ratio": 0.61,
            "account_receivable_turnover_ratio": 3.52,
            "reinvestment_rate": null,
            "research_to_sale_ratio": 0.8,
            "price_fair": 301.47,
            "eps_avg_yearly": 8.61,
            "eps_latest_yearly": 4.84,
            "eps_growth_yearly": 179.6
        },
        "20182": {
            "year_quarter": 20182,
            "year": 2018,
            "quarter": 2,
            "eps": 2.86,
            "eps_growth_year": 225,
            "eps_4q": 8.76,
            "eps_4q_growth_year": null,
            "roe": 9.37,
            "roe_4q": 39.87,
            "gross_profit": 432107,
            "gross_margin": 57.82,
            "gross_margin_4q_avg": 60.47,
            "net_income": 318509,
            "revenue": 747392,
            "common_shares": 1112709,
            "book_valuer_per_share": 29.31,
            "book_valuer_per_share_4q_avg": 26.05,
            "equity": 3261338,
            "current_ratio": 256.92,
            "debt_ratio": 30.86,
            "inventory_turnover_ratio": 1.37,
            "account_receivable_turnover_ratio": 6.45,
            "reinvestment_rate": null,
            "research_to_sale_ratio": 0.3,
            "price_fair": 326.2,
            "eps_avg_yearly": 9.32,
            "eps_latest_yearly": 11.44,
            "eps_growth_yearly": 271.06
        },
        "20183": {
            "year_quarter": 20183,
            "year": 2018,
            "quarter": 3,
            "eps": 0.59,
            "eps_growth_year": -75.62,
            "eps_4q": 7.17,
            "eps_4q_growth_year": null,
            "roe": 1.99,
            "roe_4q": 28.990000000000002,
            "gross_profit": 124198,
            "gross_margin": 40.52,
            "gross_margin_4q_avg": 54.94,
            "net_income": 65717,
            "revenue": 306543,
            "common_shares": 1112709,
            "book_valuer_per_share": 29.9,
            "book_valuer_per_share_4q_avg": 28.49,
            "equity": 3327055,
            "current_ratio": 586.93,
            "debt_ratio": 20.32,
            "inventory_turnover_ratio": 0.9,
            "account_receivable_turnover_ratio": 3,
            "reinvestment_rate": null,
            "research_to_sale_ratio": 0.97,
            "price_fair": 277.48,
            "eps_avg_yearly": 7.93,
            "eps_latest_yearly": 2.36,
            "eps_growth_yearly": 153.35
        },
        "20184": {
            "year_quarter": 20184,
            "year": 2018,
            "quarter": 4,
            "eps": 2.43,
            "eps_growth_year": -14.19,
            "eps_4q": 7.06,
            "eps_4q_growth_year": null,
            "roe": 7.81,
            "roe_4q": 23.669999999999998,
            "gross_profit": 395646,
            "gross_margin": 53.36,
            "gross_margin_4q_avg": 53.19,
            "net_income": 270094,
            "revenue": 741510,
            "common_shares": 1112709,
            "book_valuer_per_share": 32.29,
            "book_valuer_per_share_4q_avg": 30.83,
            "equity": 3592833,
            "current_ratio": 497,
            "debt_ratio": 21.7,
            "inventory_turnover_ratio": 2.05,
            "account_receivable_turnover_ratio": 5.07,
            "reinvestment_rate": null,
            "research_to_sale_ratio": 0.42,
            "price_fair": 287.93,
            "eps_avg_yearly": 8.23,
            "eps_latest_yearly": 9.72,
            "eps_growth_yearly": 335.7
        },
        "20191": {
            "year_quarter": 20191,
            "year": 2019,
            "quarter": 1,
            "eps": 1.09,
            "eps_growth_year": -9.92,
            "eps_4q": 6.97,
            "eps_4q_growth_year": 4.24,
            "roe": 3.33,
            "roe_4q": 22.5,
            "gross_profit": 208215,
            "gross_margin": 53.66,
            "gross_margin_4q_avg": 51.34,
            "net_income": 121584,
            "revenue": 388042,
            "common_shares": 1112709,
            "book_valuer_per_share": 33.38,
            "book_valuer_per_share_4q_avg": 31.22,
            "equity": 3714417,
            "current_ratio": 432.14,
            "debt_ratio": 23.81,
            "inventory_turnover_ratio": 1.21,
            "account_receivable_turnover_ratio": 2.34,
            "reinvestment_rate": null,
            "research_to_sale_ratio": 0.65,
            "price_fair": 268.6,
            "eps_avg_yearly": 7.67,
            "eps_latest_yearly": 4.36,
            "eps_growth_yearly": 256.24
        },
        "20192": {
            "year_quarter": 20192,
            "year": 2019,
            "quarter": 2,
            "eps": 1.84,
            "eps_growth_year": -35.66,
            "eps_4q": 5.95,
            "eps_4q_growth_year": -32.14,
            "roe": 5.77,
            "roe_4q": 18.9,
            "gross_profit": 318889,
            "gross_margin": 55.74,
            "gross_margin_4q_avg": 50.82,
            "net_income": 204288,
            "revenue": 572127,
            "common_shares": 1112709,
            "book_valuer_per_share": 30.24,
            "book_valuer_per_share_4q_avg": 31.45,
            "equity": 3364576,
            "current_ratio": 217.19,
            "debt_ratio": 33.66,
            "inventory_turnover_ratio": 1.58,
            "account_receivable_turnover_ratio": 6.26,
            "reinvestment_rate": null,
            "research_to_sale_ratio": 0.48,
            "price_fair": 267.23,
            "eps_avg_yearly": 7.64,
            "eps_latest_yearly": 7.36,
            "eps_growth_yearly": 258.61
        },
        "20193": {
            "year_quarter": 20193,
            "year": 2019,
            "quarter": 3,
            "eps": 0.35,
            "eps_growth_year": -40.68,
            "eps_4q": 5.7,
            "eps_4q_growth_year": -20.51,
            "roe": 1.14,
            "roe_4q": 18.049999999999997,
            "gross_profit": 103314,
            "gross_margin": 31.63,
            "gross_margin_4q_avg": 48.6,
            "net_income": 38429,
            "revenue": 326589,
            "common_shares": 1112709,
            "book_valuer_per_share": 30.58,
            "book_valuer_per_share_4q_avg": 31.62,
            "equity": 3403005,
            "current_ratio": 361.23,
            "debt_ratio": 22.85,
            "inventory_turnover_ratio": 1.73,
            "account_receivable_turnover_ratio": 3.91,
            "reinvestment_rate": null,
            "research_to_sale_ratio": 0.91,
            "price_fair": 242.98,
            "eps_avg_yearly": 6.94,
            "eps_latest_yearly": 1.4,
            "eps_growth_yearly": 193.88
        },
        "20194": {
            "year_quarter": 20194,
            "year": 2019,
            "quarter": 4,
            "eps": 0.31,
            "eps_growth_year": -87.22,
            "eps_4q": 3.58,
            "eps_4q_growth_year": -49.23,
            "roe": 1.01,
            "roe_4q": 11.25,
            "gross_profit": 103614,
            "gross_margin": 28.47,
            "gross_margin_4q_avg": 42.38,
            "net_income": 34524,
            "revenue": 363943,
            "common_shares": 1112709,
            "book_valuer_per_share": 30.9,
            "book_valuer_per_share_4q_avg": 31.28,
            "equity": 3438386,
            "current_ratio": 323.64,
            "debt_ratio": 24.23,
            "inventory_turnover_ratio": 2.31,
            "account_receivable_turnover_ratio": 4.22,
            "reinvestment_rate": null,
            "research_to_sale_ratio": 0.88,
            "price_fair": 223.02,
            "eps_avg_yearly": 6.37,
            "eps_latest_yearly": 1.24,
            "eps_growth_yearly": 169.92
        },
        "20201": {
            "year_quarter": 20201,
            "year": 2020,
            "quarter": 1,
            "eps": -0.04,
            "eps_growth_year": -103.67,
            "eps_4q": 2.45,
            "eps_4q_growth_year": -64.86,
            "roe": -0.13,
            "roe_4q": 7.789999999999999,
            "gross_profit": 49048,
            "gross_margin": 19.69,
            "gross_margin_4q_avg": 33.88,
            "net_income": -4610,
            "revenue": 249110,
            "common_shares": 1112709,
            "book_valuer_per_share": 30.86,
            "book_valuer_per_share_4q_avg": 30.65,
            "equity": 3433776,
            "current_ratio": 229.66,
            "debt_ratio": 27.81,
            "inventory_turnover_ratio": 1.45,
            "account_receivable_turnover_ratio": 2.59,
            "reinvestment_rate": null,
            "research_to_sale_ratio": 1.63,
            "price_fair": 223.02,
            "eps_avg_yearly": 6.37,
            "eps_latest_yearly": 1.24,
            "eps_growth_yearly": 169.92
        },
        "20202": {
            "year_quarter": 20202,
            "year": 2020,
            "quarter": 2,
            "eps": 0.58,
            "eps_growth_year": -68.48,
            "eps_4q": 1.19,
            "eps_4q_growth_year": -79.94,
            "roe": 1.94,
            "roe_4q": 3.96,
            "gross_profit": 133195,
            "gross_margin": 33.07,
            "gross_margin_4q_avg": 28.22,
            "net_income": 64382,
            "revenue": 402809,
            "common_shares": 1112709,
            "book_valuer_per_share": 28.84,
            "book_valuer_per_share_4q_avg": 30.3,
            "equity": 3208854,
            "current_ratio": 195.07,
            "debt_ratio": 33.82,
            "inventory_turnover_ratio": 1.83,
            "account_receivable_turnover_ratio": 3.63,
            "reinvestment_rate": null,
            "research_to_sale_ratio": 1.41,
            "price_fair": 223.02,
            "eps_avg_yearly": 6.37,
            "eps_latest_yearly": 1.24,
            "eps_growth_yearly": 169.92
        },
        "20203": {
            "year_quarter": 20203,
            "year": 2020,
            "quarter": 3,
            "eps": 1,
            "eps_growth_year": 185.71,
            "eps_4q": 1.85,
            "eps_4q_growth_year": -67.56,
            "roe": 3.42,
            "roe_4q": 6.239999999999999,
            "gross_profit": 194705,
            "gross_margin": 53.34,
            "gross_margin_4q_avg": 33.64,
            "net_income": 111498,
            "revenue": 365014,
            "common_shares": 1112709,
            "book_valuer_per_share": 29.84,
            "book_valuer_per_share_4q_avg": 30.11,
            "equity": 3320352,
            "current_ratio": 250.44,
            "debt_ratio": 29.49,
            "inventory_turnover_ratio": 1.19,
            "account_receivable_turnover_ratio": 3.21,
            "reinvestment_rate": null,
            "research_to_sale_ratio": 1.69,
            "price_fair": 215.47,
            "eps_avg_yearly": 6.16,
            "eps_latest_yearly": 4,
            "eps_growth_yearly": 180.81
        },
        "20204": {
            "year_quarter": 20204,
            "year": 2020,
            "quarter": 4,
            "eps": 2.12,
            "eps_growth_year": 584.35,
            "eps_4q": 3.66,
            "eps_4q_growth_year": 2.18,
            "roe": 6.87,
            "roe_4q": 12.099999999999998,
            "gross_profit": 361838,
            "gross_margin": 59.78,
            "gross_margin_4q_avg": 41.47,
            "net_income": 236264,
            "revenue": 605296,
            "common_shares": 1112709,
            "book_valuer_per_share": 31.97,
            "book_valuer_per_share_4q_avg": 30.38,
            "equity": 3557375,
            "current_ratio": 286.36,
            "debt_ratio": 29.46,
            "inventory_turnover_ratio": 1.92,
            "account_receivable_turnover_ratio": 4.25,
            "reinvestment_rate": null,
            "research_to_sale_ratio": 0.88,
            "price_fair": 222.25,
            "eps_avg_yearly": 6.35,
            "eps_latest_yearly": 8.48,
            "eps_growth_yearly": 203.08
        },
        "20211": {
            "year_quarter": 20211,
            "year": 2021,
            "quarter": 1,
            "eps": 0.59,
            "eps_growth_year": null,
            "eps_4q": 4.29,
            "eps_4q_growth_year": 75.22,
            "roe": 1.92,
            "roe_4q": 14.149999999999999,
            "gross_profit": 149878,
            "gross_margin": 49.05,
            "gross_margin_4q_avg": 48.81,
            "net_income": 65554,
            "revenue": 305566,
            "common_shares": 1112709,
            "book_valuer_per_share": 29.56,
            "book_valuer_per_share_4q_avg": 30.05,
            "equity": 3289116,
            "current_ratio": 85.82,
            "debt_ratio": 23.33,
            "inventory_turnover_ratio": 1.28,
            "account_receivable_turnover_ratio": 2.3,
            "reinvestment_rate": 146.16,
            "research_to_sale_ratio": 0.06,
            "price_fair": 211.51,
            "eps_avg_yearly": 6.04,
            "eps_latest_yearly": 2.36,
            "eps_growth_yearly": 165.25
        },
        "20212": {
            "year_quarter": 20212,
            "year": 2021,
            "quarter": 2,
            "eps": 1.39,
            "eps_growth_year": 139.66,
            "eps_4q": 5.11,
            "eps_4q_growth_year": 328.18,
            "roe": 4.6,
            "roe_4q": 16.810000000000002,
            "gross_profit": 262578,
            "gross_margin": 55.31,
            "gross_margin_4q_avg": 54.37,
            "net_income": 154983,
            "revenue": 474705,
            "common_shares": 1112709,
            "book_valuer_per_share": 30.95,
            "book_valuer_per_share_4q_avg": 30.58,
            "equity": 3444099,
            "current_ratio": 105.11,
            "debt_ratio": 13.48,
            "inventory_turnover_ratio": 1.46,
            "account_receivable_turnover_ratio": 3.97,
            "reinvestment_rate": 76.18,
            "research_to_sale_ratio": 0,
            "price_fair": 210.3,
            "eps_avg_yearly": 6.01,
            "eps_latest_yearly": 5.56,
            "eps_growth_yearly": 192.19
        },
        "20213": {
            "year_quarter": 20213,
            "year": 2021,
            "quarter": 3,
            "eps": 0.79,
            "eps_growth_year": -21,
            "eps_4q": 4.89,
            "eps_4q_growth_year": 164.5,
            "roe": 2.51,
            "roe_4q": 15.899999999999999,
            "gross_profit": 180777,
            "gross_margin": 49.55,
            "gross_margin_4q_avg": 53.42,
            "net_income": 87531,
            "revenue": 364831,
            "common_shares": 1112709,
            "book_valuer_per_share": 31.74,
            "book_valuer_per_share_4q_avg": 31.06,
            "equity": 3531630,
            "current_ratio": 132.54,
            "debt_ratio": 10.62,
            "inventory_turnover_ratio": 1.18,
            "account_receivable_turnover_ratio": 3.2,
            "reinvestment_rate": 53.65,
            "research_to_sale_ratio": 0.23,
            "price_fair": 194,
            "eps_avg_yearly": 5.54,
            "eps_latest_yearly": 3.16,
            "eps_growth_yearly": 129.85
        },
        "20214": {
            "year_quarter": 20214,
            "year": 2021,
            "quarter": 4,
            "eps": 2.31,
            "eps_growth_year": 8.69,
            "eps_4q": 5.08,
            "eps_4q_growth_year": 38.61,
            "roe": 7.02,
            "roe_4q": 16.049999999999997,
            "gross_profit": 420144,
            "gross_margin": 59.28,
            "gross_margin_4q_avg": 53.3,
            "net_income": 256801,
            "revenue": 708771,
            "common_shares": 1112709,
            "book_valuer_per_share": 34.05,
            "book_valuer_per_share_4q_avg": 31.58,
            "equity": 3789183,
            "current_ratio": 167.7,
            "debt_ratio": 14.09,
            "inventory_turnover_ratio": 1.98,
            "account_receivable_turnover_ratio": 7.55,
            "reinvestment_rate": 54.01,
            "research_to_sale_ratio": 0.16,
            "price_fair": 188.8,
            "eps_avg_yearly": 5.39,
            "eps_latest_yearly": 9.24,
            "eps_growth_yearly": 179.98
        },
        "20221": {
            "year_quarter": 20221,
            "year": 2022,
            "quarter": 1,
            "eps": 1.4,
            "eps_growth_year": 137.29,
            "eps_4q": 5.89,
            "eps_4q_growth_year": 37.19,
            "roe": 4.28,
            "roe_4q": 18.41,
            "gross_profit": 269215,
            "gross_margin": 60.95,
            "gross_margin_4q_avg": 56.27,
            "net_income": 156028,
            "revenue": 441671,
            "common_shares": 1112709,
            "book_valuer_per_share": 31.46,
            "book_valuer_per_share_4q_avg": 32.05,
            "equity": 3500127,
            "current_ratio": 107.1,
            "debt_ratio": 25,
            "inventory_turnover_ratio": 1.11,
            "account_receivable_turnover_ratio": 3.22,
            "reinvestment_rate": 51.45,
            "research_to_sale_ratio": 0.01,
            "price_fair": 190.7,
            "eps_avg_yearly": 5.45,
            "eps_latest_yearly": 5.6,
            "eps_growth_yearly": 185.08
        },
        "20222": {
            "year_quarter": 20222,
            "year": 2022,
            "quarter": 2,
            "eps": 3.46,
            "eps_growth_year": 148.92,
            "eps_4q": 7.95,
            "eps_4q_growth_year": 55.71,
            "roe": 10.41,
            "roe_4q": 24.22,
            "gross_profit": 554725,
            "gross_margin": 66.27,
            "gross_margin_4q_avg": 59.01,
            "net_income": 384548,
            "revenue": 837113,
            "common_shares": 1112709,
            "book_valuer_per_share": 34.91,
            "book_valuer_per_share_4q_avg": 33.04,
            "equity": 3884675,
            "current_ratio": 177.53,
            "debt_ratio": 15.36,
            "inventory_turnover_ratio": 1.5,
            "account_receivable_turnover_ratio": 5.32,
            "reinvestment_rate": 47.52,
            "research_to_sale_ratio": 0,
            "price_fair": 196.7,
            "eps_avg_yearly": 5.62,
            "eps_latest_yearly": 13.84,
            "eps_growth_yearly": 188.16
        },
        "20223": {
            "year_quarter": 20223,
            "year": 2022,
            "quarter": 3,
            "eps": 1.94,
            "eps_growth_year": 145.57,
            "eps_4q": 9.1,
            "eps_4q_growth_year": 86.07,
            "roe": 5.4,
            "roe_4q": 27.11,
            "gross_profit": 335295,
            "gross_margin": 51.6,
            "gross_margin_4q_avg": 59.53,
            "net_income": 215488,
            "revenue": 649737,
            "common_shares": 1112709,
            "book_valuer_per_share": 36.85,
            "book_valuer_per_share_4q_avg": 34.32,
            "equity": 4100163,
            "current_ratio": 220.16,
            "debt_ratio": 13.4,
            "inventory_turnover_ratio": 1.82,
            "account_receivable_turnover_ratio": 4.06,
            "reinvestment_rate": 41.35,
            "research_to_sale_ratio": 0.02,
            "price_fair": 210.2,
            "eps_avg_yearly": 6.01,
            "eps_latest_yearly": 7.76,
            "eps_growth_yearly": 198.29
        },
        "20224": {
            "year_quarter": 20224,
            "year": 2022,
            "quarter": 4,
            "eps": 2.05,
            "eps_growth_year": -11.18,
            "eps_4q": 8.84,
            "eps_4q_growth_year": 74.23,
            "roe": 5.41,
            "roe_4q": 25.5,
            "gross_profit": 353438,
            "gross_margin": 49.85,
            "gross_margin_4q_avg": 57.17,
            "net_income": 228091,
            "revenue": 709062,
            "common_shares": 1112709,
            "book_valuer_per_share": 38.91,
            "book_valuer_per_share_4q_avg": 35.53,
            "equity": 4329985,
            "current_ratio": 256.94,
            "debt_ratio": 12.55,
            "inventory_turnover_ratio": 2.37,
            "account_receivable_turnover_ratio": 4.3,
            "reinvestment_rate": 33.04,
            "research_to_sale_ratio": 0.02,
            "price_fair": 206.4,
            "eps_avg_yearly": 5.9,
            "eps_latest_yearly": 8.2,
            "eps_growth_yearly": 110.81
        },
        "20231": {
            "year_quarter": 20231,
            "year": 2023,
            "quarter": 1,
            "eps": 0.77,
            "eps_growth_year": -45,
            "eps_4q": 8.21,
            "eps_4q_growth_year": 39.41,
            "roe": 2.13,
            "roe_4q": 23.35,
            "gross_profit": 173503,
            "gross_margin": 46.77,
            "gross_margin_4q_avg": 53.62,
            "net_income": 85513,
            "revenue": 370968,
            "common_shares": 1112709,
            "book_valuer_per_share": 33.18,
            "book_valuer_per_share_4q_avg": 35.96,
            "equity": 3692237,
            "current_ratio": 124.17,
            "debt_ratio": 27.18,
            "inventory_turnover_ratio": 1.01,
            "account_receivable_turnover_ratio": 2.13,
            "reinvestment_rate": 36.01,
            "research_to_sale_ratio": 0.03,
            "price_fair": 203.2,
            "eps_avg_yearly": 5.81,
            "eps_latest_yearly": 3.08,
            "eps_growth_yearly": 108.72
        }
    },
    "months": {
        "2016-09": {
            "month": "2016-09",
            "price": "54.71",
            "revenue": 84086
        },
        "2016-10": {
            "month": "2016-10",
            "price": "54.81",
            "revenue": 65625
        },
        "2016-11": {
            "month": "2016-11",
            "price": "56.80",
            "revenue": 249295
        },
        "2016-12": {
            "month": "2016-12",
            "price": "68.55",
            "revenue": 208629
        },
        "2017-01": {
            "month": "2017-01",
            "price": "82.25",
            "revenue": 173346
        },
        "2017-02": {
            "month": "2017-02",
            "price": "80.10",
            "revenue": 97436
        },
        "2017-03": {
            "month": "2017-03",
            "price": "100.28",
            "revenue": 105415
        },
        "2017-04": {
            "month": "2017-04",
            "price": "112.16",
            "revenue": 205888
        },
        "2017-05": {
            "month": "2017-05",
            "price": "103.52",
            "revenue": 71652
        },
        "2017-06": {
            "month": "2017-06",
            "price": "95.76",
            "revenue": 55448
        },
        "2017-07": {
            "month": "2017-07",
            "price": "98.16",
            "revenue": 193984
        },
        "2017-08": {
            "month": "2017-08",
            "price": "113.53",
            "revenue": 63181
        },
        "2017-09": {
            "month": "2017-09",
            "price": "108.76",
            "revenue": 287508
        },
        "2017-10": {
            "month": "2017-10",
            "price": "117.30",
            "revenue": 199304
        },
        "2017-11": {
            "month": "2017-11",
            "price": "118.64",
            "revenue": 233318
        },
        "2017-12": {
            "month": "2017-12",
            "price": "129.50",
            "revenue": 220091
        },
        "2018-01": {
            "month": "2018-01",
            "price": "126.14",
            "revenue": 159731
        },
        "2018-02": {
            "month": "2018-02",
            "price": "138.50",
            "revenue": 81056
        },
        "2018-03": {
            "month": "2018-03",
            "price": "128.85",
            "revenue": 111139
        },
        "2018-04": {
            "month": "2018-04",
            "price": "122.36",
            "revenue": 387939
        },
        "2018-05": {
            "month": "2018-05",
            "price": "117.30",
            "revenue": 118249
        },
        "2018-06": {
            "month": "2018-06",
            "price": "114.90",
            "revenue": 241204
        },
        "2018-07": {
            "month": "2018-07",
            "price": "109.27",
            "revenue": 101198
        },
        "2018-08": {
            "month": "2018-08",
            "price": "113.87",
            "revenue": 136212
        },
        "2018-09": {
            "month": "2018-09",
            "price": "108.34",
            "revenue": 69133
        },
        "2018-10": {
            "month": "2018-10",
            "price": "97.94",
            "revenue": 376235
        },
        "2018-11": {
            "month": "2018-11",
            "price": "89.24",
            "revenue": 112405
        },
        "2018-12": {
            "month": "2018-12",
            "price": "86.21",
            "revenue": 252870
        },
        "2019-01": {
            "month": "2019-01",
            "price": "89.84",
            "revenue": 154519
        },
        "2019-02": {
            "month": "2019-02",
            "price": "97.54",
            "revenue": 140606
        },
        "2019-03": {
            "month": "2019-03",
            "price": "100.84",
            "revenue": 92917
        },
        "2019-04": {
            "month": "2019-04",
            "price": "100.66",
            "revenue": 279522
        },
        "2019-05": {
            "month": "2019-05",
            "price": "96.79",
            "revenue": 172509
        },
        "2019-06": {
            "month": "2019-06",
            "price": "96.73",
            "revenue": 120095
        },
        "2019-07": {
            "month": "2019-07",
            "price": "97.62",
            "revenue": 183808
        },
        "2019-08": {
            "month": "2019-08",
            "price": "91.62",
            "revenue": 48139
        },
        "2019-09": {
            "month": "2019-09",
            "price": "91.01",
            "revenue": 94637
        },
        "2019-10": {
            "month": "2019-10",
            "price": "88.23",
            "revenue": 85400
        },
        "2019-11": {
            "month": "2019-11",
            "price": "85.94",
            "revenue": 107075
        },
        "2019-12": {
            "month": "2019-12",
            "price": "84.33",
            "revenue": 171468
        },
        "2020-01": {
            "month": "2020-01",
            "price": "82.34",
            "revenue": 77883
        },
        "2020-02": {
            "month": "2020-02",
            "price": "76.75",
            "revenue": 107730
        },
        "2020-03": {
            "month": "2020-03",
            "price": "59.84",
            "revenue": 63497
        },
        "2020-04": {
            "month": "2020-04",
            "price": "56.64",
            "revenue": 181823
        },
        "2020-05": {
            "month": "2020-05",
            "price": "60.44",
            "revenue": 85316
        },
        "2020-06": {
            "month": "2020-06",
            "price": "62.32",
            "revenue": 135670
        },
        "2020-07": {
            "month": "2020-07",
            "price": "61.90",
            "revenue": 153032
        },
        "2020-08": {
            "month": "2020-08",
            "price": "66.59",
            "revenue": 106885
        },
        "2020-09": {
            "month": "2020-09",
            "price": "68.54",
            "revenue": 105097
        },
        "2020-10": {
            "month": "2020-10",
            "price": "68.01",
            "revenue": 154379
        },
        "2020-11": {
            "month": "2020-11",
            "price": "71.70",
            "revenue": 190485
        },
        "2020-12": {
            "month": "2020-12",
            "price": "77.08",
            "revenue": 260432
        },
        "2021-01": {
            "month": "2021-01",
            "price": "72.93",
            "revenue": 94593
        },
        "2021-02": {
            "month": "2021-02",
            "price": "70.72",
            "revenue": 144256
        },
        "2021-03": {
            "month": "2021-03",
            "price": "74.82",
            "revenue": 66717
        },
        "2021-04": {
            "month": "2021-04",
            "price": "74.88",
            "revenue": 161109
        },
        "2021-05": {
            "month": "2021-05",
            "price": "70.47",
            "revenue": 172944
        },
        "2021-06": {
            "month": "2021-06",
            "price": "72.70",
            "revenue": 140652
        },
        "2021-07": {
            "month": "2021-07",
            "price": "71.17",
            "revenue": 136828
        },
        "2021-08": {
            "month": "2021-08",
            "price": "73.34",
            "revenue": 129173
        },
        "2021-09": {
            "month": "2021-09",
            "price": "74.74",
            "revenue": 98830
        },
        "2021-10": {
            "month": "2021-10",
            "price": "77.34",
            "revenue": 306956
        },
        "2021-11": {
            "month": "2021-11",
            "price": "79.14",
            "revenue": 232938
        },
        "2021-12": {
            "month": "2021-12",
            "price": "80.44",
            "revenue": 168877
        },
        "2022-01": {
            "month": "2022-01",
            "price": "81.81",
            "revenue": 104792
        },
        "2022-02": {
            "month": "2022-02",
            "price": "85.54",
            "revenue": 184363
        },
        "2022-03": {
            "month": "2022-03",
            "price": "87.00",
            "revenue": 152516
        },
        "2022-04": {
            "month": "2022-04",
            "price": "100.75",
            "revenue": 273561
        },
        "2022-05": {
            "month": "2022-05",
            "price": "88.09",
            "revenue": 314757
        },
        "2022-06": {
            "month": "2022-06",
            "price": "88.69",
            "revenue": 248795
        },
        "2022-07": {
            "month": "2022-07",
            "price": "79.30",
            "revenue": 167760
        },
        "2022-08": {
            "month": "2022-08",
            "price": "90.50",
            "revenue": 218681
        },
        "2022-09": {
            "month": "2022-09",
            "price": "93.04",
            "revenue": 263296
        },
        "2022-10": {
            "month": "2022-10",
            "price": "89.38",
            "revenue": 197145
        },
        "2022-11": {
            "month": "2022-11",
            "price": "90.26",
            "revenue": 248457
        },
        "2022-12": {
            "month": "2022-12",
            "price": "93.55",
            "revenue": 263460
        },
        "2023-01": {
            "month": "2023-01",
            "price": "96.20",
            "revenue": 152791
        },
        "2023-02": {
            "month": "2023-02",
            "price": "100.33",
            "revenue": 103039
        },
        "2023-03": {
            "month": "2023-03",
            "price": "101.42",
            "revenue": 115138
        },
        "2023-04": {
            "month": "2023-04",
            "price": "91.68",
            "revenue": 231605
        },
        "2023-05": {
            "month": "2023-05",
            "price": "90.58",
            "revenue": 185516
        }
    }
}
