{
    "summary": {
        "stock_name": "申豐",
        "stock_id": "6582",
        "category": "橡膠",
        "main_business": "醫材及其他用途之合成乳膠原料<br>加工用接著劑<br>其他",
        "website_url": "http://www.shinfoong.com.tw",
        "ceo": "蕭仁杰",
        "pe_ratio": -328,
        "report_year_from": 2015,
        "report_year_to": 2023,
        "age": 9,
        "eps_negative_percentage": 14,
        "eps_growth_avg": {
            "last_all": 6.63,
            "last_2y": -33.41,
            "last_4y": 4.45,
            "last_8y": null,
            "last_12y": null,
            "last_16y": null,
            "last_20y": null,
            "at_2006_last_3y": null,
            "at_2007_last_3y": null,
            "at_2008_last_3y": null,
            "at_2009_last_3y": null,
            "at_2010_last_3y": null,
            "at_2011_last_3y": null,
            "at_2012_last_3y": null,
            "at_2013_last_3y": null,
            "at_2014_last_3y": null,
            "at_2015_last_3y": null,
            "at_2016_last_3y": null,
            "at_2017_last_3y": null,
            "at_2018_last_3y": null,
            "at_2019_last_3y": null,
            "at_2020_last_3y": null,
            "at_2021_last_3y": 58.7,
            "at_2022_last_3y": 30.57,
            "at_2023_last_3y": -0.06,
            "at_2024_last_3y": -0.06,
            "at_2006_last_all": null,
            "at_2007_last_all": null,
            "at_2008_last_all": null,
            "at_2009_last_all": null,
            "at_2010_last_all": null,
            "at_2011_last_all": null,
            "at_2012_last_all": null,
            "at_2013_last_all": null,
            "at_2014_last_all": null,
            "at_2015_last_all": null,
            "at_2016_last_all": null,
            "at_2017_last_all": null,
            "at_2018_last_all": null,
            "at_2019_last_all": 20.01,
            "at_2020_last_all": 46.67,
            "at_2021_last_all": 58.7,
            "at_2022_last_all": 27.96,
            "at_2023_last_all": 6.63,
            "at_2024_last_all": 6.63
        },
        "latest_eps": -0.17,
        "latest_price": 55.8,
        "latest_roe": -0.3,
        "latest_gross_margin": 0.53,
        "latest_equity": 5864279,
        "latest_revenue": 187298,
        "latest_gross_profit": 993,
        "latest_net_income": 26020,
        "latest_debt_ratio": 5.77,
        "latest_current_ratio": 546.86,
        "latest_account_receivable_turnover_ratio": 0.73,
        "latest_inventory_turnover_ratio": 1.05,
        "latest_reinvestment_rate": 13.64,
        "latest_research_to_sale_ratio": 3.12
    },
    "eps_dividends": {
        "2001": {
            "cash": 0,
            "stock": 0,
            "eps": 0
        },
        "2002": {
            "cash": 0,
            "stock": 0,
            "eps": 0
        },
        "2003": {
            "cash": 0,
            "stock": 0,
            "eps": 0
        },
        "2004": {
            "cash": 0,
            "stock": 0,
            "eps": 0
        },
        "2005": {
            "cash": 0,
            "stock": 0,
            "eps": 0
        },
        "2006": {
            "cash": 0,
            "stock": 0,
            "eps": 0
        },
        "2007": {
            "cash": 0,
            "stock": 0,
            "eps": 0
        },
        "2008": {
            "cash": 0,
            "stock": 0,
            "eps": 0
        },
        "2009": {
            "cash": 0,
            "stock": 0,
            "eps": 0
        },
        "2010": {
            "cash": 0,
            "stock": 0,
            "eps": 0
        },
        "2011": {
            "cash": 0,
            "stock": 0,
            "eps": 0
        },
        "2012": {
            "cash": 0,
            "stock": 0,
            "eps": 0
        },
        "2013": {
            "cash": 0,
            "stock": 0,
            "eps": 0
        },
        "2014": {
            "cash": 0,
            "stock": 0,
            "eps": 0
        },
        "2015": {
            "cash": 0,
            "stock": 0,
            "eps": 0
        },
        "2016": {
            "cash": 0,
            "stock": 0,
            "eps": 0
        },
        "2017": {
            "cash": 4,
            "stock": 0,
            "eps": 3.48
        },
        "2018": {
            "cash": 3.5,
            "stock": 0,
            "eps": 4.09
        },
        "2019": {
            "cash": 3.6,
            "stock": 0,
            "eps": 5.01
        },
        "2020": {
            "cash": 4.5,
            "stock": 0,
            "eps": 16.81
        },
        "2021": {
            "cash": 10,
            "stock": 0,
            "eps": 32.74
        },
        "2022": {
            "cash": 15,
            "stock": 0,
            "eps": 1.64
        },
        "2023": {
            "cash": 3,
            "stock": 0,
            "eps": -0.03
        }
    },
    "dividends": {
        "2017-09-08": {
            "cash": 4,
            "stock": 0
        },
        "2018-08-30": {
            "cash": 3.5,
            "stock": 0
        },
        "2019-08-29": {
            "cash": 3.6,
            "stock": 0
        },
        "2020-08-27": {
            "cash": 4.5,
            "stock": 0
        },
        "2021-09-09": {
            "cash": 10,
            "stock": 0
        },
        "2022-09-22": {
            "cash": 15,
            "stock": 0
        },
        "2023-02-21": {
            "cash": 1.5,
            "stock": 0
        },
        "2023-08-25": {
            "cash": 1.5,
            "stock": 0
        }
    },
    "prices": {
        "200101": "無",
        "200102": "無",
        "200103": "無",
        "200104": "無",
        "200105": "無",
        "200106": "無",
        "200107": "無",
        "200108": "無",
        "200109": "無",
        "200110": "無",
        "200111": "無",
        "200112": "無",
        "200201": "無",
        "200202": "無",
        "200203": "無",
        "200204": "無",
        "200205": "無",
        "200206": "無",
        "200207": "無",
        "200208": "無",
        "200209": "無",
        "200210": "無",
        "200211": "無",
        "200212": "無",
        "200301": "無",
        "200302": "無",
        "200303": "無",
        "200304": "無",
        "200305": "無",
        "200306": "無",
        "200307": "無",
        "200308": "無",
        "200309": "無",
        "200310": "無",
        "200311": "無",
        "200312": "無",
        "200401": "無",
        "200402": "無",
        "200403": "無",
        "200404": "無",
        "200405": "無",
        "200406": "無",
        "200407": "無",
        "200408": "無",
        "200409": "無",
        "200410": "無",
        "200411": "無",
        "200412": "無",
        "200501": "無",
        "200502": "無",
        "200503": "無",
        "200504": "無",
        "200505": "無",
        "200506": "無",
        "200507": "無",
        "200508": "無",
        "200509": "無",
        "200510": "無",
        "200511": "無",
        "200512": "無",
        "200601": "無",
        "200602": "無",
        "200603": "無",
        "200604": "無",
        "200605": "無",
        "200606": "無",
        "200607": "無",
        "200608": "無",
        "200609": "無",
        "200610": "無",
        "200611": "無",
        "200612": "無",
        "200701": "無",
        "200702": "無",
        "200703": "無",
        "200704": "無",
        "200705": "無",
        "200706": "無",
        "200707": "無",
        "200708": "無",
        "200709": "無",
        "200710": "無",
        "200711": "無",
        "200712": "無",
        "200801": "無",
        "200802": "無",
        "200803": "無",
        "200804": "無",
        "200805": "無",
        "200806": "無",
        "200807": "無",
        "200808": "無",
        "200809": "無",
        "200810": "無",
        "200811": "無",
        "200812": "無",
        "200901": "無",
        "200902": "無",
        "200903": "無",
        "200904": "無",
        "200905": "無",
        "200906": "無",
        "200907": "無",
        "200908": "無",
        "200909": "無",
        "200910": "無",
        "200911": "無",
        "200912": "無",
        "201001": "無",
        "201002": "無",
        "201003": "無",
        "201004": "無",
        "201005": "無",
        "201006": "無",
        "201007": "無",
        "201008": "無",
        "201009": "無",
        "201010": "無",
        "201011": "無",
        "201012": "無",
        "201101": "無",
        "201102": "無",
        "201103": "無",
        "201104": "無",
        "201105": "無",
        "201106": "無",
        "201107": "無",
        "201108": "無",
        "201109": "無",
        "201110": "無",
        "201111": "無",
        "201112": "無",
        "201201": "無",
        "201202": "無",
        "201203": "無",
        "201204": "無",
        "201205": "無",
        "201206": "無",
        "201207": "無",
        "201208": "無",
        "201209": "無",
        "201210": "無",
        "201211": "無",
        "201212": "無",
        "201301": "無",
        "201302": "無",
        "201303": "無",
        "201304": "無",
        "201305": "無",
        "201306": "無",
        "201307": "無",
        "201308": "無",
        "201309": "無",
        "201310": "無",
        "201311": "無",
        "201312": "無",
        "201401": "無",
        "201402": "無",
        "201403": "無",
        "201404": "無",
        "201405": "無",
        "201406": "無",
        "201407": "無",
        "201408": "無",
        "201409": "無",
        "201410": "無",
        "201411": "無",
        "201412": "無",
        "201501": "無",
        "201502": "無",
        "201503": "無",
        "201504": "無",
        "201505": "無",
        "201506": "無",
        "201507": "無",
        "201508": "無",
        "201509": "無",
        "201510": "無",
        "201511": "無",
        "201512": "無",
        "201601": "無",
        "201602": "無",
        "201603": "無",
        "201604": "無",
        "201605": "無",
        "201606": "117.43",
        "201607": "106.97",
        "201608": "95.31",
        "201609": "89.45",
        "201610": "88.76",
        "201611": "82.21",
        "201612": "78.93",
        "201701": "86.13",
        "201702": "87.65",
        "201703": "94.83",
        "201704": "90.57",
        "201705": "88.69",
        "201706": "77.56",
        "201707": "68.68",
        "201708": "65.48",
        "201709": "59.22",
        "201710": "53.12",
        "201711": "49.97",
        "201712": "49.23",
        "201801": "50.23",
        "201802": "50.06",
        "201803": "58.95",
        "201804": "57.17",
        "201805": "53.15",
        "201806": "52.84",
        "201807": "52.80",
        "201808": "50.32",
        "201809": "53.05",
        "201810": "49.35",
        "201811": "47.99",
        "201812": "48.49",
        "201901": "48.88",
        "201902": "53.98",
        "201903": "56.22",
        "201904": "56.16",
        "201905": "54.24",
        "201906": "54.05",
        "201907": "54.67",
        "201908": "51.52",
        "201909": "52.76",
        "201910": "53.08",
        "201911": "56.90",
        "201912": "56.99",
        "202001": "57.89",
        "202002": "65.00",
        "202003": "71.08",
        "202004": "82.52",
        "202005": "106.06",
        "202006": "107.22",
        "202007": "128.17",
        "202008": "162.40",
        "202009": "171.25",
        "202010": "195.03",
        "202011": "183.95",
        "202012": "152.80",
        "202101": "145.72",
        "202102": "136.15",
        "202103": "174.61",
        "202104": "305.08",
        "202105": "277.21",
        "202106": "294.14",
        "202107": "268.95",
        "202108": "234.89",
        "202109": "207.38",
        "202110": "181.52",
        "202111": "180.57",
        "202112": "168.95",
        "202201": "156.92",
        "202202": "148.80",
        "202203": "140.80",
        "202204": "115.37",
        "202205": "98.06",
        "202206": "94.47",
        "202207": "80.89",
        "202208": "81.84",
        "202209": "60.70",
        "202210": "51.28",
        "202211": "55.11",
        "202212": "58.61",
        "202301": "58.88",
        "202302": "62.78",
        "202303": "61.53",
        "202304": "61.41",
        "202305": "57.60",
        "202306": "58.05",
        "202307": "55.67",
        "202308": "50.63",
        "202309": "50.34",
        "202310": "49.24",
        "202311": "51.40",
        "202312": "56.28"
    },
    "quarters": {
        "20011": {
            "year_quarter": 20011,
            "year": 2001,
            "quarter": 1,
            "eps": null,
            "eps_growth_year": null,
            "eps_4q": null,
            "eps_4q_growth_year": null,
            "roe": null,
            "roe_4q": 0,
            "gross_profit": null,
            "gross_margin": null,
            "gross_margin_4q_avg": 0,
            "net_income": null,
            "net_income_4q": null,
            "revenue": null,
            "revenue_4q": null,
            "common_shares": null,
            "book_valuer_per_share": null,
            "book_valuer_per_share_4q_avg": 0,
            "equity": null,
            "current_ratio": null,
            "debt_ratio": null,
            "inventory_turnover_ratio": null,
            "account_receivable_turnover_ratio": null,
            "reinvestment_rate": null,
            "research_to_sale_ratio": null,
            "price_fair": 0,
            "eps_avg_yearly": 0,
            "eps_latest_yearly": 0,
            "eps_growth_yearly": 0
        },
        "20012": {
            "year_quarter": 20012,
            "year": 2001,
            "quarter": 2,
            "eps": null,
            "eps_growth_year": null,
            "eps_4q": null,
            "eps_4q_growth_year": null,
            "roe": null,
            "roe_4q": 0,
            "gross_profit": null,
            "gross_margin": null,
            "gross_margin_4q_avg": 0,
            "net_income": null,
            "net_income_4q": null,
            "revenue": null,
            "revenue_4q": null,
            "common_shares": null,
            "book_valuer_per_share": null,
            "book_valuer_per_share_4q_avg": 0,
            "equity": null,
            "current_ratio": null,
            "debt_ratio": null,
            "inventory_turnover_ratio": null,
            "account_receivable_turnover_ratio": null,
            "reinvestment_rate": null,
            "research_to_sale_ratio": null,
            "price_fair": 0,
            "eps_avg_yearly": 0,
            "eps_latest_yearly": 0,
            "eps_growth_yearly": 0
        },
        "20013": {
            "year_quarter": 20013,
            "year": 2001,
            "quarter": 3,
            "eps": null,
            "eps_growth_year": null,
            "eps_4q": null,
            "eps_4q_growth_year": null,
            "roe": null,
            "roe_4q": 0,
            "gross_profit": null,
            "gross_margin": null,
            "gross_margin_4q_avg": 0,
            "net_income": null,
            "net_income_4q": null,
            "revenue": null,
            "revenue_4q": null,
            "common_shares": null,
            "book_valuer_per_share": null,
            "book_valuer_per_share_4q_avg": 0,
            "equity": null,
            "current_ratio": null,
            "debt_ratio": null,
            "inventory_turnover_ratio": null,
            "account_receivable_turnover_ratio": null,
            "reinvestment_rate": null,
            "research_to_sale_ratio": null,
            "price_fair": 0,
            "eps_avg_yearly": 0,
            "eps_latest_yearly": 0,
            "eps_growth_yearly": 0
        },
        "20014": {
            "year_quarter": 20014,
            "year": 2001,
            "quarter": 4,
            "eps": null,
            "eps_growth_year": null,
            "eps_4q": null,
            "eps_4q_growth_year": null,
            "roe": null,
            "roe_4q": 0,
            "gross_profit": null,
            "gross_margin": null,
            "gross_margin_4q_avg": 0,
            "net_income": null,
            "net_income_4q": null,
            "revenue": null,
            "revenue_4q": null,
            "common_shares": null,
            "book_valuer_per_share": null,
            "book_valuer_per_share_4q_avg": 0,
            "equity": null,
            "current_ratio": null,
            "debt_ratio": null,
            "inventory_turnover_ratio": null,
            "account_receivable_turnover_ratio": null,
            "reinvestment_rate": null,
            "research_to_sale_ratio": null,
            "price_fair": 0,
            "eps_avg_yearly": 0,
            "eps_latest_yearly": 0,
            "eps_growth_yearly": 0
        },
        "20021": {
            "year_quarter": 20021,
            "year": 2002,
            "quarter": 1,
            "eps": null,
            "eps_growth_year": null,
            "eps_4q": null,
            "eps_4q_growth_year": null,
            "roe": null,
            "roe_4q": 0,
            "gross_profit": null,
            "gross_margin": null,
            "gross_margin_4q_avg": 0,
            "net_income": null,
            "net_income_4q": null,
            "revenue": null,
            "revenue_4q": null,
            "common_shares": null,
            "book_valuer_per_share": null,
            "book_valuer_per_share_4q_avg": 0,
            "equity": null,
            "current_ratio": null,
            "debt_ratio": null,
            "inventory_turnover_ratio": null,
            "account_receivable_turnover_ratio": null,
            "reinvestment_rate": null,
            "research_to_sale_ratio": null,
            "price_fair": 0,
            "eps_avg_yearly": 0,
            "eps_latest_yearly": 0,
            "eps_growth_yearly": 0
        },
        "20022": {
            "year_quarter": 20022,
            "year": 2002,
            "quarter": 2,
            "eps": null,
            "eps_growth_year": null,
            "eps_4q": null,
            "eps_4q_growth_year": null,
            "roe": null,
            "roe_4q": 0,
            "gross_profit": null,
            "gross_margin": null,
            "gross_margin_4q_avg": 0,
            "net_income": null,
            "net_income_4q": null,
            "revenue": null,
            "revenue_4q": null,
            "common_shares": null,
            "book_valuer_per_share": null,
            "book_valuer_per_share_4q_avg": 0,
            "equity": null,
            "current_ratio": null,
            "debt_ratio": null,
            "inventory_turnover_ratio": null,
            "account_receivable_turnover_ratio": null,
            "reinvestment_rate": null,
            "research_to_sale_ratio": null,
            "price_fair": 0,
            "eps_avg_yearly": 0,
            "eps_latest_yearly": 0,
            "eps_growth_yearly": 0
        },
        "20023": {
            "year_quarter": 20023,
            "year": 2002,
            "quarter": 3,
            "eps": null,
            "eps_growth_year": null,
            "eps_4q": null,
            "eps_4q_growth_year": null,
            "roe": null,
            "roe_4q": 0,
            "gross_profit": null,
            "gross_margin": null,
            "gross_margin_4q_avg": 0,
            "net_income": null,
            "net_income_4q": null,
            "revenue": null,
            "revenue_4q": null,
            "common_shares": null,
            "book_valuer_per_share": null,
            "book_valuer_per_share_4q_avg": 0,
            "equity": null,
            "current_ratio": null,
            "debt_ratio": null,
            "inventory_turnover_ratio": null,
            "account_receivable_turnover_ratio": null,
            "reinvestment_rate": null,
            "research_to_sale_ratio": null,
            "price_fair": 0,
            "eps_avg_yearly": 0,
            "eps_latest_yearly": 0,
            "eps_growth_yearly": 0
        },
        "20024": {
            "year_quarter": 20024,
            "year": 2002,
            "quarter": 4,
            "eps": null,
            "eps_growth_year": null,
            "eps_4q": null,
            "eps_4q_growth_year": null,
            "roe": null,
            "roe_4q": 0,
            "gross_profit": null,
            "gross_margin": null,
            "gross_margin_4q_avg": 0,
            "net_income": null,
            "net_income_4q": null,
            "revenue": null,
            "revenue_4q": null,
            "common_shares": null,
            "book_valuer_per_share": null,
            "book_valuer_per_share_4q_avg": 0,
            "equity": null,
            "current_ratio": null,
            "debt_ratio": null,
            "inventory_turnover_ratio": null,
            "account_receivable_turnover_ratio": null,
            "reinvestment_rate": null,
            "research_to_sale_ratio": null,
            "price_fair": 0,
            "eps_avg_yearly": 0,
            "eps_latest_yearly": 0,
            "eps_growth_yearly": 0
        },
        "20031": {
            "year_quarter": 20031,
            "year": 2003,
            "quarter": 1,
            "eps": null,
            "eps_growth_year": null,
            "eps_4q": null,
            "eps_4q_growth_year": null,
            "roe": null,
            "roe_4q": 0,
            "gross_profit": null,
            "gross_margin": null,
            "gross_margin_4q_avg": 0,
            "net_income": null,
            "net_income_4q": null,
            "revenue": null,
            "revenue_4q": null,
            "common_shares": null,
            "book_valuer_per_share": null,
            "book_valuer_per_share_4q_avg": 0,
            "equity": null,
            "current_ratio": null,
            "debt_ratio": null,
            "inventory_turnover_ratio": null,
            "account_receivable_turnover_ratio": null,
            "reinvestment_rate": null,
            "research_to_sale_ratio": null,
            "price_fair": 0,
            "eps_avg_yearly": 0,
            "eps_latest_yearly": 0,
            "eps_growth_yearly": 0
        },
        "20032": {
            "year_quarter": 20032,
            "year": 2003,
            "quarter": 2,
            "eps": null,
            "eps_growth_year": null,
            "eps_4q": null,
            "eps_4q_growth_year": null,
            "roe": null,
            "roe_4q": 0,
            "gross_profit": null,
            "gross_margin": null,
            "gross_margin_4q_avg": 0,
            "net_income": null,
            "net_income_4q": null,
            "revenue": null,
            "revenue_4q": null,
            "common_shares": null,
            "book_valuer_per_share": null,
            "book_valuer_per_share_4q_avg": 0,
            "equity": null,
            "current_ratio": null,
            "debt_ratio": null,
            "inventory_turnover_ratio": null,
            "account_receivable_turnover_ratio": null,
            "reinvestment_rate": null,
            "research_to_sale_ratio": null,
            "price_fair": 0,
            "eps_avg_yearly": 0,
            "eps_latest_yearly": 0,
            "eps_growth_yearly": 0
        },
        "20033": {
            "year_quarter": 20033,
            "year": 2003,
            "quarter": 3,
            "eps": null,
            "eps_growth_year": null,
            "eps_4q": null,
            "eps_4q_growth_year": null,
            "roe": null,
            "roe_4q": 0,
            "gross_profit": null,
            "gross_margin": null,
            "gross_margin_4q_avg": 0,
            "net_income": null,
            "net_income_4q": null,
            "revenue": null,
            "revenue_4q": null,
            "common_shares": null,
            "book_valuer_per_share": null,
            "book_valuer_per_share_4q_avg": 0,
            "equity": null,
            "current_ratio": null,
            "debt_ratio": null,
            "inventory_turnover_ratio": null,
            "account_receivable_turnover_ratio": null,
            "reinvestment_rate": null,
            "research_to_sale_ratio": null,
            "price_fair": 0,
            "eps_avg_yearly": 0,
            "eps_latest_yearly": 0,
            "eps_growth_yearly": 0
        },
        "20034": {
            "year_quarter": 20034,
            "year": 2003,
            "quarter": 4,
            "eps": null,
            "eps_growth_year": null,
            "eps_4q": null,
            "eps_4q_growth_year": null,
            "roe": null,
            "roe_4q": 0,
            "gross_profit": null,
            "gross_margin": null,
            "gross_margin_4q_avg": 0,
            "net_income": null,
            "net_income_4q": null,
            "revenue": null,
            "revenue_4q": null,
            "common_shares": null,
            "book_valuer_per_share": null,
            "book_valuer_per_share_4q_avg": 0,
            "equity": null,
            "current_ratio": null,
            "debt_ratio": null,
            "inventory_turnover_ratio": null,
            "account_receivable_turnover_ratio": null,
            "reinvestment_rate": null,
            "research_to_sale_ratio": null,
            "price_fair": 0,
            "eps_avg_yearly": 0,
            "eps_latest_yearly": 0,
            "eps_growth_yearly": 0
        },
        "20041": {
            "year_quarter": 20041,
            "year": 2004,
            "quarter": 1,
            "eps": null,
            "eps_growth_year": null,
            "eps_4q": null,
            "eps_4q_growth_year": null,
            "roe": null,
            "roe_4q": 0,
            "gross_profit": null,
            "gross_margin": null,
            "gross_margin_4q_avg": 0,
            "net_income": null,
            "net_income_4q": null,
            "revenue": null,
            "revenue_4q": null,
            "common_shares": null,
            "book_valuer_per_share": null,
            "book_valuer_per_share_4q_avg": 0,
            "equity": null,
            "current_ratio": null,
            "debt_ratio": null,
            "inventory_turnover_ratio": null,
            "account_receivable_turnover_ratio": null,
            "reinvestment_rate": null,
            "research_to_sale_ratio": null,
            "price_fair": 0,
            "eps_avg_yearly": 0,
            "eps_latest_yearly": 0,
            "eps_growth_yearly": 0
        },
        "20042": {
            "year_quarter": 20042,
            "year": 2004,
            "quarter": 2,
            "eps": null,
            "eps_growth_year": null,
            "eps_4q": null,
            "eps_4q_growth_year": null,
            "roe": null,
            "roe_4q": 0,
            "gross_profit": null,
            "gross_margin": null,
            "gross_margin_4q_avg": 0,
            "net_income": null,
            "net_income_4q": null,
            "revenue": null,
            "revenue_4q": null,
            "common_shares": null,
            "book_valuer_per_share": null,
            "book_valuer_per_share_4q_avg": 0,
            "equity": null,
            "current_ratio": null,
            "debt_ratio": null,
            "inventory_turnover_ratio": null,
            "account_receivable_turnover_ratio": null,
            "reinvestment_rate": null,
            "research_to_sale_ratio": null,
            "price_fair": 0,
            "eps_avg_yearly": 0,
            "eps_latest_yearly": 0,
            "eps_growth_yearly": 0
        },
        "20043": {
            "year_quarter": 20043,
            "year": 2004,
            "quarter": 3,
            "eps": null,
            "eps_growth_year": null,
            "eps_4q": null,
            "eps_4q_growth_year": null,
            "roe": null,
            "roe_4q": 0,
            "gross_profit": null,
            "gross_margin": null,
            "gross_margin_4q_avg": 0,
            "net_income": null,
            "net_income_4q": null,
            "revenue": null,
            "revenue_4q": null,
            "common_shares": null,
            "book_valuer_per_share": null,
            "book_valuer_per_share_4q_avg": 0,
            "equity": null,
            "current_ratio": null,
            "debt_ratio": null,
            "inventory_turnover_ratio": null,
            "account_receivable_turnover_ratio": null,
            "reinvestment_rate": null,
            "research_to_sale_ratio": null,
            "price_fair": 0,
            "eps_avg_yearly": 0,
            "eps_latest_yearly": 0,
            "eps_growth_yearly": 0
        },
        "20044": {
            "year_quarter": 20044,
            "year": 2004,
            "quarter": 4,
            "eps": null,
            "eps_growth_year": null,
            "eps_4q": null,
            "eps_4q_growth_year": null,
            "roe": null,
            "roe_4q": 0,
            "gross_profit": null,
            "gross_margin": null,
            "gross_margin_4q_avg": 0,
            "net_income": null,
            "net_income_4q": null,
            "revenue": null,
            "revenue_4q": null,
            "common_shares": null,
            "book_valuer_per_share": null,
            "book_valuer_per_share_4q_avg": 0,
            "equity": null,
            "current_ratio": null,
            "debt_ratio": null,
            "inventory_turnover_ratio": null,
            "account_receivable_turnover_ratio": null,
            "reinvestment_rate": null,
            "research_to_sale_ratio": null,
            "price_fair": 0,
            "eps_avg_yearly": 0,
            "eps_latest_yearly": 0,
            "eps_growth_yearly": 0
        },
        "20051": {
            "year_quarter": 20051,
            "year": 2005,
            "quarter": 1,
            "eps": null,
            "eps_growth_year": null,
            "eps_4q": null,
            "eps_4q_growth_year": null,
            "roe": null,
            "roe_4q": 0,
            "gross_profit": null,
            "gross_margin": null,
            "gross_margin_4q_avg": 0,
            "net_income": null,
            "net_income_4q": null,
            "revenue": null,
            "revenue_4q": null,
            "common_shares": null,
            "book_valuer_per_share": null,
            "book_valuer_per_share_4q_avg": 0,
            "equity": null,
            "current_ratio": null,
            "debt_ratio": null,
            "inventory_turnover_ratio": null,
            "account_receivable_turnover_ratio": null,
            "reinvestment_rate": null,
            "research_to_sale_ratio": null,
            "price_fair": 0,
            "eps_avg_yearly": 0,
            "eps_latest_yearly": 0,
            "eps_growth_yearly": 0
        },
        "20052": {
            "year_quarter": 20052,
            "year": 2005,
            "quarter": 2,
            "eps": null,
            "eps_growth_year": null,
            "eps_4q": null,
            "eps_4q_growth_year": null,
            "roe": null,
            "roe_4q": 0,
            "gross_profit": null,
            "gross_margin": null,
            "gross_margin_4q_avg": 0,
            "net_income": null,
            "net_income_4q": null,
            "revenue": null,
            "revenue_4q": null,
            "common_shares": null,
            "book_valuer_per_share": null,
            "book_valuer_per_share_4q_avg": 0,
            "equity": null,
            "current_ratio": null,
            "debt_ratio": null,
            "inventory_turnover_ratio": null,
            "account_receivable_turnover_ratio": null,
            "reinvestment_rate": null,
            "research_to_sale_ratio": null,
            "price_fair": 0,
            "eps_avg_yearly": 0,
            "eps_latest_yearly": 0,
            "eps_growth_yearly": 0
        },
        "20053": {
            "year_quarter": 20053,
            "year": 2005,
            "quarter": 3,
            "eps": null,
            "eps_growth_year": null,
            "eps_4q": null,
            "eps_4q_growth_year": null,
            "roe": null,
            "roe_4q": 0,
            "gross_profit": null,
            "gross_margin": null,
            "gross_margin_4q_avg": 0,
            "net_income": null,
            "net_income_4q": null,
            "revenue": null,
            "revenue_4q": null,
            "common_shares": null,
            "book_valuer_per_share": null,
            "book_valuer_per_share_4q_avg": 0,
            "equity": null,
            "current_ratio": null,
            "debt_ratio": null,
            "inventory_turnover_ratio": null,
            "account_receivable_turnover_ratio": null,
            "reinvestment_rate": null,
            "research_to_sale_ratio": null,
            "price_fair": 0,
            "eps_avg_yearly": 0,
            "eps_latest_yearly": 0,
            "eps_growth_yearly": 0
        },
        "20054": {
            "year_quarter": 20054,
            "year": 2005,
            "quarter": 4,
            "eps": null,
            "eps_growth_year": null,
            "eps_4q": null,
            "eps_4q_growth_year": null,
            "roe": null,
            "roe_4q": 0,
            "gross_profit": null,
            "gross_margin": null,
            "gross_margin_4q_avg": 0,
            "net_income": null,
            "net_income_4q": null,
            "revenue": null,
            "revenue_4q": null,
            "common_shares": null,
            "book_valuer_per_share": null,
            "book_valuer_per_share_4q_avg": 0,
            "equity": null,
            "current_ratio": null,
            "debt_ratio": null,
            "inventory_turnover_ratio": null,
            "account_receivable_turnover_ratio": null,
            "reinvestment_rate": null,
            "research_to_sale_ratio": null,
            "price_fair": 0,
            "eps_avg_yearly": 0,
            "eps_latest_yearly": 0,
            "eps_growth_yearly": 0
        },
        "20061": {
            "year_quarter": 20061,
            "year": 2006,
            "quarter": 1,
            "eps": null,
            "eps_growth_year": null,
            "eps_4q": null,
            "eps_4q_growth_year": null,
            "roe": null,
            "roe_4q": 0,
            "gross_profit": null,
            "gross_margin": null,
            "gross_margin_4q_avg": 0,
            "net_income": null,
            "net_income_4q": null,
            "revenue": null,
            "revenue_4q": null,
            "common_shares": null,
            "book_valuer_per_share": null,
            "book_valuer_per_share_4q_avg": 0,
            "equity": null,
            "current_ratio": null,
            "debt_ratio": null,
            "inventory_turnover_ratio": null,
            "account_receivable_turnover_ratio": null,
            "reinvestment_rate": null,
            "research_to_sale_ratio": null,
            "price_fair": 0,
            "eps_avg_yearly": 0,
            "eps_latest_yearly": 0,
            "eps_growth_yearly": 0
        },
        "20062": {
            "year_quarter": 20062,
            "year": 2006,
            "quarter": 2,
            "eps": null,
            "eps_growth_year": null,
            "eps_4q": null,
            "eps_4q_growth_year": null,
            "roe": null,
            "roe_4q": 0,
            "gross_profit": null,
            "gross_margin": null,
            "gross_margin_4q_avg": 0,
            "net_income": null,
            "net_income_4q": null,
            "revenue": null,
            "revenue_4q": null,
            "common_shares": null,
            "book_valuer_per_share": null,
            "book_valuer_per_share_4q_avg": 0,
            "equity": null,
            "current_ratio": null,
            "debt_ratio": null,
            "inventory_turnover_ratio": null,
            "account_receivable_turnover_ratio": null,
            "reinvestment_rate": null,
            "research_to_sale_ratio": null,
            "price_fair": 0,
            "eps_avg_yearly": 0,
            "eps_latest_yearly": 0,
            "eps_growth_yearly": 0
        },
        "20063": {
            "year_quarter": 20063,
            "year": 2006,
            "quarter": 3,
            "eps": null,
            "eps_growth_year": null,
            "eps_4q": null,
            "eps_4q_growth_year": null,
            "roe": null,
            "roe_4q": 0,
            "gross_profit": null,
            "gross_margin": null,
            "gross_margin_4q_avg": 0,
            "net_income": null,
            "net_income_4q": null,
            "revenue": null,
            "revenue_4q": null,
            "common_shares": null,
            "book_valuer_per_share": null,
            "book_valuer_per_share_4q_avg": 0,
            "equity": null,
            "current_ratio": null,
            "debt_ratio": null,
            "inventory_turnover_ratio": null,
            "account_receivable_turnover_ratio": null,
            "reinvestment_rate": null,
            "research_to_sale_ratio": null,
            "price_fair": 0,
            "eps_avg_yearly": 0,
            "eps_latest_yearly": 0,
            "eps_growth_yearly": 0
        },
        "20064": {
            "year_quarter": 20064,
            "year": 2006,
            "quarter": 4,
            "eps": null,
            "eps_growth_year": null,
            "eps_4q": null,
            "eps_4q_growth_year": null,
            "roe": null,
            "roe_4q": 0,
            "gross_profit": null,
            "gross_margin": null,
            "gross_margin_4q_avg": 0,
            "net_income": null,
            "net_income_4q": null,
            "revenue": null,
            "revenue_4q": null,
            "common_shares": null,
            "book_valuer_per_share": null,
            "book_valuer_per_share_4q_avg": 0,
            "equity": null,
            "current_ratio": null,
            "debt_ratio": null,
            "inventory_turnover_ratio": null,
            "account_receivable_turnover_ratio": null,
            "reinvestment_rate": null,
            "research_to_sale_ratio": null,
            "price_fair": 0,
            "eps_avg_yearly": 0,
            "eps_latest_yearly": 0,
            "eps_growth_yearly": 0
        },
        "20071": {
            "year_quarter": 20071,
            "year": 2007,
            "quarter": 1,
            "eps": null,
            "eps_growth_year": null,
            "eps_4q": null,
            "eps_4q_growth_year": null,
            "roe": null,
            "roe_4q": 0,
            "gross_profit": null,
            "gross_margin": null,
            "gross_margin_4q_avg": 0,
            "net_income": null,
            "net_income_4q": null,
            "revenue": null,
            "revenue_4q": null,
            "common_shares": null,
            "book_valuer_per_share": null,
            "book_valuer_per_share_4q_avg": 0,
            "equity": null,
            "current_ratio": null,
            "debt_ratio": null,
            "inventory_turnover_ratio": null,
            "account_receivable_turnover_ratio": null,
            "reinvestment_rate": null,
            "research_to_sale_ratio": null,
            "price_fair": 0,
            "eps_avg_yearly": 0,
            "eps_latest_yearly": 0,
            "eps_growth_yearly": 0
        },
        "20072": {
            "year_quarter": 20072,
            "year": 2007,
            "quarter": 2,
            "eps": null,
            "eps_growth_year": null,
            "eps_4q": null,
            "eps_4q_growth_year": null,
            "roe": null,
            "roe_4q": 0,
            "gross_profit": null,
            "gross_margin": null,
            "gross_margin_4q_avg": 0,
            "net_income": null,
            "net_income_4q": null,
            "revenue": null,
            "revenue_4q": null,
            "common_shares": null,
            "book_valuer_per_share": null,
            "book_valuer_per_share_4q_avg": 0,
            "equity": null,
            "current_ratio": null,
            "debt_ratio": null,
            "inventory_turnover_ratio": null,
            "account_receivable_turnover_ratio": null,
            "reinvestment_rate": null,
            "research_to_sale_ratio": null,
            "price_fair": 0,
            "eps_avg_yearly": 0,
            "eps_latest_yearly": 0,
            "eps_growth_yearly": 0
        },
        "20073": {
            "year_quarter": 20073,
            "year": 2007,
            "quarter": 3,
            "eps": null,
            "eps_growth_year": null,
            "eps_4q": null,
            "eps_4q_growth_year": null,
            "roe": null,
            "roe_4q": 0,
            "gross_profit": null,
            "gross_margin": null,
            "gross_margin_4q_avg": 0,
            "net_income": null,
            "net_income_4q": null,
            "revenue": null,
            "revenue_4q": null,
            "common_shares": null,
            "book_valuer_per_share": null,
            "book_valuer_per_share_4q_avg": 0,
            "equity": null,
            "current_ratio": null,
            "debt_ratio": null,
            "inventory_turnover_ratio": null,
            "account_receivable_turnover_ratio": null,
            "reinvestment_rate": null,
            "research_to_sale_ratio": null,
            "price_fair": 0,
            "eps_avg_yearly": 0,
            "eps_latest_yearly": 0,
            "eps_growth_yearly": 0
        },
        "20074": {
            "year_quarter": 20074,
            "year": 2007,
            "quarter": 4,
            "eps": null,
            "eps_growth_year": null,
            "eps_4q": null,
            "eps_4q_growth_year": null,
            "roe": null,
            "roe_4q": 0,
            "gross_profit": null,
            "gross_margin": null,
            "gross_margin_4q_avg": 0,
            "net_income": null,
            "net_income_4q": null,
            "revenue": null,
            "revenue_4q": null,
            "common_shares": null,
            "book_valuer_per_share": null,
            "book_valuer_per_share_4q_avg": 0,
            "equity": null,
            "current_ratio": null,
            "debt_ratio": null,
            "inventory_turnover_ratio": null,
            "account_receivable_turnover_ratio": null,
            "reinvestment_rate": null,
            "research_to_sale_ratio": null,
            "price_fair": 0,
            "eps_avg_yearly": 0,
            "eps_latest_yearly": 0,
            "eps_growth_yearly": 0
        },
        "20081": {
            "year_quarter": 20081,
            "year": 2008,
            "quarter": 1,
            "eps": null,
            "eps_growth_year": null,
            "eps_4q": null,
            "eps_4q_growth_year": null,
            "roe": null,
            "roe_4q": 0,
            "gross_profit": null,
            "gross_margin": null,
            "gross_margin_4q_avg": 0,
            "net_income": null,
            "net_income_4q": null,
            "revenue": null,
            "revenue_4q": null,
            "common_shares": null,
            "book_valuer_per_share": null,
            "book_valuer_per_share_4q_avg": 0,
            "equity": null,
            "current_ratio": null,
            "debt_ratio": null,
            "inventory_turnover_ratio": null,
            "account_receivable_turnover_ratio": null,
            "reinvestment_rate": null,
            "research_to_sale_ratio": null,
            "price_fair": 0,
            "eps_avg_yearly": 0,
            "eps_latest_yearly": 0,
            "eps_growth_yearly": 0
        },
        "20082": {
            "year_quarter": 20082,
            "year": 2008,
            "quarter": 2,
            "eps": null,
            "eps_growth_year": null,
            "eps_4q": null,
            "eps_4q_growth_year": null,
            "roe": null,
            "roe_4q": 0,
            "gross_profit": null,
            "gross_margin": null,
            "gross_margin_4q_avg": 0,
            "net_income": null,
            "net_income_4q": null,
            "revenue": null,
            "revenue_4q": null,
            "common_shares": null,
            "book_valuer_per_share": null,
            "book_valuer_per_share_4q_avg": 0,
            "equity": null,
            "current_ratio": null,
            "debt_ratio": null,
            "inventory_turnover_ratio": null,
            "account_receivable_turnover_ratio": null,
            "reinvestment_rate": null,
            "research_to_sale_ratio": null,
            "price_fair": 0,
            "eps_avg_yearly": 0,
            "eps_latest_yearly": 0,
            "eps_growth_yearly": 0
        },
        "20083": {
            "year_quarter": 20083,
            "year": 2008,
            "quarter": 3,
            "eps": null,
            "eps_growth_year": null,
            "eps_4q": null,
            "eps_4q_growth_year": null,
            "roe": null,
            "roe_4q": 0,
            "gross_profit": null,
            "gross_margin": null,
            "gross_margin_4q_avg": 0,
            "net_income": null,
            "net_income_4q": null,
            "revenue": null,
            "revenue_4q": null,
            "common_shares": null,
            "book_valuer_per_share": null,
            "book_valuer_per_share_4q_avg": 0,
            "equity": null,
            "current_ratio": null,
            "debt_ratio": null,
            "inventory_turnover_ratio": null,
            "account_receivable_turnover_ratio": null,
            "reinvestment_rate": null,
            "research_to_sale_ratio": null,
            "price_fair": 0,
            "eps_avg_yearly": 0,
            "eps_latest_yearly": 0,
            "eps_growth_yearly": 0
        },
        "20084": {
            "year_quarter": 20084,
            "year": 2008,
            "quarter": 4,
            "eps": null,
            "eps_growth_year": null,
            "eps_4q": null,
            "eps_4q_growth_year": null,
            "roe": null,
            "roe_4q": 0,
            "gross_profit": null,
            "gross_margin": null,
            "gross_margin_4q_avg": 0,
            "net_income": null,
            "net_income_4q": null,
            "revenue": null,
            "revenue_4q": null,
            "common_shares": null,
            "book_valuer_per_share": null,
            "book_valuer_per_share_4q_avg": 0,
            "equity": null,
            "current_ratio": null,
            "debt_ratio": null,
            "inventory_turnover_ratio": null,
            "account_receivable_turnover_ratio": null,
            "reinvestment_rate": null,
            "research_to_sale_ratio": null,
            "price_fair": 0,
            "eps_avg_yearly": 0,
            "eps_latest_yearly": 0,
            "eps_growth_yearly": 0
        },
        "20091": {
            "year_quarter": 20091,
            "year": 2009,
            "quarter": 1,
            "eps": null,
            "eps_growth_year": null,
            "eps_4q": null,
            "eps_4q_growth_year": null,
            "roe": null,
            "roe_4q": 0,
            "gross_profit": null,
            "gross_margin": null,
            "gross_margin_4q_avg": 0,
            "net_income": null,
            "net_income_4q": null,
            "revenue": null,
            "revenue_4q": null,
            "common_shares": null,
            "book_valuer_per_share": null,
            "book_valuer_per_share_4q_avg": 0,
            "equity": null,
            "current_ratio": null,
            "debt_ratio": null,
            "inventory_turnover_ratio": null,
            "account_receivable_turnover_ratio": null,
            "reinvestment_rate": null,
            "research_to_sale_ratio": null,
            "price_fair": 0,
            "eps_avg_yearly": 0,
            "eps_latest_yearly": 0,
            "eps_growth_yearly": 0
        },
        "20092": {
            "year_quarter": 20092,
            "year": 2009,
            "quarter": 2,
            "eps": null,
            "eps_growth_year": null,
            "eps_4q": null,
            "eps_4q_growth_year": null,
            "roe": null,
            "roe_4q": 0,
            "gross_profit": null,
            "gross_margin": null,
            "gross_margin_4q_avg": 0,
            "net_income": null,
            "net_income_4q": null,
            "revenue": null,
            "revenue_4q": null,
            "common_shares": null,
            "book_valuer_per_share": null,
            "book_valuer_per_share_4q_avg": 0,
            "equity": null,
            "current_ratio": null,
            "debt_ratio": null,
            "inventory_turnover_ratio": null,
            "account_receivable_turnover_ratio": null,
            "reinvestment_rate": null,
            "research_to_sale_ratio": null,
            "price_fair": 0,
            "eps_avg_yearly": 0,
            "eps_latest_yearly": 0,
            "eps_growth_yearly": 0
        },
        "20093": {
            "year_quarter": 20093,
            "year": 2009,
            "quarter": 3,
            "eps": null,
            "eps_growth_year": null,
            "eps_4q": null,
            "eps_4q_growth_year": null,
            "roe": null,
            "roe_4q": 0,
            "gross_profit": null,
            "gross_margin": null,
            "gross_margin_4q_avg": 0,
            "net_income": null,
            "net_income_4q": null,
            "revenue": null,
            "revenue_4q": null,
            "common_shares": null,
            "book_valuer_per_share": null,
            "book_valuer_per_share_4q_avg": 0,
            "equity": null,
            "current_ratio": null,
            "debt_ratio": null,
            "inventory_turnover_ratio": null,
            "account_receivable_turnover_ratio": null,
            "reinvestment_rate": null,
            "research_to_sale_ratio": null,
            "price_fair": 0,
            "eps_avg_yearly": 0,
            "eps_latest_yearly": 0,
            "eps_growth_yearly": 0
        },
        "20094": {
            "year_quarter": 20094,
            "year": 2009,
            "quarter": 4,
            "eps": null,
            "eps_growth_year": null,
            "eps_4q": null,
            "eps_4q_growth_year": null,
            "roe": null,
            "roe_4q": 0,
            "gross_profit": null,
            "gross_margin": null,
            "gross_margin_4q_avg": 0,
            "net_income": null,
            "net_income_4q": null,
            "revenue": null,
            "revenue_4q": null,
            "common_shares": null,
            "book_valuer_per_share": null,
            "book_valuer_per_share_4q_avg": 0,
            "equity": null,
            "current_ratio": null,
            "debt_ratio": null,
            "inventory_turnover_ratio": null,
            "account_receivable_turnover_ratio": null,
            "reinvestment_rate": null,
            "research_to_sale_ratio": null,
            "price_fair": 0,
            "eps_avg_yearly": 0,
            "eps_latest_yearly": 0,
            "eps_growth_yearly": 0
        },
        "20101": {
            "year_quarter": 20101,
            "year": 2010,
            "quarter": 1,
            "eps": null,
            "eps_growth_year": null,
            "eps_4q": null,
            "eps_4q_growth_year": null,
            "roe": null,
            "roe_4q": 0,
            "gross_profit": null,
            "gross_margin": null,
            "gross_margin_4q_avg": 0,
            "net_income": null,
            "net_income_4q": null,
            "revenue": null,
            "revenue_4q": null,
            "common_shares": null,
            "book_valuer_per_share": null,
            "book_valuer_per_share_4q_avg": 0,
            "equity": null,
            "current_ratio": null,
            "debt_ratio": null,
            "inventory_turnover_ratio": null,
            "account_receivable_turnover_ratio": null,
            "reinvestment_rate": null,
            "research_to_sale_ratio": null,
            "price_fair": 0,
            "eps_avg_yearly": 0,
            "eps_latest_yearly": 0,
            "eps_growth_yearly": 0
        },
        "20102": {
            "year_quarter": 20102,
            "year": 2010,
            "quarter": 2,
            "eps": null,
            "eps_growth_year": null,
            "eps_4q": null,
            "eps_4q_growth_year": null,
            "roe": null,
            "roe_4q": 0,
            "gross_profit": null,
            "gross_margin": null,
            "gross_margin_4q_avg": 0,
            "net_income": null,
            "net_income_4q": null,
            "revenue": null,
            "revenue_4q": null,
            "common_shares": null,
            "book_valuer_per_share": null,
            "book_valuer_per_share_4q_avg": 0,
            "equity": null,
            "current_ratio": null,
            "debt_ratio": null,
            "inventory_turnover_ratio": null,
            "account_receivable_turnover_ratio": null,
            "reinvestment_rate": null,
            "research_to_sale_ratio": null,
            "price_fair": 0,
            "eps_avg_yearly": 0,
            "eps_latest_yearly": 0,
            "eps_growth_yearly": 0
        },
        "20103": {
            "year_quarter": 20103,
            "year": 2010,
            "quarter": 3,
            "eps": null,
            "eps_growth_year": null,
            "eps_4q": null,
            "eps_4q_growth_year": null,
            "roe": null,
            "roe_4q": 0,
            "gross_profit": null,
            "gross_margin": null,
            "gross_margin_4q_avg": 0,
            "net_income": null,
            "net_income_4q": null,
            "revenue": null,
            "revenue_4q": null,
            "common_shares": null,
            "book_valuer_per_share": null,
            "book_valuer_per_share_4q_avg": 0,
            "equity": null,
            "current_ratio": null,
            "debt_ratio": null,
            "inventory_turnover_ratio": null,
            "account_receivable_turnover_ratio": null,
            "reinvestment_rate": null,
            "research_to_sale_ratio": null,
            "price_fair": 0,
            "eps_avg_yearly": 0,
            "eps_latest_yearly": 0,
            "eps_growth_yearly": 0
        },
        "20104": {
            "year_quarter": 20104,
            "year": 2010,
            "quarter": 4,
            "eps": null,
            "eps_growth_year": null,
            "eps_4q": null,
            "eps_4q_growth_year": null,
            "roe": null,
            "roe_4q": 0,
            "gross_profit": null,
            "gross_margin": null,
            "gross_margin_4q_avg": 0,
            "net_income": null,
            "net_income_4q": null,
            "revenue": null,
            "revenue_4q": null,
            "common_shares": null,
            "book_valuer_per_share": null,
            "book_valuer_per_share_4q_avg": 0,
            "equity": null,
            "current_ratio": null,
            "debt_ratio": null,
            "inventory_turnover_ratio": null,
            "account_receivable_turnover_ratio": null,
            "reinvestment_rate": null,
            "research_to_sale_ratio": null,
            "price_fair": 0,
            "eps_avg_yearly": 0,
            "eps_latest_yearly": 0,
            "eps_growth_yearly": 0
        },
        "20111": {
            "year_quarter": 20111,
            "year": 2011,
            "quarter": 1,
            "eps": null,
            "eps_growth_year": null,
            "eps_4q": null,
            "eps_4q_growth_year": null,
            "roe": null,
            "roe_4q": 0,
            "gross_profit": null,
            "gross_margin": null,
            "gross_margin_4q_avg": 0,
            "net_income": null,
            "net_income_4q": null,
            "revenue": null,
            "revenue_4q": null,
            "common_shares": null,
            "book_valuer_per_share": null,
            "book_valuer_per_share_4q_avg": 0,
            "equity": null,
            "current_ratio": null,
            "debt_ratio": null,
            "inventory_turnover_ratio": null,
            "account_receivable_turnover_ratio": null,
            "reinvestment_rate": null,
            "research_to_sale_ratio": null,
            "price_fair": 0,
            "eps_avg_yearly": 0,
            "eps_latest_yearly": 0,
            "eps_growth_yearly": 0
        },
        "20112": {
            "year_quarter": 20112,
            "year": 2011,
            "quarter": 2,
            "eps": null,
            "eps_growth_year": null,
            "eps_4q": null,
            "eps_4q_growth_year": null,
            "roe": null,
            "roe_4q": 0,
            "gross_profit": null,
            "gross_margin": null,
            "gross_margin_4q_avg": 0,
            "net_income": null,
            "net_income_4q": null,
            "revenue": null,
            "revenue_4q": null,
            "common_shares": null,
            "book_valuer_per_share": null,
            "book_valuer_per_share_4q_avg": 0,
            "equity": null,
            "current_ratio": null,
            "debt_ratio": null,
            "inventory_turnover_ratio": null,
            "account_receivable_turnover_ratio": null,
            "reinvestment_rate": null,
            "research_to_sale_ratio": null,
            "price_fair": 0,
            "eps_avg_yearly": 0,
            "eps_latest_yearly": 0,
            "eps_growth_yearly": 0
        },
        "20113": {
            "year_quarter": 20113,
            "year": 2011,
            "quarter": 3,
            "eps": null,
            "eps_growth_year": null,
            "eps_4q": null,
            "eps_4q_growth_year": null,
            "roe": null,
            "roe_4q": 0,
            "gross_profit": null,
            "gross_margin": null,
            "gross_margin_4q_avg": 0,
            "net_income": null,
            "net_income_4q": null,
            "revenue": null,
            "revenue_4q": null,
            "common_shares": null,
            "book_valuer_per_share": null,
            "book_valuer_per_share_4q_avg": 0,
            "equity": null,
            "current_ratio": null,
            "debt_ratio": null,
            "inventory_turnover_ratio": null,
            "account_receivable_turnover_ratio": null,
            "reinvestment_rate": null,
            "research_to_sale_ratio": null,
            "price_fair": 0,
            "eps_avg_yearly": 0,
            "eps_latest_yearly": 0,
            "eps_growth_yearly": 0
        },
        "20114": {
            "year_quarter": 20114,
            "year": 2011,
            "quarter": 4,
            "eps": null,
            "eps_growth_year": null,
            "eps_4q": null,
            "eps_4q_growth_year": null,
            "roe": null,
            "roe_4q": 0,
            "gross_profit": null,
            "gross_margin": null,
            "gross_margin_4q_avg": 0,
            "net_income": null,
            "net_income_4q": null,
            "revenue": null,
            "revenue_4q": null,
            "common_shares": null,
            "book_valuer_per_share": null,
            "book_valuer_per_share_4q_avg": 0,
            "equity": null,
            "current_ratio": null,
            "debt_ratio": null,
            "inventory_turnover_ratio": null,
            "account_receivable_turnover_ratio": null,
            "reinvestment_rate": null,
            "research_to_sale_ratio": null,
            "price_fair": 0,
            "eps_avg_yearly": 0,
            "eps_latest_yearly": 0,
            "eps_growth_yearly": 0
        },
        "20121": {
            "year_quarter": 20121,
            "year": 2012,
            "quarter": 1,
            "eps": null,
            "eps_growth_year": null,
            "eps_4q": null,
            "eps_4q_growth_year": null,
            "roe": null,
            "roe_4q": 0,
            "gross_profit": null,
            "gross_margin": null,
            "gross_margin_4q_avg": 0,
            "net_income": null,
            "net_income_4q": null,
            "revenue": null,
            "revenue_4q": null,
            "common_shares": null,
            "book_valuer_per_share": null,
            "book_valuer_per_share_4q_avg": 0,
            "equity": null,
            "current_ratio": null,
            "debt_ratio": null,
            "inventory_turnover_ratio": null,
            "account_receivable_turnover_ratio": null,
            "reinvestment_rate": null,
            "research_to_sale_ratio": null,
            "price_fair": 0,
            "eps_avg_yearly": 0,
            "eps_latest_yearly": 0,
            "eps_growth_yearly": 0
        },
        "20122": {
            "year_quarter": 20122,
            "year": 2012,
            "quarter": 2,
            "eps": null,
            "eps_growth_year": null,
            "eps_4q": null,
            "eps_4q_growth_year": null,
            "roe": null,
            "roe_4q": 0,
            "gross_profit": null,
            "gross_margin": null,
            "gross_margin_4q_avg": 0,
            "net_income": null,
            "net_income_4q": null,
            "revenue": null,
            "revenue_4q": null,
            "common_shares": null,
            "book_valuer_per_share": null,
            "book_valuer_per_share_4q_avg": 0,
            "equity": null,
            "current_ratio": null,
            "debt_ratio": null,
            "inventory_turnover_ratio": null,
            "account_receivable_turnover_ratio": null,
            "reinvestment_rate": null,
            "research_to_sale_ratio": null,
            "price_fair": 0,
            "eps_avg_yearly": 0,
            "eps_latest_yearly": 0,
            "eps_growth_yearly": 0
        },
        "20123": {
            "year_quarter": 20123,
            "year": 2012,
            "quarter": 3,
            "eps": null,
            "eps_growth_year": null,
            "eps_4q": null,
            "eps_4q_growth_year": null,
            "roe": null,
            "roe_4q": 0,
            "gross_profit": null,
            "gross_margin": null,
            "gross_margin_4q_avg": 0,
            "net_income": null,
            "net_income_4q": null,
            "revenue": null,
            "revenue_4q": null,
            "common_shares": null,
            "book_valuer_per_share": null,
            "book_valuer_per_share_4q_avg": 0,
            "equity": null,
            "current_ratio": null,
            "debt_ratio": null,
            "inventory_turnover_ratio": null,
            "account_receivable_turnover_ratio": null,
            "reinvestment_rate": null,
            "research_to_sale_ratio": null,
            "price_fair": 0,
            "eps_avg_yearly": 0,
            "eps_latest_yearly": 0,
            "eps_growth_yearly": 0
        },
        "20124": {
            "year_quarter": 20124,
            "year": 2012,
            "quarter": 4,
            "eps": null,
            "eps_growth_year": null,
            "eps_4q": null,
            "eps_4q_growth_year": null,
            "roe": null,
            "roe_4q": 0,
            "gross_profit": null,
            "gross_margin": null,
            "gross_margin_4q_avg": 0,
            "net_income": null,
            "net_income_4q": null,
            "revenue": null,
            "revenue_4q": null,
            "common_shares": null,
            "book_valuer_per_share": null,
            "book_valuer_per_share_4q_avg": 0,
            "equity": null,
            "current_ratio": null,
            "debt_ratio": null,
            "inventory_turnover_ratio": null,
            "account_receivable_turnover_ratio": null,
            "reinvestment_rate": null,
            "research_to_sale_ratio": null,
            "price_fair": 0,
            "eps_avg_yearly": 0,
            "eps_latest_yearly": 0,
            "eps_growth_yearly": 0
        },
        "20131": {
            "year_quarter": 20131,
            "year": 2013,
            "quarter": 1,
            "eps": null,
            "eps_growth_year": null,
            "eps_4q": null,
            "eps_4q_growth_year": null,
            "roe": null,
            "roe_4q": 0,
            "gross_profit": null,
            "gross_margin": null,
            "gross_margin_4q_avg": 0,
            "net_income": null,
            "net_income_4q": null,
            "revenue": null,
            "revenue_4q": null,
            "common_shares": null,
            "book_valuer_per_share": null,
            "book_valuer_per_share_4q_avg": 0,
            "equity": null,
            "current_ratio": null,
            "debt_ratio": null,
            "inventory_turnover_ratio": null,
            "account_receivable_turnover_ratio": null,
            "reinvestment_rate": null,
            "research_to_sale_ratio": null,
            "price_fair": 0,
            "eps_avg_yearly": 0,
            "eps_latest_yearly": 0,
            "eps_growth_yearly": 0
        },
        "20132": {
            "year_quarter": 20132,
            "year": 2013,
            "quarter": 2,
            "eps": null,
            "eps_growth_year": null,
            "eps_4q": null,
            "eps_4q_growth_year": null,
            "roe": null,
            "roe_4q": 0,
            "gross_profit": null,
            "gross_margin": null,
            "gross_margin_4q_avg": 0,
            "net_income": null,
            "net_income_4q": null,
            "revenue": null,
            "revenue_4q": null,
            "common_shares": null,
            "book_valuer_per_share": null,
            "book_valuer_per_share_4q_avg": 0,
            "equity": null,
            "current_ratio": null,
            "debt_ratio": null,
            "inventory_turnover_ratio": null,
            "account_receivable_turnover_ratio": null,
            "reinvestment_rate": null,
            "research_to_sale_ratio": null,
            "price_fair": 0,
            "eps_avg_yearly": 0,
            "eps_latest_yearly": 0,
            "eps_growth_yearly": 0
        },
        "20133": {
            "year_quarter": 20133,
            "year": 2013,
            "quarter": 3,
            "eps": null,
            "eps_growth_year": null,
            "eps_4q": null,
            "eps_4q_growth_year": null,
            "roe": null,
            "roe_4q": 0,
            "gross_profit": null,
            "gross_margin": null,
            "gross_margin_4q_avg": 0,
            "net_income": null,
            "net_income_4q": null,
            "revenue": null,
            "revenue_4q": null,
            "common_shares": null,
            "book_valuer_per_share": null,
            "book_valuer_per_share_4q_avg": 0,
            "equity": null,
            "current_ratio": null,
            "debt_ratio": null,
            "inventory_turnover_ratio": null,
            "account_receivable_turnover_ratio": null,
            "reinvestment_rate": null,
            "research_to_sale_ratio": null,
            "price_fair": 0,
            "eps_avg_yearly": 0,
            "eps_latest_yearly": 0,
            "eps_growth_yearly": 0
        },
        "20134": {
            "year_quarter": 20134,
            "year": 2013,
            "quarter": 4,
            "eps": null,
            "eps_growth_year": null,
            "eps_4q": null,
            "eps_4q_growth_year": null,
            "roe": null,
            "roe_4q": 0,
            "gross_profit": null,
            "gross_margin": null,
            "gross_margin_4q_avg": 0,
            "net_income": null,
            "net_income_4q": null,
            "revenue": null,
            "revenue_4q": null,
            "common_shares": null,
            "book_valuer_per_share": null,
            "book_valuer_per_share_4q_avg": 0,
            "equity": null,
            "current_ratio": null,
            "debt_ratio": null,
            "inventory_turnover_ratio": null,
            "account_receivable_turnover_ratio": null,
            "reinvestment_rate": null,
            "research_to_sale_ratio": null,
            "price_fair": 0,
            "eps_avg_yearly": 0,
            "eps_latest_yearly": 0,
            "eps_growth_yearly": 0
        },
        "20141": {
            "year_quarter": 20141,
            "year": 2014,
            "quarter": 1,
            "eps": null,
            "eps_growth_year": null,
            "eps_4q": null,
            "eps_4q_growth_year": null,
            "roe": null,
            "roe_4q": 0,
            "gross_profit": null,
            "gross_margin": null,
            "gross_margin_4q_avg": 0,
            "net_income": null,
            "net_income_4q": null,
            "revenue": null,
            "revenue_4q": null,
            "common_shares": null,
            "book_valuer_per_share": null,
            "book_valuer_per_share_4q_avg": 0,
            "equity": null,
            "current_ratio": null,
            "debt_ratio": null,
            "inventory_turnover_ratio": null,
            "account_receivable_turnover_ratio": null,
            "reinvestment_rate": null,
            "research_to_sale_ratio": null,
            "price_fair": 0,
            "eps_avg_yearly": 0,
            "eps_latest_yearly": 0,
            "eps_growth_yearly": 0
        },
        "20142": {
            "year_quarter": 20142,
            "year": 2014,
            "quarter": 2,
            "eps": null,
            "eps_growth_year": null,
            "eps_4q": null,
            "eps_4q_growth_year": null,
            "roe": null,
            "roe_4q": 0,
            "gross_profit": null,
            "gross_margin": null,
            "gross_margin_4q_avg": 0,
            "net_income": null,
            "net_income_4q": null,
            "revenue": null,
            "revenue_4q": null,
            "common_shares": null,
            "book_valuer_per_share": null,
            "book_valuer_per_share_4q_avg": 0,
            "equity": null,
            "current_ratio": null,
            "debt_ratio": null,
            "inventory_turnover_ratio": null,
            "account_receivable_turnover_ratio": null,
            "reinvestment_rate": null,
            "research_to_sale_ratio": null,
            "price_fair": 0,
            "eps_avg_yearly": 0,
            "eps_latest_yearly": 0,
            "eps_growth_yearly": 0
        },
        "20143": {
            "year_quarter": 20143,
            "year": 2014,
            "quarter": 3,
            "eps": null,
            "eps_growth_year": null,
            "eps_4q": null,
            "eps_4q_growth_year": null,
            "roe": null,
            "roe_4q": 0,
            "gross_profit": null,
            "gross_margin": null,
            "gross_margin_4q_avg": 0,
            "net_income": null,
            "net_income_4q": null,
            "revenue": null,
            "revenue_4q": null,
            "common_shares": null,
            "book_valuer_per_share": null,
            "book_valuer_per_share_4q_avg": 0,
            "equity": null,
            "current_ratio": null,
            "debt_ratio": null,
            "inventory_turnover_ratio": null,
            "account_receivable_turnover_ratio": null,
            "reinvestment_rate": null,
            "research_to_sale_ratio": null,
            "price_fair": 0,
            "eps_avg_yearly": 0,
            "eps_latest_yearly": 0,
            "eps_growth_yearly": 0
        },
        "20144": {
            "year_quarter": 20144,
            "year": 2014,
            "quarter": 4,
            "eps": null,
            "eps_growth_year": null,
            "eps_4q": null,
            "eps_4q_growth_year": null,
            "roe": null,
            "roe_4q": 0,
            "gross_profit": null,
            "gross_margin": null,
            "gross_margin_4q_avg": 0,
            "net_income": null,
            "net_income_4q": null,
            "revenue": null,
            "revenue_4q": null,
            "common_shares": 943451,
            "book_valuer_per_share": null,
            "book_valuer_per_share_4q_avg": 0,
            "equity": 1789104,
            "current_ratio": null,
            "debt_ratio": null,
            "inventory_turnover_ratio": null,
            "account_receivable_turnover_ratio": null,
            "reinvestment_rate": null,
            "research_to_sale_ratio": null,
            "price_fair": 0,
            "eps_avg_yearly": 0,
            "eps_latest_yearly": 0,
            "eps_growth_yearly": 0
        },
        "20151": {
            "year_quarter": 20151,
            "year": 2015,
            "quarter": 1,
            "eps": null,
            "eps_growth_year": null,
            "eps_4q": null,
            "eps_4q_growth_year": null,
            "roe": null,
            "roe_4q": 0,
            "gross_profit": null,
            "gross_margin": null,
            "gross_margin_4q_avg": 0,
            "net_income": null,
            "net_income_4q": null,
            "revenue": null,
            "revenue_4q": null,
            "common_shares": null,
            "book_valuer_per_share": null,
            "book_valuer_per_share_4q_avg": 0,
            "equity": null,
            "current_ratio": null,
            "debt_ratio": null,
            "inventory_turnover_ratio": null,
            "account_receivable_turnover_ratio": null,
            "reinvestment_rate": null,
            "research_to_sale_ratio": null,
            "price_fair": 0,
            "eps_avg_yearly": 0,
            "eps_latest_yearly": 0,
            "eps_growth_yearly": 0
        },
        "20152": {
            "year_quarter": 20152,
            "year": 2015,
            "quarter": 2,
            "eps": null,
            "eps_growth_year": null,
            "eps_4q": null,
            "eps_4q_growth_year": null,
            "roe": null,
            "roe_4q": 0,
            "gross_profit": null,
            "gross_margin": null,
            "gross_margin_4q_avg": 0,
            "net_income": null,
            "net_income_4q": null,
            "revenue": null,
            "revenue_4q": null,
            "common_shares": 943451,
            "book_valuer_per_share": null,
            "book_valuer_per_share_4q_avg": 0,
            "equity": 1783476,
            "current_ratio": null,
            "debt_ratio": null,
            "inventory_turnover_ratio": null,
            "account_receivable_turnover_ratio": null,
            "reinvestment_rate": null,
            "research_to_sale_ratio": null,
            "price_fair": 0,
            "eps_avg_yearly": 0,
            "eps_latest_yearly": 0,
            "eps_growth_yearly": 0
        },
        "20153": {
            "year_quarter": 20153,
            "year": 2015,
            "quarter": 3,
            "eps": null,
            "eps_growth_year": null,
            "eps_4q": null,
            "eps_4q_growth_year": null,
            "roe": null,
            "roe_4q": 0,
            "gross_profit": null,
            "gross_margin": null,
            "gross_margin_4q_avg": 0,
            "net_income": null,
            "net_income_4q": null,
            "revenue": null,
            "revenue_4q": null,
            "common_shares": null,
            "book_valuer_per_share": null,
            "book_valuer_per_share_4q_avg": 0,
            "equity": null,
            "current_ratio": null,
            "debt_ratio": null,
            "inventory_turnover_ratio": null,
            "account_receivable_turnover_ratio": null,
            "reinvestment_rate": null,
            "research_to_sale_ratio": null,
            "price_fair": 0,
            "eps_avg_yearly": 0,
            "eps_latest_yearly": 0,
            "eps_growth_yearly": 0
        },
        "20154": {
            "year_quarter": 20154,
            "year": 2015,
            "quarter": 4,
            "eps": null,
            "eps_growth_year": null,
            "eps_4q": null,
            "eps_4q_growth_year": null,
            "roe": null,
            "roe_4q": 0,
            "gross_profit": null,
            "gross_margin": null,
            "gross_margin_4q_avg": 0,
            "net_income": null,
            "net_income_4q": null,
            "revenue": null,
            "revenue_4q": null,
            "common_shares": 943451,
            "book_valuer_per_share": 22.86,
            "book_valuer_per_share_4q_avg": 5.72,
            "equity": 2156916,
            "current_ratio": 205.47,
            "debt_ratio": 20.76,
            "inventory_turnover_ratio": null,
            "account_receivable_turnover_ratio": null,
            "reinvestment_rate": null,
            "research_to_sale_ratio": null,
            "price_fair": 0,
            "eps_avg_yearly": 0,
            "eps_latest_yearly": 0,
            "eps_growth_yearly": 0
        },
        "20161": {
            "year_quarter": 20161,
            "year": 2016,
            "quarter": 1,
            "eps": null,
            "eps_growth_year": null,
            "eps_4q": null,
            "eps_4q_growth_year": null,
            "roe": null,
            "roe_4q": 0,
            "gross_profit": null,
            "gross_margin": null,
            "gross_margin_4q_avg": 0,
            "net_income": null,
            "net_income_4q": null,
            "revenue": null,
            "revenue_4q": null,
            "common_shares": null,
            "book_valuer_per_share": null,
            "book_valuer_per_share_4q_avg": 5.72,
            "equity": null,
            "current_ratio": null,
            "debt_ratio": null,
            "inventory_turnover_ratio": null,
            "account_receivable_turnover_ratio": null,
            "reinvestment_rate": null,
            "research_to_sale_ratio": null,
            "price_fair": 0,
            "eps_avg_yearly": 0,
            "eps_latest_yearly": 0,
            "eps_growth_yearly": 0
        },
        "20162": {
            "year_quarter": 20162,
            "year": 2016,
            "quarter": 2,
            "eps": null,
            "eps_growth_year": null,
            "eps_4q": null,
            "eps_4q_growth_year": null,
            "roe": null,
            "roe_4q": 0,
            "gross_profit": null,
            "gross_margin": null,
            "gross_margin_4q_avg": 0,
            "net_income": null,
            "net_income_4q": null,
            "revenue": null,
            "revenue_4q": null,
            "common_shares": 943451,
            "book_valuer_per_share": 22.46,
            "book_valuer_per_share_4q_avg": 11.33,
            "equity": 2119287,
            "current_ratio": 161.64,
            "debt_ratio": 28.5,
            "inventory_turnover_ratio": null,
            "account_receivable_turnover_ratio": null,
            "reinvestment_rate": null,
            "research_to_sale_ratio": null,
            "price_fair": 0,
            "eps_avg_yearly": 0,
            "eps_latest_yearly": 0,
            "eps_growth_yearly": 0
        },
        "20163": {
            "year_quarter": 20163,
            "year": 2016,
            "quarter": 3,
            "eps": null,
            "eps_growth_year": null,
            "eps_4q": null,
            "eps_4q_growth_year": null,
            "roe": null,
            "roe_4q": 0,
            "gross_profit": null,
            "gross_margin": null,
            "gross_margin_4q_avg": 0,
            "net_income": null,
            "net_income_4q": null,
            "revenue": null,
            "revenue_4q": null,
            "common_shares": null,
            "book_valuer_per_share": null,
            "book_valuer_per_share_4q_avg": 11.33,
            "equity": null,
            "current_ratio": null,
            "debt_ratio": null,
            "inventory_turnover_ratio": null,
            "account_receivable_turnover_ratio": null,
            "reinvestment_rate": null,
            "research_to_sale_ratio": null,
            "price_fair": 0,
            "eps_avg_yearly": 0,
            "eps_latest_yearly": 0,
            "eps_growth_yearly": 0
        },
        "20164": {
            "year_quarter": 20164,
            "year": 2016,
            "quarter": 4,
            "eps": null,
            "eps_growth_year": null,
            "eps_4q": null,
            "eps_4q_growth_year": null,
            "roe": null,
            "roe_4q": 0,
            "gross_profit": null,
            "gross_margin": null,
            "gross_margin_4q_avg": 0,
            "net_income": null,
            "net_income_4q": null,
            "revenue": null,
            "revenue_4q": null,
            "common_shares": 943451,
            "book_valuer_per_share": 25.35,
            "book_valuer_per_share_4q_avg": 11.95,
            "equity": 2391534,
            "current_ratio": 223.05,
            "debt_ratio": 20.61,
            "inventory_turnover_ratio": null,
            "account_receivable_turnover_ratio": null,
            "reinvestment_rate": null,
            "research_to_sale_ratio": null,
            "price_fair": 0,
            "eps_avg_yearly": 0,
            "eps_latest_yearly": 0,
            "eps_growth_yearly": 0
        },
        "20171": {
            "year_quarter": 20171,
            "year": 2017,
            "quarter": 1,
            "eps": 0.69,
            "eps_growth_year": null,
            "eps_4q": null,
            "eps_4q_growth_year": null,
            "roe": 2.69,
            "roe_4q": 2.69,
            "gross_profit": 151851,
            "gross_margin": 17.67,
            "gross_margin_4q_avg": 4.42,
            "net_income": 65420,
            "net_income_4q": null,
            "revenue": 859607,
            "revenue_4q": null,
            "common_shares": 943451,
            "book_valuer_per_share": 26.19,
            "book_valuer_per_share_4q_avg": 18.5,
            "equity": 2470860,
            "current_ratio": 217.22,
            "debt_ratio": 21.52,
            "inventory_turnover_ratio": 2.59,
            "account_receivable_turnover_ratio": 2.46,
            "reinvestment_rate": null,
            "research_to_sale_ratio": 0.63,
            "price_fair": 0,
            "eps_avg_yearly": 0,
            "eps_latest_yearly": 0,
            "eps_growth_yearly": 0
        },
        "20172": {
            "year_quarter": 20172,
            "year": 2017,
            "quarter": 2,
            "eps": 1.4,
            "eps_growth_year": null,
            "eps_4q": null,
            "eps_4q_growth_year": null,
            "roe": 4.98,
            "roe_4q": 7.67,
            "gross_profit": 241517,
            "gross_margin": 28.72,
            "gross_margin_4q_avg": 11.6,
            "net_income": 134878,
            "net_income_4q": null,
            "revenue": 841043,
            "revenue_4q": null,
            "common_shares": 1042641,
            "book_valuer_per_share": 28.3,
            "book_valuer_per_share_4q_avg": 19.96,
            "equity": 2950950,
            "current_ratio": 233.33,
            "debt_ratio": 24.34,
            "inventory_turnover_ratio": 2.54,
            "account_receivable_turnover_ratio": 1.96,
            "reinvestment_rate": null,
            "research_to_sale_ratio": 1.05,
            "price_fair": 196,
            "eps_avg_yearly": 5.6,
            "eps_latest_yearly": 5.6,
            "eps_growth_yearly": 411.59
        },
        "20173": {
            "year_quarter": 20173,
            "year": 2017,
            "quarter": 3,
            "eps": 0.78,
            "eps_growth_year": null,
            "eps_4q": null,
            "eps_4q_growth_year": null,
            "roe": 2.7,
            "roe_4q": 10.370000000000001,
            "gross_profit": 138084,
            "gross_margin": 21.99,
            "gross_margin_4q_avg": 17.1,
            "net_income": 80829,
            "net_income_4q": null,
            "revenue": 628024,
            "revenue_4q": null,
            "common_shares": 1042641,
            "book_valuer_per_share": 29.15,
            "book_valuer_per_share_4q_avg": 27.25,
            "equity": 3039599,
            "current_ratio": 458.29,
            "debt_ratio": 10.92,
            "inventory_turnover_ratio": 2.34,
            "account_receivable_turnover_ratio": 1.47,
            "reinvestment_rate": null,
            "research_to_sale_ratio": 1.09,
            "price_fair": 152.6,
            "eps_avg_yearly": 4.36,
            "eps_latest_yearly": 3.12,
            "eps_growth_yearly": 117.23
        },
        "20174": {
            "year_quarter": 20174,
            "year": 2017,
            "quarter": 4,
            "eps": 0.61,
            "eps_growth_year": null,
            "eps_4q": 3.31,
            "eps_4q_growth_year": null,
            "roe": 2.08,
            "roe_4q": 12.450000000000001,
            "gross_profit": 147370,
            "gross_margin": 22.86,
            "gross_margin_4q_avg": 22.81,
            "net_income": 63969,
            "net_income_4q": null,
            "revenue": 644738,
            "revenue_4q": null,
            "common_shares": 1042641,
            "book_valuer_per_share": 29.96,
            "book_valuer_per_share_4q_avg": 28.4,
            "equity": 3123764,
            "current_ratio": 434.5,
            "debt_ratio": 11.45,
            "inventory_turnover_ratio": 1.94,
            "account_receivable_turnover_ratio": 1.7,
            "reinvestment_rate": null,
            "research_to_sale_ratio": 1.27,
            "price_fair": 130.2,
            "eps_avg_yearly": 3.72,
            "eps_latest_yearly": 2.44,
            "eps_growth_yearly": 49.09
        },
        "20181": {
            "year_quarter": 20181,
            "year": 2018,
            "quarter": 1,
            "eps": 0.8,
            "eps_growth_year": 15.94,
            "eps_4q": 3.48,
            "eps_4q_growth_year": null,
            "roe": 2.6,
            "roe_4q": 12.36,
            "gross_profit": 178913,
            "gross_margin": 19.64,
            "gross_margin_4q_avg": 23.3,
            "net_income": 83080,
            "net_income_4q": null,
            "revenue": 911100,
            "revenue_4q": null,
            "common_shares": 1042641,
            "book_valuer_per_share": 31.36,
            "book_valuer_per_share_4q_avg": 29.69,
            "equity": 3269852,
            "current_ratio": 427.4,
            "debt_ratio": 11.83,
            "inventory_turnover_ratio": 2.76,
            "account_receivable_turnover_ratio": 2.48,
            "reinvestment_rate": null,
            "research_to_sale_ratio": 0.8,
            "price_fair": 125.65,
            "eps_avg_yearly": 3.59,
            "eps_latest_yearly": 3.2,
            "eps_growth_yearly": 67.97
        },
        "20182": {
            "year_quarter": 20182,
            "year": 2018,
            "quarter": 2,
            "eps": 1.07,
            "eps_growth_year": -23.57,
            "eps_4q": 3.25,
            "eps_4q_growth_year": null,
            "roe": 3.53,
            "roe_4q": 10.91,
            "gross_profit": 198210,
            "gross_margin": 20.49,
            "gross_margin_4q_avg": 21.25,
            "net_income": 111589,
            "net_income_4q": null,
            "revenue": 967364,
            "revenue_4q": null,
            "common_shares": 1042641,
            "book_valuer_per_share": 29.15,
            "book_valuer_per_share_4q_avg": 29.91,
            "equity": 3048734,
            "current_ratio": 232.38,
            "debt_ratio": 22.15,
            "inventory_turnover_ratio": 3.12,
            "account_receivable_turnover_ratio": 2.7,
            "reinvestment_rate": null,
            "research_to_sale_ratio": 0.71,
            "price_fair": 130.48,
            "eps_avg_yearly": 3.73,
            "eps_latest_yearly": 4.28,
            "eps_growth_yearly": 81.37
        },
        "20183": {
            "year_quarter": 20183,
            "year": 2018,
            "quarter": 3,
            "eps": 1.38,
            "eps_growth_year": 76.92,
            "eps_4q": 3.85,
            "eps_4q_growth_year": null,
            "roe": 4.62,
            "roe_4q": 12.83,
            "gross_profit": 240940,
            "gross_margin": 23.41,
            "gross_margin_4q_avg": 21.6,
            "net_income": 144635,
            "net_income_4q": null,
            "revenue": 1029154,
            "revenue_4q": null,
            "common_shares": 1046681,
            "book_valuer_per_share": 30.66,
            "book_valuer_per_share_4q_avg": 30.28,
            "equity": 3209252,
            "current_ratio": 346.37,
            "debt_ratio": 13.97,
            "inventory_turnover_ratio": 2.45,
            "account_receivable_turnover_ratio": 2.52,
            "reinvestment_rate": null,
            "research_to_sale_ratio": 0.74,
            "price_fair": 140.93,
            "eps_avg_yearly": 4.03,
            "eps_latest_yearly": 5.52,
            "eps_growth_yearly": 87.12
        },
        "20184": {
            "year_quarter": 20184,
            "year": 2018,
            "quarter": 4,
            "eps": 0.84,
            "eps_growth_year": 36.5,
            "eps_4q": 4.08,
            "eps_4q_growth_year": 23.24,
            "roe": 2.7,
            "roe_4q": 13.45,
            "gross_profit": 192455,
            "gross_margin": 24.58,
            "gross_margin_4q_avg": 22.03,
            "net_income": 87657,
            "net_income_4q": null,
            "revenue": 782947,
            "revenue_4q": null,
            "common_shares": 1046681,
            "book_valuer_per_share": 31.36,
            "book_valuer_per_share_4q_avg": 30.63,
            "equity": 3282671,
            "current_ratio": 379.22,
            "debt_ratio": 11.86,
            "inventory_turnover_ratio": 1.44,
            "account_receivable_turnover_ratio": 1.86,
            "reinvestment_rate": null,
            "research_to_sale_ratio": 0.97,
            "price_fair": 137.6,
            "eps_avg_yearly": 3.93,
            "eps_latest_yearly": 3.36,
            "eps_growth_yearly": 52.32
        },
        "20191": {
            "year_quarter": 20191,
            "year": 2019,
            "quarter": 1,
            "eps": 1.14,
            "eps_growth_year": 42.5,
            "eps_4q": 4.42,
            "eps_4q_growth_year": 27.1,
            "roe": 3.54,
            "roe_4q": 14.389999999999999,
            "gross_profit": 212972,
            "gross_margin": 26.39,
            "gross_margin_4q_avg": 23.72,
            "net_income": 118984,
            "net_income_4q": null,
            "revenue": 806915,
            "revenue_4q": null,
            "common_shares": 1046681,
            "book_valuer_per_share": 32.81,
            "book_valuer_per_share_4q_avg": 31,
            "equity": 3433849,
            "current_ratio": 450.32,
            "debt_ratio": 9.97,
            "inventory_turnover_ratio": 1.71,
            "account_receivable_turnover_ratio": 2.29,
            "reinvestment_rate": null,
            "research_to_sale_ratio": 0.88,
            "price_fair": 140.35,
            "eps_avg_yearly": 4.01,
            "eps_latest_yearly": 4.56,
            "eps_growth_yearly": 63.64
        },
        "20192": {
            "year_quarter": 20192,
            "year": 2019,
            "quarter": 2,
            "eps": 0.97,
            "eps_growth_year": -9.35,
            "eps_4q": 4.32,
            "eps_4q_growth_year": 33.22,
            "roe": 3.07,
            "roe_4q": 13.93,
            "gross_profit": 185872,
            "gross_margin": 28.17,
            "gross_margin_4q_avg": 25.64,
            "net_income": 102175,
            "net_income_4q": null,
            "revenue": 659816,
            "revenue_4q": null,
            "common_shares": 1046681,
            "book_valuer_per_share": 30.71,
            "book_valuer_per_share_4q_avg": 31.39,
            "equity": 3221121,
            "current_ratio": 220.59,
            "debt_ratio": 18.73,
            "inventory_turnover_ratio": 1.73,
            "account_receivable_turnover_ratio": 2.01,
            "reinvestment_rate": null,
            "research_to_sale_ratio": 1.06,
            "price_fair": 139.84,
            "eps_avg_yearly": 4,
            "eps_latest_yearly": 3.88,
            "eps_growth_yearly": 49.94
        },
        "20193": {
            "year_quarter": 20193,
            "year": 2019,
            "quarter": 3,
            "eps": 1.85,
            "eps_growth_year": 34.06,
            "eps_4q": 4.8,
            "eps_4q_growth_year": 24.49,
            "roe": 5.86,
            "roe_4q": 15.169999999999998,
            "gross_profit": 305491,
            "gross_margin": 30.13,
            "gross_margin_4q_avg": 27.32,
            "net_income": 194242,
            "net_income_4q": null,
            "revenue": 1013868,
            "revenue_4q": null,
            "common_shares": 1048831,
            "book_valuer_per_share": 32.53,
            "book_valuer_per_share_4q_avg": 31.85,
            "equity": 3411401,
            "current_ratio": 311.99,
            "debt_ratio": 13.81,
            "inventory_turnover_ratio": 2.64,
            "account_receivable_turnover_ratio": 3.02,
            "reinvestment_rate": null,
            "research_to_sale_ratio": 0.72,
            "price_fair": 151.76,
            "eps_avg_yearly": 4.34,
            "eps_latest_yearly": 7.4,
            "eps_growth_yearly": 81.23
        },
        "20194": {
            "year_quarter": 20194,
            "year": 2019,
            "quarter": 4,
            "eps": 1.05,
            "eps_growth_year": 25.2,
            "eps_4q": 5.01,
            "eps_4q_growth_year": 22.8,
            "roe": 3.16,
            "roe_4q": 15.629999999999999,
            "gross_profit": 218258,
            "gross_margin": 27.61,
            "gross_margin_4q_avg": 28.08,
            "net_income": 109974,
            "net_income_4q": null,
            "revenue": 790604,
            "revenue_4q": null,
            "common_shares": 1048831,
            "book_valuer_per_share": 33.88,
            "book_valuer_per_share_4q_avg": 32.48,
            "equity": 3553251,
            "current_ratio": 326.68,
            "debt_ratio": 13.77,
            "inventory_turnover_ratio": 1.83,
            "account_receivable_turnover_ratio": 2.46,
            "reinvestment_rate": null,
            "research_to_sale_ratio": 0.85,
            "price_fair": 151.33,
            "eps_avg_yearly": 4.32,
            "eps_latest_yearly": 4.2,
            "eps_growth_yearly": 58.12
        },
        "20201": {
            "year_quarter": 20201,
            "year": 2020,
            "quarter": 1,
            "eps": 1.21,
            "eps_growth_year": 6.14,
            "eps_4q": 5.09,
            "eps_4q_growth_year": 15.06,
            "roe": 3.54,
            "roe_4q": 15.63,
            "gross_profit": 255447,
            "gross_margin": 27.81,
            "gross_margin_4q_avg": 28.43,
            "net_income": 127287,
            "net_income_4q": null,
            "revenue": 918610,
            "revenue_4q": null,
            "common_shares": 1048831,
            "book_valuer_per_share": 34.65,
            "book_valuer_per_share_4q_avg": 32.94,
            "equity": 3634588,
            "current_ratio": 403.67,
            "debt_ratio": 11.82,
            "inventory_turnover_ratio": 2.2,
            "account_receivable_turnover_ratio": 2.71,
            "reinvestment_rate": null,
            "research_to_sale_ratio": 0.94,
            "price_fair": 152.83,
            "eps_avg_yearly": 4.37,
            "eps_latest_yearly": 4.84,
            "eps_growth_yearly": 58.36
        },
        "20202": {
            "year_quarter": 20202,
            "year": 2020,
            "quarter": 2,
            "eps": 3.25,
            "eps_growth_year": 235.05,
            "eps_4q": 7.36,
            "eps_4q_growth_year": 70.29,
            "roe": 9.55,
            "roe_4q": 22.11,
            "gross_profit": 499542,
            "gross_margin": 46.24,
            "gross_margin_4q_avg": 32.95,
            "net_income": 340736,
            "net_income_4q": null,
            "revenue": 1080245,
            "revenue_4q": null,
            "common_shares": 1048831,
            "book_valuer_per_share": 33.36,
            "book_valuer_per_share_4q_avg": 33.61,
            "equity": 3499083,
            "current_ratio": 234.09,
            "debt_ratio": 22.57,
            "inventory_turnover_ratio": 2.86,
            "account_receivable_turnover_ratio": 3.36,
            "reinvestment_rate": null,
            "research_to_sale_ratio": 0.86,
            "price_fair": 176.08,
            "eps_avg_yearly": 5.03,
            "eps_latest_yearly": 13,
            "eps_growth_yearly": 105.74
        },
        "20203": {
            "year_quarter": 20203,
            "year": 2020,
            "quarter": 3,
            "eps": 4.52,
            "eps_growth_year": 144.32,
            "eps_4q": 9.96,
            "eps_4q_growth_year": 107.71,
            "roe": 12.77,
            "roe_4q": 29.02,
            "gross_profit": 718967,
            "gross_margin": 54.12,
            "gross_margin_4q_avg": 38.95,
            "net_income": 479266,
            "net_income_4q": null,
            "revenue": 1328530,
            "revenue_4q": null,
            "common_shares": 1061241,
            "book_valuer_per_share": 37.77,
            "book_valuer_per_share_4q_avg": 34.92,
            "equity": 4007970,
            "current_ratio": 344.84,
            "debt_ratio": 16.35,
            "inventory_turnover_ratio": 3.65,
            "account_receivable_turnover_ratio": 4.38,
            "reinvestment_rate": null,
            "research_to_sale_ratio": 0.98,
            "price_fair": 208.7,
            "eps_avg_yearly": 5.96,
            "eps_latest_yearly": 18.08,
            "eps_growth_yearly": 109.36
        },
        "20204": {
            "year_quarter": 20204,
            "year": 2020,
            "quarter": 4,
            "eps": 7.83,
            "eps_growth_year": 646.39,
            "eps_4q": 16.75,
            "eps_4q_growth_year": 234.44,
            "roe": 18.77,
            "roe_4q": 44.63,
            "gross_profit": 1189986,
            "gross_margin": 61.31,
            "gross_margin_4q_avg": 47.37,
            "net_income": 830542,
            "net_income_4q": null,
            "revenue": 1941034,
            "revenue_4q": null,
            "common_shares": 1061241,
            "book_valuer_per_share": 45.64,
            "book_valuer_per_share_4q_avg": 37.86,
            "equity": 4844030,
            "current_ratio": 329.38,
            "debt_ratio": 18.79,
            "inventory_turnover_ratio": 3.17,
            "account_receivable_turnover_ratio": 6.56,
            "reinvestment_rate": 4.7,
            "research_to_sale_ratio": 0.85,
            "price_fair": 267.87,
            "eps_avg_yearly": 7.65,
            "eps_latest_yearly": 31.32,
            "eps_growth_yearly": 121.59
        },
        "20211": {
            "year_quarter": 20211,
            "year": 2021,
            "quarter": 1,
            "eps": 9.83,
            "eps_growth_year": 712.4,
            "eps_4q": 25.37,
            "eps_4q_growth_year": 398.67,
            "roe": 19.38,
            "roe_4q": 60.47,
            "gross_profit": 1489111,
            "gross_margin": 64.78,
            "gross_margin_4q_avg": 56.61,
            "net_income": 1043500,
            "net_income_4q": null,
            "revenue": 2298663,
            "revenue_4q": null,
            "common_shares": 1061241,
            "book_valuer_per_share": 55.78,
            "book_valuer_per_share_4q_avg": 43.14,
            "equity": 5922582,
            "current_ratio": 299.47,
            "debt_ratio": 20.61,
            "inventory_turnover_ratio": 2.29,
            "account_receivable_turnover_ratio": 10.11,
            "reinvestment_rate": 19.47,
            "research_to_sale_ratio": 0.63,
            "price_fair": 337.14,
            "eps_avg_yearly": 9.63,
            "eps_latest_yearly": 39.32,
            "eps_growth_yearly": 120.38
        },
        "20212": {
            "year_quarter": 20212,
            "year": 2021,
            "quarter": 2,
            "eps": 11.76,
            "eps_growth_year": 261.85,
            "eps_4q": 33.93,
            "eps_4q_growth_year": 360.8,
            "roe": 20.73,
            "roe_4q": 71.64999999999999,
            "gross_profit": 1750685,
            "gross_margin": 63.17,
            "gross_margin_4q_avg": 60.85,
            "net_income": 1248960,
            "net_income_4q": null,
            "revenue": 2771534,
            "revenue_4q": null,
            "common_shares": 1061741,
            "book_valuer_per_share": 57.71,
            "book_valuer_per_share_4q_avg": 49.23,
            "equity": 6127168,
            "current_ratio": 222.4,
            "debt_ratio": 30.25,
            "inventory_turnover_ratio": 2.74,
            "account_receivable_turnover_ratio": 10,
            "reinvestment_rate": 14.85,
            "research_to_sale_ratio": 0.57,
            "price_fair": 427.79,
            "eps_avg_yearly": 12.22,
            "eps_latest_yearly": 47.04,
            "eps_growth_yearly": 99.56
        },
        "20213": {
            "year_quarter": 20213,
            "year": 2021,
            "quarter": 3,
            "eps": 8.67,
            "eps_growth_year": 91.81,
            "eps_4q": 38.08,
            "eps_4q_growth_year": 282.27,
            "roe": 13.96,
            "roe_4q": 72.83999999999999,
            "gross_profit": 1252694,
            "gross_margin": 58.13,
            "gross_margin_4q_avg": 61.85,
            "net_income": 920533,
            "net_income_4q": null,
            "revenue": 2154840,
            "revenue_4q": null,
            "common_shares": 1061741,
            "book_valuer_per_share": 66.55,
            "book_valuer_per_share_4q_avg": 56.42,
            "equity": 7065565,
            "current_ratio": 396.72,
            "debt_ratio": 16.7,
            "inventory_turnover_ratio": 2.38,
            "account_receivable_turnover_ratio": 6.94,
            "reinvestment_rate": 12.31,
            "research_to_sale_ratio": 0.8,
            "price_fair": 496.83,
            "eps_avg_yearly": 14.2,
            "eps_latest_yearly": 34.68,
            "eps_growth_yearly": 104.07
        },
        "20214": {
            "year_quarter": 20214,
            "year": 2021,
            "quarter": 4,
            "eps": 2.48,
            "eps_growth_year": -68.3,
            "eps_4q": 32.74,
            "eps_4q_growth_year": 95.45,
            "roe": 3.65,
            "roe_4q": 57.72,
            "gross_profit": 432661,
            "gross_margin": 46.19,
            "gross_margin_4q_avg": 58.07,
            "net_income": 263393,
            "net_income_4q": null,
            "revenue": 936677,
            "revenue_4q": null,
            "common_shares": 1061741,
            "book_valuer_per_share": 69.35,
            "book_valuer_per_share_4q_avg": 62.35,
            "equity": 7363016,
            "current_ratio": 420.07,
            "debt_ratio": 15.67,
            "inventory_turnover_ratio": 1.19,
            "account_receivable_turnover_ratio": 3.91,
            "reinvestment_rate": 12.57,
            "research_to_sale_ratio": 1.41,
            "price_fair": 513.19,
            "eps_avg_yearly": 14.66,
            "eps_latest_yearly": 9.92,
            "eps_growth_yearly": 91.67
        },
        "20221": {
            "year_quarter": 20221,
            "year": 2022,
            "quarter": 1,
            "eps": 1.24,
            "eps_growth_year": -87.39,
            "eps_4q": 24.16,
            "eps_4q_growth_year": -4.8,
            "roe": 1.98,
            "roe_4q": 40.32,
            "gross_profit": 222781,
            "gross_margin": 30.72,
            "gross_margin_4q_avg": 49.55,
            "net_income": 131977,
            "net_income_4q": null,
            "revenue": 725144,
            "revenue_4q": null,
            "common_shares": 1061741,
            "book_valuer_per_share": 56.13,
            "book_valuer_per_share_4q_avg": 62.44,
            "equity": 5959931,
            "current_ratio": 199.68,
            "debt_ratio": 31.75,
            "inventory_turnover_ratio": 1.31,
            "account_receivable_turnover_ratio": 3.56,
            "reinvestment_rate": 16.26,
            "research_to_sale_ratio": 1.15,
            "price_fair": 517.04,
            "eps_avg_yearly": 14.77,
            "eps_latest_yearly": 4.96,
            "eps_growth_yearly": 71.38
        },
        "20222": {
            "year_quarter": 20222,
            "year": 2022,
            "quarter": 2,
            "eps": -0.08,
            "eps_growth_year": -100.68,
            "eps_4q": 12.31,
            "eps_4q_growth_year": -63.71,
            "roe": -0.15,
            "roe_4q": 19.44,
            "gross_profit": 112246,
            "gross_margin": 29.48,
            "gross_margin_4q_avg": 41.13,
            "net_income": -8783,
            "net_income_4q": null,
            "revenue": 380753,
            "revenue_4q": null,
            "common_shares": 1061741,
            "book_valuer_per_share": 55.7,
            "book_valuer_per_share_4q_avg": 61.93,
            "equity": 5914284,
            "current_ratio": 225.38,
            "debt_ratio": 27.18,
            "inventory_turnover_ratio": 0.77,
            "account_receivable_turnover_ratio": 1.98,
            "reinvestment_rate": 15.56,
            "research_to_sale_ratio": 2.13,
            "price_fair": 541.52,
            "eps_avg_yearly": 15.47,
            "eps_latest_yearly": 4.96,
            "eps_growth_yearly": 67.14
        },
        "20223": {
            "year_quarter": 20223,
            "year": 2022,
            "quarter": 3,
            "eps": 0.61,
            "eps_growth_year": -92.96,
            "eps_4q": 4.25,
            "eps_4q_growth_year": -88.83,
            "roe": 1.1,
            "roe_4q": 6.58,
            "gross_profit": 55889,
            "gross_margin": 17.71,
            "gross_margin_4q_avg": 31.03,
            "net_income": 65172,
            "net_income_4q": null,
            "revenue": 315557,
            "revenue_4q": null,
            "common_shares": 1061741,
            "book_valuer_per_share": 56.26,
            "book_valuer_per_share_4q_avg": 59.36,
            "equity": 5973111,
            "current_ratio": 577.66,
            "debt_ratio": 8.41,
            "inventory_turnover_ratio": 0.72,
            "account_receivable_turnover_ratio": 1.55,
            "reinvestment_rate": 15.04,
            "research_to_sale_ratio": 2.24,
            "price_fair": 566.4,
            "eps_avg_yearly": 16.18,
            "eps_latest_yearly": 4.96,
            "eps_growth_yearly": 63.66
        },
        "20224": {
            "year_quarter": 20224,
            "year": 2022,
            "quarter": 4,
            "eps": -0.13,
            "eps_growth_year": -105.08,
            "eps_4q": 1.65,
            "eps_4q_growth_year": -94.97,
            "roe": -0.22,
            "roe_4q": 2.71,
            "gross_profit": 38471,
            "gross_margin": 13.69,
            "gross_margin_4q_avg": 22.9,
            "net_income": -13373,
            "net_income_4q": null,
            "revenue": 281109,
            "revenue_4q": null,
            "common_shares": 1061741,
            "book_valuer_per_share": 56.1,
            "book_valuer_per_share_4q_avg": 56.05,
            "equity": 5956667,
            "current_ratio": 540.93,
            "debt_ratio": 8.08,
            "inventory_turnover_ratio": 0.81,
            "account_receivable_turnover_ratio": 1.32,
            "reinvestment_rate": 14.04,
            "research_to_sale_ratio": 3.33,
            "price_fair": 600.92,
            "eps_avg_yearly": 17.17,
            "eps_latest_yearly": 4.96,
            "eps_growth_yearly": 80.59
        },
        "20231": {
            "year_quarter": 20231,
            "year": 2023,
            "quarter": 1,
            "eps": -0.21,
            "eps_growth_year": -116.94,
            "eps_4q": 0.19,
            "eps_4q_growth_year": -99.21,
            "roe": -0.38,
            "roe_4q": 0.3500000000000001,
            "gross_profit": 12830,
            "gross_margin": 6.15,
            "gross_margin_4q_avg": 16.76,
            "net_income": -22628,
            "net_income_4q": null,
            "revenue": 208451,
            "revenue_4q": null,
            "common_shares": 1061741,
            "book_valuer_per_share": 54.84,
            "book_valuer_per_share_4q_avg": 55.73,
            "equity": 5822342,
            "current_ratio": 370.03,
            "debt_ratio": 9.34,
            "inventory_turnover_ratio": 0.86,
            "account_receivable_turnover_ratio": 1.1,
            "reinvestment_rate": 14.45,
            "research_to_sale_ratio": 3.2,
            "price_fair": 637.7,
            "eps_avg_yearly": 18.22,
            "eps_latest_yearly": 4.96,
            "eps_growth_yearly": 75.4
        },
        "20232": {
            "year_quarter": 20232,
            "year": 2023,
            "quarter": 2,
            "eps": -0.07,
            "eps_growth_year": null,
            "eps_4q": 0.2,
            "eps_4q_growth_year": -98.37,
            "roe": -0.14,
            "roe_4q": 0.3600000000000001,
            "gross_profit": 34099,
            "gross_margin": 14.11,
            "gross_margin_4q_avg": 12.92,
            "net_income": -7907,
            "net_income_4q": null,
            "revenue": 241708,
            "revenue_4q": null,
            "common_shares": 1061741,
            "book_valuer_per_share": 54.96,
            "book_valuer_per_share_4q_avg": 55.54,
            "equity": 5834966,
            "current_ratio": 478.38,
            "debt_ratio": 7.57,
            "inventory_turnover_ratio": 1.08,
            "account_receivable_turnover_ratio": 1.2,
            "reinvestment_rate": 13.78,
            "research_to_sale_ratio": 2.37,
            "price_fair": 683.33,
            "eps_avg_yearly": 19.52,
            "eps_latest_yearly": 4.96,
            "eps_growth_yearly": 87.68
        },
        "20233": {
            "year_quarter": 20233,
            "year": 2023,
            "quarter": 3,
            "eps": 0.25,
            "eps_growth_year": -59.02,
            "eps_4q": -0.17,
            "eps_4q_growth_year": -103.96,
            "roe": 0.44,
            "roe_4q": -0.30000000000000004,
            "gross_profit": 993,
            "gross_margin": 0.53,
            "gross_margin_4q_avg": 8.62,
            "net_income": 26020,
            "net_income_4q": null,
            "revenue": 187298,
            "revenue_4q": null,
            "common_shares": 1061741,
            "book_valuer_per_share": 55.23,
            "book_valuer_per_share_4q_avg": 55.28,
            "equity": 5864279,
            "current_ratio": 546.86,
            "debt_ratio": 5.77,
            "inventory_turnover_ratio": 1.05,
            "account_receivable_turnover_ratio": 0.73,
            "reinvestment_rate": 13.64,
            "research_to_sale_ratio": 3.12,
            "price_fair": 725.76,
            "eps_avg_yearly": 20.74,
            "eps_latest_yearly": 4.96,
            "eps_growth_yearly": 60.16
        }
    },
    "months": {
        "2016-06": {
            "month": "2016-06",
            "price": "117.43",
            "revenue": 276463
        },
        "2016-07": {
            "month": "2016-07",
            "price": "106.97",
            "revenue": 275635
        },
        "2016-08": {
            "month": "2016-08",
            "price": "95.31",
            "revenue": 211459
        },
        "2016-09": {
            "month": "2016-09",
            "price": "89.45",
            "revenue": 213933
        },
        "2016-10": {
            "month": "2016-10",
            "price": "88.76",
            "revenue": 249348
        },
        "2016-11": {
            "month": "2016-11",
            "price": "82.21",
            "revenue": 279988
        },
        "2016-12": {
            "month": "2016-12",
            "price": "78.93",
            "revenue": 299677
        },
        "2017-01": {
            "month": "2017-01",
            "price": "86.13",
            "revenue": 273255
        },
        "2017-02": {
            "month": "2017-02",
            "price": "87.65",
            "revenue": 236451
        },
        "2017-03": {
            "month": "2017-03",
            "price": "94.83",
            "revenue": 349901
        },
        "2017-04": {
            "month": "2017-04",
            "price": "90.57",
            "revenue": 202054
        },
        "2017-05": {
            "month": "2017-05",
            "price": "88.69",
            "revenue": 352010
        },
        "2017-06": {
            "month": "2017-06",
            "price": "77.56",
            "revenue": 286980
        },
        "2017-07": {
            "month": "2017-07",
            "price": "68.68",
            "revenue": 240331
        },
        "2017-08": {
            "month": "2017-08",
            "price": "65.48",
            "revenue": 215787
        },
        "2017-09": {
            "month": "2017-09",
            "price": "59.22",
            "revenue": 171905
        },
        "2017-10": {
            "month": "2017-10",
            "price": "53.12",
            "revenue": 186224
        },
        "2017-11": {
            "month": "2017-11",
            "price": "49.97",
            "revenue": 210129
        },
        "2017-12": {
            "month": "2017-12",
            "price": "49.23",
            "revenue": 248384
        },
        "2018-01": {
            "month": "2018-01",
            "price": "50.23",
            "revenue": 328626
        },
        "2018-02": {
            "month": "2018-02",
            "price": "50.06",
            "revenue": 270883
        },
        "2018-03": {
            "month": "2018-03",
            "price": "58.95",
            "revenue": 311591
        },
        "2018-04": {
            "month": "2018-04",
            "price": "57.17",
            "revenue": 338699
        },
        "2018-05": {
            "month": "2018-05",
            "price": "53.15",
            "revenue": 338207
        },
        "2018-06": {
            "month": "2018-06",
            "price": "52.84",
            "revenue": 290459
        },
        "2018-07": {
            "month": "2018-07",
            "price": "52.80",
            "revenue": 331954
        },
        "2018-08": {
            "month": "2018-08",
            "price": "50.32",
            "revenue": 425305
        },
        "2018-09": {
            "month": "2018-09",
            "price": "53.05",
            "revenue": 271893
        },
        "2018-10": {
            "month": "2018-10",
            "price": "49.35",
            "revenue": 292686
        },
        "2018-11": {
            "month": "2018-11",
            "price": "47.99",
            "revenue": 235309
        },
        "2018-12": {
            "month": "2018-12",
            "price": "48.49",
            "revenue": 254952
        },
        "2019-01": {
            "month": "2019-01",
            "price": "48.88",
            "revenue": 330652
        },
        "2019-02": {
            "month": "2019-02",
            "price": "53.98",
            "revenue": 209325
        },
        "2019-03": {
            "month": "2019-03",
            "price": "56.22",
            "revenue": 266938
        },
        "2019-04": {
            "month": "2019-04",
            "price": "56.16",
            "revenue": 235518
        },
        "2019-05": {
            "month": "2019-05",
            "price": "54.24",
            "revenue": 212597
        },
        "2019-06": {
            "month": "2019-06",
            "price": "54.05",
            "revenue": 211702
        },
        "2019-07": {
            "month": "2019-07",
            "price": "54.67",
            "revenue": 307872
        },
        "2019-08": {
            "month": "2019-08",
            "price": "51.52",
            "revenue": 381893
        },
        "2019-09": {
            "month": "2019-09",
            "price": "52.76",
            "revenue": 324103
        },
        "2019-10": {
            "month": "2019-10",
            "price": "53.08",
            "revenue": 298333
        },
        "2019-11": {
            "month": "2019-11",
            "price": "56.90",
            "revenue": 259591
        },
        "2019-12": {
            "month": "2019-12",
            "price": "56.99",
            "revenue": 232680
        },
        "2020-01": {
            "month": "2020-01",
            "price": "57.89",
            "revenue": 251160
        },
        "2020-02": {
            "month": "2020-02",
            "price": "65.00",
            "revenue": 292921
        },
        "2020-03": {
            "month": "2020-03",
            "price": "71.08",
            "revenue": 374528
        },
        "2020-04": {
            "month": "2020-04",
            "price": "82.52",
            "revenue": 351045
        },
        "2020-05": {
            "month": "2020-05",
            "price": "106.06",
            "revenue": 365715
        },
        "2020-06": {
            "month": "2020-06",
            "price": "107.22",
            "revenue": 363486
        },
        "2020-07": {
            "month": "2020-07",
            "price": "128.17",
            "revenue": 416832
        },
        "2020-08": {
            "month": "2020-08",
            "price": "162.40",
            "revenue": 419039
        },
        "2020-09": {
            "month": "2020-09",
            "price": "171.25",
            "revenue": 492659
        },
        "2020-10": {
            "month": "2020-10",
            "price": "195.03",
            "revenue": 563468
        },
        "2020-11": {
            "month": "2020-11",
            "price": "183.95",
            "revenue": 644659
        },
        "2020-12": {
            "month": "2020-12",
            "price": "152.80",
            "revenue": 732907
        },
        "2021-01": {
            "month": "2021-01",
            "price": "145.72",
            "revenue": 776922
        },
        "2021-02": {
            "month": "2021-02",
            "price": "136.15",
            "revenue": 593883
        },
        "2021-03": {
            "month": "2021-03",
            "price": "174.61",
            "revenue": 927858
        },
        "2021-04": {
            "month": "2021-04",
            "price": "305.08",
            "revenue": 832321
        },
        "2021-05": {
            "month": "2021-05",
            "price": "277.21",
            "revenue": 982780
        },
        "2021-06": {
            "month": "2021-06",
            "price": "294.14",
            "revenue": 956433
        },
        "2021-07": {
            "month": "2021-07",
            "price": "268.95",
            "revenue": 702684
        },
        "2021-08": {
            "month": "2021-08",
            "price": "234.89",
            "revenue": 727746
        },
        "2021-09": {
            "month": "2021-09",
            "price": "207.38",
            "revenue": 724410
        },
        "2021-10": {
            "month": "2021-10",
            "price": "181.52",
            "revenue": 566690
        },
        "2021-11": {
            "month": "2021-11",
            "price": "180.57",
            "revenue": 140450
        },
        "2021-12": {
            "month": "2021-12",
            "price": "168.95",
            "revenue": 229537
        },
        "2022-01": {
            "month": "2022-01",
            "price": "156.92",
            "revenue": 371330
        },
        "2022-02": {
            "month": "2022-02",
            "price": "148.80",
            "revenue": 135483
        },
        "2022-03": {
            "month": "2022-03",
            "price": "140.80",
            "revenue": 218331
        },
        "2022-04": {
            "month": "2022-04",
            "price": "115.37",
            "revenue": 126469
        },
        "2022-05": {
            "month": "2022-05",
            "price": "98.06",
            "revenue": 166457
        },
        "2022-06": {
            "month": "2022-06",
            "price": "94.47",
            "revenue": 87827
        },
        "2022-07": {
            "month": "2022-07",
            "price": "80.89",
            "revenue": 119802
        },
        "2022-08": {
            "month": "2022-08",
            "price": "81.84",
            "revenue": 109334
        },
        "2022-09": {
            "month": "2022-09",
            "price": "60.70",
            "revenue": 86421
        },
        "2022-10": {
            "month": "2022-10",
            "price": "51.28",
            "revenue": 96769
        },
        "2022-11": {
            "month": "2022-11",
            "price": "55.11",
            "revenue": 104459
        },
        "2022-12": {
            "month": "2022-12",
            "price": "58.61",
            "revenue": 79881
        },
        "2023-01": {
            "month": "2023-01",
            "price": "58.88",
            "revenue": 93170
        },
        "2023-02": {
            "month": "2023-02",
            "price": "62.78",
            "revenue": 38143
        },
        "2023-03": {
            "month": "2023-03",
            "price": "61.53",
            "revenue": 77138
        },
        "2023-04": {
            "month": "2023-04",
            "price": "61.41",
            "revenue": 77221
        },
        "2023-05": {
            "month": "2023-05",
            "price": "57.60",
            "revenue": 97612
        },
        "2023-06": {
            "month": "2023-06",
            "price": "58.05",
            "revenue": 66875
        },
        "2023-07": {
            "month": "2023-07",
            "price": "55.67",
            "revenue": 50526
        },
        "2023-08": {
            "month": "2023-08",
            "price": "50.63",
            "revenue": 73565
        },
        "2023-09": {
            "month": "2023-09",
            "price": "50.34",
            "revenue": 63207
        },
        "2023-10": {
            "month": "2023-10",
            "price": "49.24",
            "revenue": 97087
        },
        "2023-11": {
            "month": "2023-11",
            "price": "51.40",
            "revenue": 69360
        }
    }
}
