{
    "summary": {
        "stock_name": "富強鑫",
        "stock_id": "6603",
        "category": "電機機械",
        "main_business": "塑膠射出機(3C電子精密元件射出機、LCD射出機...)及模具等製造<br>汽機車零件及電子零件等塑膠製品之製造<br>電線及電纜(漆包線、鍍錫銅線、電子線...)之製造及買賣業務",
        "website_url": "http://www.fcs.com.tw",
        "ceo": "王俊賢",
        "pe_ratio": 68,
        "report_year_from": 2001,
        "report_year_to": 2023,
        "age": 23,
        "eps_negative_percentage": 9,
        "eps_growth_avg": {
            "last_all": -21.1,
            "last_2y": 12.09,
            "last_4y": -15.06,
            "last_8y": -5.73,
            "last_12y": -5.54,
            "last_16y": -17.93,
            "last_20y": -21.1,
            "at_2006_last_3y": -32.99,
            "at_2007_last_3y": -77.31,
            "at_2008_last_3y": -97.14,
            "at_2009_last_3y": -98.99,
            "at_2010_last_3y": -98.48,
            "at_2011_last_3y": -76.71,
            "at_2012_last_3y": -69.45,
            "at_2013_last_3y": -25.33,
            "at_2014_last_3y": -5.11,
            "at_2015_last_3y": -14.68,
            "at_2016_last_3y": 29.12,
            "at_2017_last_3y": 31.36,
            "at_2018_last_3y": 5.93,
            "at_2019_last_3y": 2.72,
            "at_2020_last_3y": -29.1,
            "at_2021_last_3y": -14.43,
            "at_2022_last_3y": 5.24,
            "at_2023_last_3y": 2.25,
            "at_2024_last_3y": 2.25,
            "at_2006_last_all": -32.99,
            "at_2007_last_all": -32.99,
            "at_2008_last_all": -45.78,
            "at_2009_last_all": -54.82,
            "at_2010_last_all": -54.82,
            "at_2011_last_all": -51.73,
            "at_2012_last_all": -54.66,
            "at_2013_last_all": -44.99,
            "at_2014_last_all": -34.94,
            "at_2015_last_all": -38.25,
            "at_2016_last_all": -26.73,
            "at_2017_last_all": -21.5,
            "at_2018_last_all": -23.26,
            "at_2019_last_all": -27.33,
            "at_2020_last_all": -27.32,
            "at_2021_last_all": -19.84,
            "at_2022_last_all": -16.93,
            "at_2023_last_all": -21.1,
            "at_2024_last_all": -21.1
        },
        "latest_eps": 0.23,
        "latest_price": 15.6,
        "latest_roe": 1.93,
        "latest_gross_margin": 24,
        "latest_equity": 2412446,
        "latest_revenue": 962216,
        "latest_gross_profit": 230946,
        "latest_net_income": -10499,
        "latest_debt_ratio": 66.9,
        "latest_current_ratio": 167.95,
        "latest_account_receivable_turnover_ratio": 0.59,
        "latest_inventory_turnover_ratio": 0.47,
        "latest_reinvestment_rate": 196.28,
        "latest_research_to_sale_ratio": 2.5
    },
    "eps_dividends": {
        "2001": {
            "cash": 0,
            "stock": 0,
            "eps": 0
        },
        "2002": {
            "cash": 0.3,
            "stock": 0,
            "eps": 0.43
        },
        "2003": {
            "cash": 0.4,
            "stock": 0.6,
            "eps": 1.44
        },
        "2004": {
            "cash": 0.4,
            "stock": 0.8,
            "eps": 0.9
        },
        "2005": {
            "cash": 0.6,
            "stock": 0,
            "eps": 0.05
        },
        "2006": {
            "cash": 0.05,
            "stock": 0.15,
            "eps": -0.73
        },
        "2007": {
            "cash": 0,
            "stock": 0,
            "eps": 0.66
        },
        "2008": {
            "cash": 0.1,
            "stock": 0.4,
            "eps": 0.02
        },
        "2009": {
            "cash": 0,
            "stock": 0.5,
            "eps": -0.01
        },
        "2010": {
            "cash": 0,
            "stock": 0.7,
            "eps": 2.05
        },
        "2011": {
            "cash": 0.8,
            "stock": 0.7,
            "eps": 1.37
        },
        "2012": {
            "cash": 0.5,
            "stock": 0.5,
            "eps": 0.34
        },
        "2013": {
            "cash": 0.11,
            "stock": 0.3,
            "eps": 0.45
        },
        "2014": {
            "cash": 0.2,
            "stock": 0.2,
            "eps": 0.7
        },
        "2015": {
            "cash": 0.4,
            "stock": 0.2,
            "eps": 0.2
        },
        "2016": {
            "cash": 0.1,
            "stock": 0.3,
            "eps": 0.92
        },
        "2017": {
            "cash": 0.3,
            "stock": 0.4,
            "eps": 1.3
        },
        "2018": {
            "cash": 0.6,
            "stock": 0.2,
            "eps": 0.7
        },
        "2019": {
            "cash": 0.5,
            "stock": 0,
            "eps": 0.11
        },
        "2020": {
            "cash": 0.1,
            "stock": 0,
            "eps": 0.08
        },
        "2021": {
            "cash": 0.05,
            "stock": 0.05,
            "eps": 0.8
        },
        "2022": {
            "cash": 0.3,
            "stock": 0.2,
            "eps": 1.06
        },
        "2023": {
            "cash": 0.3,
            "stock": 0.3,
            "eps": 0.04
        }
    },
    "dividends": {
        "2002-06-30": {
            "cash": 0.3,
            "stock": 0
        },
        "2003-06-27": {
            "cash": 0.4,
            "stock": 0.6
        },
        "2004-04-16": {
            "cash": 0.4,
            "stock": 0.8
        },
        "2005-04-12": {
            "cash": 0.6,
            "stock": 0
        },
        "2006-04-19": {
            "cash": 0.05,
            "stock": 0.15
        },
        "2008-03-31": {
            "cash": 0.1,
            "stock": 0.4
        },
        "2009-03-31": {
            "cash": 0,
            "stock": 0.5
        },
        "2010-03-30": {
            "cash": 0,
            "stock": 0.7
        },
        "2011-03-25": {
            "cash": 0.8,
            "stock": 0.7
        },
        "2012-06-21": {
            "cash": 0.5,
            "stock": 0.5
        },
        "2013-06-20": {
            "cash": 0.11,
            "stock": 0.3
        },
        "2014-10-01": {
            "cash": 0.2,
            "stock": 0.2
        },
        "2015-10-14": {
            "cash": 0.4,
            "stock": 0.2
        },
        "2016-10-12": {
            "cash": 0.1,
            "stock": 0.3
        },
        "2017-08-18": {
            "cash": 0.3,
            "stock": 0.4
        },
        "2018-08-30": {
            "cash": 0.6,
            "stock": 0.2
        },
        "2019-08-07": {
            "cash": 0.5,
            "stock": 0
        },
        "2020-08-19": {
            "cash": 0.1,
            "stock": 0
        },
        "2021-11-17": {
            "cash": 0.05,
            "stock": 0.05
        },
        "2022-09-27": {
            "cash": 0.3,
            "stock": 0.2
        },
        "2023-10-11": {
            "cash": 0.3,
            "stock": 0.3
        }
    },
    "prices": {
        "200101": "無",
        "200102": "無",
        "200103": "無",
        "200104": "無",
        "200105": "無",
        "200106": "無",
        "200107": "無",
        "200108": "無",
        "200109": "無",
        "200110": "無",
        "200111": "無",
        "200112": "無",
        "200201": "無",
        "200202": "無",
        "200203": "無",
        "200204": "無",
        "200205": "無",
        "200206": "無",
        "200207": "無",
        "200208": "無",
        "200209": "無",
        "200210": "無",
        "200211": "無",
        "200212": "無",
        "200301": "無",
        "200302": "無",
        "200303": "無",
        "200304": "無",
        "200305": "無",
        "200306": "無",
        "200307": "無",
        "200308": "無",
        "200309": "無",
        "200310": "17.95",
        "200311": "17.97",
        "200312": "18.20",
        "200401": "18.60",
        "200402": "19.08",
        "200403": "20.92",
        "200404": "20.30",
        "200405": "18.99",
        "200406": "18.97",
        "200407": "18.44",
        "200408": "19.59",
        "200409": "19.36",
        "200410": "16.28",
        "200411": "14.31",
        "200412": "14.23",
        "200501": "13.96",
        "200502": "12.82",
        "200503": "12.97",
        "200504": "11.74",
        "200505": "10.05",
        "200506": "10.62",
        "200507": "10.88",
        "200508": "10.69",
        "200509": "10.43",
        "200510": "8.91",
        "200511": "7.02",
        "200512": "6.96",
        "200601": "7.95",
        "200602": "7.27",
        "200603": "6.73",
        "200604": "7.08",
        "200605": "7.66",
        "200606": "7.56",
        "200607": "7.30",
        "200608": "7.66",
        "200609": "6.29",
        "200610": "6.29",
        "200611": "6.72",
        "200612": "7.83",
        "200701": "7.89",
        "200702": "8.00",
        "200703": "9.90",
        "200704": "11.62",
        "200705": "11.31",
        "200706": "11.96",
        "200707": "13.51",
        "200708": "12.20",
        "200709": "11.69",
        "200710": "11.42",
        "200711": "10.91",
        "200712": "10.04",
        "200801": "10.26",
        "200802": "10.57",
        "200803": "10.39",
        "200804": "11.24",
        "200805": "11.71",
        "200806": "11.11",
        "200807": "9.05",
        "200808": "9.24",
        "200809": "8.64",
        "200810": "7.53",
        "200811": "7.13",
        "200812": "6.55",
        "200901": "6.58",
        "200902": "6.49",
        "200903": "6.92",
        "200904": "8.05",
        "200905": "8.09",
        "200906": "8.29",
        "200907": "8.40",
        "200908": "11.61",
        "200909": "13.41",
        "200910": "12.38",
        "200911": "11.27",
        "200912": "11.17",
        "201001": "12.07",
        "201002": "10.32",
        "201003": "11.47",
        "201004": "25.70",
        "201005": "29.30",
        "201006": "24.46",
        "201007": "25.52",
        "201008": "27.72",
        "201009": "27.32",
        "201010": "25.56",
        "201011": "22.23",
        "201012": "23.70",
        "201101": "24.36",
        "201102": "22.46",
        "201103": "21.86",
        "201104": "22.50",
        "201105": "21.65",
        "201106": "19.92",
        "201107": "18.57",
        "201108": "17.42",
        "201109": "15.92",
        "201110": "15.14",
        "201111": "15.80",
        "201112": "14.27",
        "201201": "14.45",
        "201202": "16.76",
        "201203": "19.65",
        "201204": "17.32",
        "201205": "16.09",
        "201206": "14.90",
        "201207": "15.95",
        "201208": "14.94",
        "201209": "15.53",
        "201210": "14.53",
        "201211": "12.48",
        "201212": "11.98",
        "201301": "12.44",
        "201302": "14.86",
        "201303": "14.88",
        "201304": "16.72",
        "201305": "14.77",
        "201306": "14.17",
        "201307": "13.84",
        "201308": "13.03",
        "201309": "15.98",
        "201310": "14.88",
        "201311": "14.05",
        "201312": "14.55",
        "201401": "14.92",
        "201402": "14.40",
        "201403": "14.76",
        "201404": "14.31",
        "201405": "13.53",
        "201406": "13.97",
        "201407": "13.90",
        "201408": "14.03",
        "201409": "13.39",
        "201410": "12.73",
        "201411": "12.22",
        "201412": "12.19",
        "201501": "12.73",
        "201502": "13.15",
        "201503": "13.20",
        "201504": "13.10",
        "201505": "13.32",
        "201506": "13.10",
        "201507": "11.28",
        "201508": "10.87",
        "201509": "11.54",
        "201510": "11.48",
        "201511": "10.99",
        "201512": "10.31",
        "201601": "9.88",
        "201602": "9.96",
        "201603": "10.87",
        "201604": "10.62",
        "201605": "10.04",
        "201606": "10.11",
        "201607": "10.58",
        "201608": "11.28",
        "201609": "11.15",
        "201610": "10.62",
        "201611": "10.32",
        "201612": "10.75",
        "201701": "11.21",
        "201702": "11.96",
        "201703": "12.51",
        "201704": "12.31",
        "201705": "11.82",
        "201706": "11.86",
        "201707": "12.10",
        "201708": "12.28",
        "201709": "13.20",
        "201710": "13.70",
        "201711": "14.38",
        "201712": "14.49",
        "201801": "16.47",
        "201802": "14.97",
        "201803": "15.42",
        "201804": "15.81",
        "201805": "14.83",
        "201806": "14.60",
        "201807": "14.32",
        "201808": "12.92",
        "201809": "12.84",
        "201810": "11.58",
        "201811": "11.62",
        "201812": "12.39",
        "201901": "12.25",
        "201902": "12.01",
        "201903": "12.59",
        "201904": "12.91",
        "201905": "12.57",
        "201906": "12.46",
        "201907": "12.29",
        "201908": "11.98",
        "201909": "11.59",
        "201910": "11.02",
        "201911": "10.65",
        "201912": "10.69",
        "202001": "10.62",
        "202002": "10.24",
        "202003": "9.23",
        "202004": "9.09",
        "202005": "9.35",
        "202006": "9.08",
        "202007": "9.00",
        "202008": "8.92",
        "202009": "9.52",
        "202010": "10.60",
        "202011": "12.32",
        "202012": "12.26",
        "202101": "13.41",
        "202102": "12.62",
        "202103": "13.58",
        "202104": "14.93",
        "202105": "12.79",
        "202106": "12.98",
        "202107": "16.18",
        "202108": "14.42",
        "202109": "16.31",
        "202110": "16.12",
        "202111": "17.75",
        "202112": "18.61",
        "202201": "18.36",
        "202202": "18.07",
        "202203": "16.83",
        "202204": "17.77",
        "202205": "17.80",
        "202206": "17.11",
        "202207": "16.87",
        "202208": "17.97",
        "202209": "17.18",
        "202210": "17.79",
        "202211": "17.48",
        "202212": "17.53",
        "202301": "17.43",
        "202302": "18.22",
        "202303": "17.93",
        "202304": "17.50",
        "202305": "17.05",
        "202306": "16.88",
        "202307": "16.53",
        "202308": "16.01",
        "202309": "15.48",
        "202310": "15.30",
        "202311": "16.88",
        "202312": "16.16"
    },
    "quarters": {
        "20011": {
            "year_quarter": 20011,
            "year": 2001,
            "quarter": 1,
            "eps": null,
            "eps_growth_year": null,
            "eps_4q": null,
            "eps_4q_growth_year": null,
            "roe": null,
            "roe_4q": 0,
            "gross_profit": null,
            "gross_margin": null,
            "gross_margin_4q_avg": 0,
            "net_income": null,
            "net_income_4q": null,
            "revenue": null,
            "revenue_4q": null,
            "common_shares": null,
            "book_valuer_per_share": null,
            "book_valuer_per_share_4q_avg": 0,
            "equity": null,
            "current_ratio": null,
            "debt_ratio": null,
            "inventory_turnover_ratio": null,
            "account_receivable_turnover_ratio": null,
            "reinvestment_rate": null,
            "research_to_sale_ratio": null,
            "price_fair": 0,
            "eps_avg_yearly": 0,
            "eps_latest_yearly": 0,
            "eps_growth_yearly": 0
        },
        "20012": {
            "year_quarter": 20012,
            "year": 2001,
            "quarter": 2,
            "eps": null,
            "eps_growth_year": null,
            "eps_4q": null,
            "eps_4q_growth_year": null,
            "roe": null,
            "roe_4q": 0,
            "gross_profit": null,
            "gross_margin": null,
            "gross_margin_4q_avg": 0,
            "net_income": null,
            "net_income_4q": null,
            "revenue": null,
            "revenue_4q": null,
            "common_shares": null,
            "book_valuer_per_share": null,
            "book_valuer_per_share_4q_avg": 0,
            "equity": null,
            "current_ratio": null,
            "debt_ratio": null,
            "inventory_turnover_ratio": null,
            "account_receivable_turnover_ratio": null,
            "reinvestment_rate": null,
            "research_to_sale_ratio": null,
            "price_fair": 0,
            "eps_avg_yearly": 0,
            "eps_latest_yearly": 0,
            "eps_growth_yearly": 0
        },
        "20013": {
            "year_quarter": 20013,
            "year": 2001,
            "quarter": 3,
            "eps": null,
            "eps_growth_year": null,
            "eps_4q": null,
            "eps_4q_growth_year": null,
            "roe": null,
            "roe_4q": 0,
            "gross_profit": null,
            "gross_margin": null,
            "gross_margin_4q_avg": 0,
            "net_income": null,
            "net_income_4q": null,
            "revenue": null,
            "revenue_4q": null,
            "common_shares": null,
            "book_valuer_per_share": null,
            "book_valuer_per_share_4q_avg": 0,
            "equity": null,
            "current_ratio": null,
            "debt_ratio": null,
            "inventory_turnover_ratio": null,
            "account_receivable_turnover_ratio": null,
            "reinvestment_rate": null,
            "research_to_sale_ratio": null,
            "price_fair": 0,
            "eps_avg_yearly": 0,
            "eps_latest_yearly": 0,
            "eps_growth_yearly": 0
        },
        "20014": {
            "year_quarter": 20014,
            "year": 2001,
            "quarter": 4,
            "eps": null,
            "eps_growth_year": null,
            "eps_4q": null,
            "eps_4q_growth_year": null,
            "roe": null,
            "roe_4q": 0,
            "gross_profit": null,
            "gross_margin": null,
            "gross_margin_4q_avg": 0,
            "net_income": null,
            "net_income_4q": null,
            "revenue": null,
            "revenue_4q": null,
            "common_shares": 500000,
            "book_valuer_per_share": 17.99,
            "book_valuer_per_share_4q_avg": 4.5,
            "equity": 899362,
            "current_ratio": 136.32,
            "debt_ratio": 43.05,
            "inventory_turnover_ratio": null,
            "account_receivable_turnover_ratio": null,
            "reinvestment_rate": null,
            "research_to_sale_ratio": null,
            "price_fair": 0,
            "eps_avg_yearly": 0,
            "eps_latest_yearly": 0,
            "eps_growth_yearly": 0
        },
        "20021": {
            "year_quarter": 20021,
            "year": 2002,
            "quarter": 1,
            "eps": null,
            "eps_growth_year": null,
            "eps_4q": null,
            "eps_4q_growth_year": null,
            "roe": null,
            "roe_4q": 0,
            "gross_profit": null,
            "gross_margin": null,
            "gross_margin_4q_avg": 0,
            "net_income": null,
            "net_income_4q": null,
            "revenue": null,
            "revenue_4q": null,
            "common_shares": null,
            "book_valuer_per_share": null,
            "book_valuer_per_share_4q_avg": 4.5,
            "equity": null,
            "current_ratio": null,
            "debt_ratio": null,
            "inventory_turnover_ratio": null,
            "account_receivable_turnover_ratio": null,
            "reinvestment_rate": null,
            "research_to_sale_ratio": null,
            "price_fair": 0,
            "eps_avg_yearly": 0,
            "eps_latest_yearly": 0,
            "eps_growth_yearly": 0
        },
        "20022": {
            "year_quarter": 20022,
            "year": 2002,
            "quarter": 2,
            "eps": null,
            "eps_growth_year": null,
            "eps_4q": null,
            "eps_4q_growth_year": null,
            "roe": null,
            "roe_4q": 0,
            "gross_profit": null,
            "gross_margin": null,
            "gross_margin_4q_avg": 0,
            "net_income": null,
            "net_income_4q": null,
            "revenue": null,
            "revenue_4q": null,
            "common_shares": null,
            "book_valuer_per_share": null,
            "book_valuer_per_share_4q_avg": 4.5,
            "equity": null,
            "current_ratio": null,
            "debt_ratio": null,
            "inventory_turnover_ratio": null,
            "account_receivable_turnover_ratio": null,
            "reinvestment_rate": null,
            "research_to_sale_ratio": null,
            "price_fair": 0,
            "eps_avg_yearly": 0,
            "eps_latest_yearly": 0,
            "eps_growth_yearly": 0
        },
        "20023": {
            "year_quarter": 20023,
            "year": 2002,
            "quarter": 3,
            "eps": 0.34,
            "eps_growth_year": null,
            "eps_4q": null,
            "eps_4q_growth_year": null,
            "roe": 1.85,
            "roe_4q": 1.85,
            "gross_profit": 74133,
            "gross_margin": 26.81,
            "gross_margin_4q_avg": 6.7,
            "net_income": 17070,
            "net_income_4q": null,
            "revenue": 276497,
            "revenue_4q": null,
            "common_shares": 500000,
            "book_valuer_per_share": 18.43,
            "book_valuer_per_share_4q_avg": 9.11,
            "equity": 921668,
            "current_ratio": 133.4,
            "debt_ratio": 45.71,
            "inventory_turnover_ratio": 0.75,
            "account_receivable_turnover_ratio": null,
            "reinvestment_rate": null,
            "research_to_sale_ratio": null,
            "price_fair": 0,
            "eps_avg_yearly": 0,
            "eps_latest_yearly": 0,
            "eps_growth_yearly": 0
        },
        "20024": {
            "year_quarter": 20024,
            "year": 2002,
            "quarter": 4,
            "eps": 0.09,
            "eps_growth_year": null,
            "eps_4q": null,
            "eps_4q_growth_year": null,
            "roe": 0.46,
            "roe_4q": 2.31,
            "gross_profit": 97615,
            "gross_margin": 31.6,
            "gross_margin_4q_avg": 14.6,
            "net_income": 4312,
            "net_income_4q": null,
            "revenue": 308943,
            "revenue_4q": null,
            "common_shares": 500000,
            "book_valuer_per_share": 18.68,
            "book_valuer_per_share_4q_avg": 9.28,
            "equity": 934071,
            "current_ratio": 130.74,
            "debt_ratio": 52.7,
            "inventory_turnover_ratio": 0.62,
            "account_receivable_turnover_ratio": null,
            "reinvestment_rate": null,
            "research_to_sale_ratio": null,
            "price_fair": 1.08,
            "eps_avg_yearly": 0.36,
            "eps_latest_yearly": 0.36,
            "eps_growth_yearly": -294.12
        },
        "20031": {
            "year_quarter": 20031,
            "year": 2003,
            "quarter": 1,
            "eps": 0.59,
            "eps_growth_year": null,
            "eps_4q": null,
            "eps_4q_growth_year": null,
            "roe": 3.13,
            "roe_4q": 5.4399999999999995,
            "gross_profit": 104888,
            "gross_margin": 30.26,
            "gross_margin_4q_avg": 22.17,
            "net_income": 29741,
            "net_income_4q": null,
            "revenue": 346598,
            "revenue_4q": null,
            "common_shares": 500000,
            "book_valuer_per_share": 19.28,
            "book_valuer_per_share_4q_avg": 14.1,
            "equity": 963812,
            "current_ratio": 127.73,
            "debt_ratio": 48.42,
            "inventory_turnover_ratio": 0.74,
            "account_receivable_turnover_ratio": null,
            "reinvestment_rate": null,
            "research_to_sale_ratio": null,
            "price_fair": 47.6,
            "eps_avg_yearly": 1.36,
            "eps_latest_yearly": 2.36,
            "eps_growth_yearly": 964.05
        },
        "20032": {
            "year_quarter": 20032,
            "year": 2003,
            "quarter": 2,
            "eps": 0.26,
            "eps_growth_year": null,
            "eps_4q": 1.24,
            "eps_4q_growth_year": null,
            "roe": 1.42,
            "roe_4q": 6.859999999999999,
            "gross_profit": 75027,
            "gross_margin": 24.36,
            "gross_margin_4q_avg": 28.26,
            "net_income": 13591,
            "net_income_4q": null,
            "revenue": 308048,
            "revenue_4q": null,
            "common_shares": 500000,
            "book_valuer_per_share": 18.99,
            "book_valuer_per_share_4q_avg": 18.85,
            "equity": 949574,
            "current_ratio": 122.22,
            "debt_ratio": 49.85,
            "inventory_turnover_ratio": 0.97,
            "account_receivable_turnover_ratio": null,
            "reinvestment_rate": null,
            "research_to_sale_ratio": null,
            "price_fair": 43.87,
            "eps_avg_yearly": 1.25,
            "eps_latest_yearly": 1.04,
            "eps_growth_yearly": 568.13
        },
        "20033": {
            "year_quarter": 20033,
            "year": 2003,
            "quarter": 3,
            "eps": 0.34,
            "eps_growth_year": 0,
            "eps_4q": 1.23,
            "eps_4q_growth_year": null,
            "roe": 1.91,
            "roe_4q": 6.92,
            "gross_profit": 57443,
            "gross_margin": 24.94,
            "gross_margin_4q_avg": 27.79,
            "net_income": 18270,
            "net_income_4q": null,
            "revenue": 230330,
            "revenue_4q": null,
            "common_shares": 530000,
            "book_valuer_per_share": 18.17,
            "book_valuer_per_share_4q_avg": 18.78,
            "equity": 962751,
            "current_ratio": 133.98,
            "debt_ratio": 51.47,
            "inventory_turnover_ratio": 0.66,
            "account_receivable_turnover_ratio": null,
            "reinvestment_rate": null,
            "research_to_sale_ratio": null,
            "price_fair": 44.8,
            "eps_avg_yearly": 1.28,
            "eps_latest_yearly": 1.36,
            "eps_growth_yearly": 456.86
        },
        "20034": {
            "year_quarter": 20034,
            "year": 2003,
            "quarter": 4,
            "eps": 0.25,
            "eps_growth_year": 177.78,
            "eps_4q": 1.39,
            "eps_4q_growth_year": null,
            "roe": 1.39,
            "roe_4q": 7.85,
            "gross_profit": 82571,
            "gross_margin": 23.41,
            "gross_margin_4q_avg": 25.74,
            "net_income": 13494,
            "net_income_4q": null,
            "revenue": 352663,
            "revenue_4q": null,
            "common_shares": 530000,
            "book_valuer_per_share": 18.46,
            "book_valuer_per_share_4q_avg": 18.73,
            "equity": 978292,
            "current_ratio": 127.42,
            "debt_ratio": 57.7,
            "inventory_turnover_ratio": 0.82,
            "account_receivable_turnover_ratio": null,
            "reinvestment_rate": null,
            "research_to_sale_ratio": null,
            "price_fair": 42.84,
            "eps_avg_yearly": 1.22,
            "eps_latest_yearly": 1,
            "eps_growth_yearly": 344.31
        },
        "20041": {
            "year_quarter": 20041,
            "year": 2004,
            "quarter": 1,
            "eps": 0.37,
            "eps_growth_year": -37.29,
            "eps_4q": 1.23,
            "eps_4q_growth_year": null,
            "roe": 1.99,
            "roe_4q": 6.71,
            "gross_profit": 89398,
            "gross_margin": 21.66,
            "gross_margin_4q_avg": 23.59,
            "net_income": 19605,
            "net_income_4q": null,
            "revenue": 412807,
            "revenue_4q": null,
            "common_shares": 530000,
            "book_valuer_per_share": 18.71,
            "book_valuer_per_share_4q_avg": 18.58,
            "equity": 991863,
            "current_ratio": 122.07,
            "debt_ratio": 57.45,
            "inventory_turnover_ratio": 0.97,
            "account_receivable_turnover_ratio": null,
            "reinvestment_rate": null,
            "research_to_sale_ratio": null,
            "price_fair": 44.33,
            "eps_avg_yearly": 1.27,
            "eps_latest_yearly": 1.48,
            "eps_growth_yearly": 318.93
        },
        "20042": {
            "year_quarter": 20042,
            "year": 2004,
            "quarter": 2,
            "eps": 0.39,
            "eps_growth_year": 50,
            "eps_4q": 1.29,
            "eps_4q_growth_year": 4.06,
            "roe": 2.25,
            "roe_4q": 7.54,
            "gross_profit": 111368,
            "gross_margin": 23.85,
            "gross_margin_4q_avg": 23.47,
            "net_income": 22302,
            "net_income_4q": null,
            "revenue": 466942,
            "revenue_4q": null,
            "common_shares": 530000,
            "book_valuer_per_share": 18.68,
            "book_valuer_per_share_4q_avg": 18.51,
            "equity": 989990,
            "current_ratio": 147.7,
            "debt_ratio": 57.5,
            "inventory_turnover_ratio": 1.11,
            "account_receivable_turnover_ratio": null,
            "reinvestment_rate": null,
            "research_to_sale_ratio": null,
            "price_fair": 45.8,
            "eps_avg_yearly": 1.31,
            "eps_latest_yearly": 1.56,
            "eps_growth_yearly": 276.46
        },
        "20043": {
            "year_quarter": 20043,
            "year": 2004,
            "quarter": 3,
            "eps": 0.23,
            "eps_growth_year": -32.35,
            "eps_4q": 1.2,
            "eps_4q_growth_year": -1.91,
            "roe": 1.28,
            "roe_4q": 6.91,
            "gross_profit": 69064,
            "gross_margin": 19.92,
            "gross_margin_4q_avg": 22.21,
            "net_income": 13093,
            "net_income_4q": null,
            "revenue": 346734,
            "revenue_4q": null,
            "common_shares": 600416,
            "book_valuer_per_share": 17.54,
            "book_valuer_per_share_4q_avg": 18.35,
            "equity": 1053116,
            "current_ratio": 138.66,
            "debt_ratio": 56.92,
            "inventory_turnover_ratio": 0.74,
            "account_receivable_turnover_ratio": null,
            "reinvestment_rate": null,
            "research_to_sale_ratio": null,
            "price_fair": 44.1,
            "eps_avg_yearly": 1.26,
            "eps_latest_yearly": 0.92,
            "eps_growth_yearly": 221.39
        },
        "20044": {
            "year_quarter": 20044,
            "year": 2004,
            "quarter": 4,
            "eps": -0.09,
            "eps_growth_year": -136,
            "eps_4q": 0.85,
            "eps_4q_growth_year": -38.91,
            "roe": -0.51,
            "roe_4q": 5.01,
            "gross_profit": 66070,
            "gross_margin": 20.57,
            "gross_margin_4q_avg": 21.5,
            "net_income": -5359,
            "net_income_4q": null,
            "revenue": 321203,
            "revenue_4q": null,
            "common_shares": 600530,
            "book_valuer_per_share": 17.13,
            "book_valuer_per_share_4q_avg": 18.02,
            "equity": 1028899,
            "current_ratio": 138.64,
            "debt_ratio": 61.23,
            "inventory_turnover_ratio": 0.55,
            "account_receivable_turnover_ratio": null,
            "reinvestment_rate": null,
            "research_to_sale_ratio": null,
            "price_fair": 44.1,
            "eps_avg_yearly": 1.26,
            "eps_latest_yearly": 0.92,
            "eps_growth_yearly": 221.39
        },
        "20051": {
            "year_quarter": 20051,
            "year": 2005,
            "quarter": 1,
            "eps": -0.29,
            "eps_growth_year": -178.38,
            "eps_4q": 0.21,
            "eps_4q_growth_year": -82.72,
            "roe": -1.7,
            "roe_4q": 1.32,
            "gross_profit": 42668,
            "gross_margin": 14.96,
            "gross_margin_4q_avg": 19.83,
            "net_income": -17358,
            "net_income_4q": null,
            "revenue": 285242,
            "revenue_4q": null,
            "common_shares": 600530,
            "book_valuer_per_share": 16.83,
            "book_valuer_per_share_4q_avg": 17.55,
            "equity": 1010800,
            "current_ratio": 130.72,
            "debt_ratio": 58.35,
            "inventory_turnover_ratio": 0.48,
            "account_receivable_turnover_ratio": null,
            "reinvestment_rate": null,
            "research_to_sale_ratio": null,
            "price_fair": 44.1,
            "eps_avg_yearly": 1.26,
            "eps_latest_yearly": 0.92,
            "eps_growth_yearly": 221.39
        },
        "20052": {
            "year_quarter": 20052,
            "year": 2005,
            "quarter": 2,
            "eps": 0.13,
            "eps_growth_year": -66.67,
            "eps_4q": -0.03,
            "eps_4q_growth_year": -101.97,
            "roe": 0.81,
            "roe_4q": -0.11999999999999988,
            "gross_profit": 62144,
            "gross_margin": 18.23,
            "gross_margin_4q_avg": 18.42,
            "net_income": 8052,
            "net_income_4q": null,
            "revenue": 340905,
            "revenue_4q": null,
            "common_shares": 600530,
            "book_valuer_per_share": 16.3,
            "book_valuer_per_share_4q_avg": 16.95,
            "equity": 978918,
            "current_ratio": 131.57,
            "debt_ratio": 59.3,
            "inventory_turnover_ratio": 0.62,
            "account_receivable_turnover_ratio": null,
            "reinvestment_rate": null,
            "research_to_sale_ratio": null,
            "price_fair": 44.1,
            "eps_avg_yearly": 1.26,
            "eps_latest_yearly": 0.92,
            "eps_growth_yearly": 221.39
        },
        "20053": {
            "year_quarter": 20053,
            "year": 2005,
            "quarter": 3,
            "eps": 0.28,
            "eps_growth_year": 21.74,
            "eps_4q": 0.03,
            "eps_4q_growth_year": -97.37,
            "roe": 1.66,
            "roe_4q": 0.2599999999999998,
            "gross_profit": 65588,
            "gross_margin": 19.73,
            "gross_margin_4q_avg": 18.37,
            "net_income": 16530,
            "net_income_4q": null,
            "revenue": 332422,
            "revenue_4q": null,
            "common_shares": 600530,
            "book_valuer_per_share": 16.86,
            "book_valuer_per_share_4q_avg": 16.78,
            "equity": 1012563,
            "current_ratio": 133.16,
            "debt_ratio": 56.24,
            "inventory_turnover_ratio": 0.65,
            "account_receivable_turnover_ratio": null,
            "reinvestment_rate": null,
            "research_to_sale_ratio": null,
            "price_fair": 43.56,
            "eps_avg_yearly": 1.24,
            "eps_latest_yearly": 1.12,
            "eps_growth_yearly": 248.07
        },
        "20054": {
            "year_quarter": 20054,
            "year": 2005,
            "quarter": 4,
            "eps": -0.07,
            "eps_growth_year": null,
            "eps_4q": 0.02,
            "eps_4q_growth_year": -98.08,
            "roe": -0.43,
            "roe_4q": 0.3400000000000001,
            "gross_profit": 43186,
            "gross_margin": 12.72,
            "gross_margin_4q_avg": 16.41,
            "net_income": -4511,
            "net_income_4q": null,
            "revenue": 339384,
            "revenue_4q": null,
            "common_shares": 680530,
            "book_valuer_per_share": 15.54,
            "book_valuer_per_share_4q_avg": 16.38,
            "equity": 1100230,
            "current_ratio": 131.43,
            "debt_ratio": 56.45,
            "inventory_turnover_ratio": 0.63,
            "account_receivable_turnover_ratio": null,
            "reinvestment_rate": null,
            "research_to_sale_ratio": null,
            "price_fair": 43.56,
            "eps_avg_yearly": 1.24,
            "eps_latest_yearly": 1.12,
            "eps_growth_yearly": 248.07
        },
        "20061": {
            "year_quarter": 20061,
            "year": 2006,
            "quarter": 1,
            "eps": -0.06,
            "eps_growth_year": null,
            "eps_4q": 0.22,
            "eps_4q_growth_year": 6.15,
            "roe": -0.39,
            "roe_4q": 1.65,
            "gross_profit": 32210,
            "gross_margin": 11.56,
            "gross_margin_4q_avg": 15.56,
            "net_income": -4228,
            "net_income_4q": null,
            "revenue": 278639,
            "revenue_4q": null,
            "common_shares": 680530,
            "book_valuer_per_share": 15.45,
            "book_valuer_per_share_4q_avg": 16.04,
            "equity": 1051271,
            "current_ratio": 119.86,
            "debt_ratio": 50.88,
            "inventory_turnover_ratio": 0.54,
            "account_receivable_turnover_ratio": null,
            "reinvestment_rate": null,
            "research_to_sale_ratio": null,
            "price_fair": 43.56,
            "eps_avg_yearly": 1.24,
            "eps_latest_yearly": 1.12,
            "eps_growth_yearly": 248.07
        },
        "20062": {
            "year_quarter": 20062,
            "year": 2006,
            "quarter": 2,
            "eps": -0.37,
            "eps_growth_year": -384.62,
            "eps_4q": -0.25,
            "eps_4q_growth_year": null,
            "roe": -2.39,
            "roe_4q": -1.5500000000000005,
            "gross_profit": 68343,
            "gross_margin": 15.71,
            "gross_margin_4q_avg": 14.93,
            "net_income": -25211,
            "net_income_4q": null,
            "revenue": 434936,
            "revenue_4q": null,
            "common_shares": 702035,
            "book_valuer_per_share": 15.06,
            "book_valuer_per_share_4q_avg": 15.73,
            "equity": 1056918,
            "current_ratio": 109.91,
            "debt_ratio": 50.23,
            "inventory_turnover_ratio": 1.07,
            "account_receivable_turnover_ratio": null,
            "reinvestment_rate": 288.41,
            "research_to_sale_ratio": null,
            "price_fair": 43.56,
            "eps_avg_yearly": 1.24,
            "eps_latest_yearly": 1.12,
            "eps_growth_yearly": 248.07
        },
        "20063": {
            "year_quarter": 20063,
            "year": 2006,
            "quarter": 3,
            "eps": 0.05,
            "eps_growth_year": -82.14,
            "eps_4q": -0.48,
            "eps_4q_growth_year": -1628.28,
            "roe": 0.28,
            "roe_4q": -2.9300000000000006,
            "gross_profit": 55531,
            "gross_margin": 14.02,
            "gross_margin_4q_avg": 13.5,
            "net_income": 3186,
            "net_income_4q": null,
            "revenue": 396127,
            "revenue_4q": null,
            "common_shares": 712183,
            "book_valuer_per_share": 16.81,
            "book_valuer_per_share_4q_avg": 15.72,
            "equity": 1196838,
            "current_ratio": 108.95,
            "debt_ratio": 51.03,
            "inventory_turnover_ratio": 1.05,
            "account_receivable_turnover_ratio": null,
            "reinvestment_rate": 273.81,
            "research_to_sale_ratio": null,
            "price_fair": 43.56,
            "eps_avg_yearly": 1.24,
            "eps_latest_yearly": 1.12,
            "eps_growth_yearly": 248.07
        },
        "20064": {
            "year_quarter": 20064,
            "year": 2006,
            "quarter": 4,
            "eps": -0.35,
            "eps_growth_year": null,
            "eps_4q": -0.71,
            "eps_4q_growth_year": -4459.41,
            "roe": -2,
            "roe_4q": -4.5,
            "gross_profit": 32180,
            "gross_margin": 9.36,
            "gross_margin_4q_avg": 12.66,
            "net_income": -24090,
            "net_income_4q": null,
            "revenue": 343889,
            "revenue_4q": null,
            "common_shares": 712183,
            "book_valuer_per_share": 16.39,
            "book_valuer_per_share_4q_avg": 15.93,
            "equity": 1217249,
            "current_ratio": 121.69,
            "debt_ratio": 55.05,
            "inventory_turnover_ratio": 0.7,
            "account_receivable_turnover_ratio": null,
            "reinvestment_rate": 561.04,
            "research_to_sale_ratio": null,
            "price_fair": 47.43,
            "eps_avg_yearly": 1.36,
            "eps_latest_yearly": 1.12,
            "eps_growth_yearly": 315.84
        },
        "20071": {
            "year_quarter": 20071,
            "year": 2007,
            "quarter": 1,
            "eps": -0.11,
            "eps_growth_year": null,
            "eps_4q": -0.74,
            "eps_4q_growth_year": -427.82,
            "roe": -0.68,
            "roe_4q": -4.790000000000001,
            "gross_profit": 52014,
            "gross_margin": 11.95,
            "gross_margin_4q_avg": 12.76,
            "net_income": -8090,
            "net_income_4q": null,
            "revenue": 435177,
            "revenue_4q": null,
            "common_shares": 712183,
            "book_valuer_per_share": 16.42,
            "book_valuer_per_share_4q_avg": 16.17,
            "equity": 1169517,
            "current_ratio": 105.76,
            "debt_ratio": 50.22,
            "inventory_turnover_ratio": 0.92,
            "account_receivable_turnover_ratio": null,
            "reinvestment_rate": 712.49,
            "research_to_sale_ratio": null,
            "price_fair": 42.4,
            "eps_avg_yearly": 1.21,
            "eps_latest_yearly": 1.12,
            "eps_growth_yearly": 43.5
        },
        "20072": {
            "year_quarter": 20072,
            "year": 2007,
            "quarter": 2,
            "eps": -0.08,
            "eps_growth_year": null,
            "eps_4q": -0.49,
            "eps_4q_growth_year": null,
            "roe": -0.49,
            "roe_4q": -2.8899999999999997,
            "gross_profit": 29506,
            "gross_margin": 8.3,
            "gross_margin_4q_avg": 10.91,
            "net_income": -5774,
            "net_income_4q": null,
            "revenue": 355622,
            "revenue_4q": null,
            "common_shares": 712183,
            "book_valuer_per_share": 16.37,
            "book_valuer_per_share_4q_avg": 16.5,
            "equity": 1165989,
            "current_ratio": 157.05,
            "debt_ratio": 52.95,
            "inventory_turnover_ratio": 1.09,
            "account_receivable_turnover_ratio": null,
            "reinvestment_rate": 1385.6,
            "research_to_sale_ratio": null,
            "price_fair": 43.4,
            "eps_avg_yearly": 1.24,
            "eps_latest_yearly": 1.12,
            "eps_growth_yearly": 88.04
        },
        "20073": {
            "year_quarter": 20073,
            "year": 2007,
            "quarter": 3,
            "eps": 0.61,
            "eps_growth_year": 1120,
            "eps_4q": 0.08,
            "eps_4q_growth_year": null,
            "roe": 3.66,
            "roe_4q": 0.48999999999999977,
            "gross_profit": 65185,
            "gross_margin": 12.14,
            "gross_margin_4q_avg": 10.44,
            "net_income": 43464,
            "net_income_4q": null,
            "revenue": 536724,
            "revenue_4q": null,
            "common_shares": 712183,
            "book_valuer_per_share": 16.97,
            "book_valuer_per_share_4q_avg": 16.54,
            "equity": 1208250,
            "current_ratio": 164,
            "debt_ratio": 52.83,
            "inventory_turnover_ratio": 1.52,
            "account_receivable_turnover_ratio": null,
            "reinvestment_rate": 617.03,
            "research_to_sale_ratio": null,
            "price_fair": 42.56,
            "eps_avg_yearly": 1.22,
            "eps_latest_yearly": 1.12,
            "eps_growth_yearly": 81.04
        },
        "20074": {
            "year_quarter": 20074,
            "year": 2007,
            "quarter": 4,
            "eps": 0.24,
            "eps_growth_year": null,
            "eps_4q": 0.65,
            "eps_4q_growth_year": null,
            "roe": 1.37,
            "roe_4q": 3.86,
            "gross_profit": 58913,
            "gross_margin": 10.23,
            "gross_margin_4q_avg": 10.66,
            "net_income": 17278,
            "net_income_4q": null,
            "revenue": 576050,
            "revenue_4q": null,
            "common_shares": 712183,
            "book_valuer_per_share": 17.49,
            "book_valuer_per_share_4q_avg": 16.81,
            "equity": 1309310,
            "current_ratio": 168.56,
            "debt_ratio": 55.61,
            "inventory_turnover_ratio": 1.23,
            "account_receivable_turnover_ratio": null,
            "reinvestment_rate": 990.27,
            "research_to_sale_ratio": null,
            "price_fair": 42.28,
            "eps_avg_yearly": 1.21,
            "eps_latest_yearly": 0.96,
            "eps_growth_yearly": 53.69
        },
        "20081": {
            "year_quarter": 20081,
            "year": 2008,
            "quarter": 1,
            "eps": 0.2,
            "eps_growth_year": null,
            "eps_4q": 1.02,
            "eps_4q_growth_year": null,
            "roe": 1.04,
            "roe_4q": 5.58,
            "gross_profit": 110566,
            "gross_margin": 17.35,
            "gross_margin_4q_avg": 12.01,
            "net_income": 13599,
            "net_income_4q": null,
            "revenue": 637338,
            "revenue_4q": null,
            "common_shares": 712183,
            "book_valuer_per_share": 17.52,
            "book_valuer_per_share_4q_avg": 17.09,
            "equity": 1310825,
            "current_ratio": 167.18,
            "debt_ratio": 56.17,
            "inventory_turnover_ratio": 0.92,
            "account_receivable_turnover_ratio": null,
            "reinvestment_rate": 1250.75,
            "research_to_sale_ratio": null,
            "price_fair": 12.81,
            "eps_avg_yearly": 1.07,
            "eps_latest_yearly": 0.8,
            "eps_growth_yearly": 1.95
        },
        "20082": {
            "year_quarter": 20082,
            "year": 2008,
            "quarter": 2,
            "eps": 0.24,
            "eps_growth_year": null,
            "eps_4q": 1.17,
            "eps_4q_growth_year": null,
            "roe": 1.43,
            "roe_4q": 7.5,
            "gross_profit": 116885,
            "gross_margin": 20.13,
            "gross_margin_4q_avg": 14.96,
            "net_income": 18920,
            "net_income_4q": null,
            "revenue": 580556,
            "revenue_4q": null,
            "common_shares": 712183,
            "book_valuer_per_share": 17.84,
            "book_valuer_per_share_4q_avg": 17.46,
            "equity": 1334307,
            "current_ratio": 149.84,
            "debt_ratio": 55.65,
            "inventory_turnover_ratio": 0.71,
            "account_receivable_turnover_ratio": null,
            "reinvestment_rate": 1398.67,
            "research_to_sale_ratio": null,
            "price_fair": 22.5,
            "eps_avg_yearly": 0.95,
            "eps_latest_yearly": 0.96,
            "eps_growth_yearly": 13.63
        },
        "20083": {
            "year_quarter": 20083,
            "year": 2008,
            "quarter": 3,
            "eps": 0.25,
            "eps_growth_year": -59.02,
            "eps_4q": 0.96,
            "eps_4q_growth_year": 1136.9,
            "roe": 1.31,
            "roe_4q": 5.15,
            "gross_profit": 112844,
            "gross_margin": 19.45,
            "gross_margin_4q_avg": 16.79,
            "net_income": 17727,
            "net_income_4q": null,
            "revenue": 580039,
            "revenue_4q": null,
            "common_shares": 740671,
            "book_valuer_per_share": 17.74,
            "book_valuer_per_share_4q_avg": 17.65,
            "equity": 1379232,
            "current_ratio": 122.13,
            "debt_ratio": 56.29,
            "inventory_turnover_ratio": 0.64,
            "account_receivable_turnover_ratio": null,
            "reinvestment_rate": 1302.85,
            "research_to_sale_ratio": null,
            "price_fair": 33.88,
            "eps_avg_yearly": 0.97,
            "eps_latest_yearly": 1,
            "eps_growth_yearly": 49.78
        },
        "20084": {
            "year_quarter": 20084,
            "year": 2008,
            "quarter": 4,
            "eps": -0.67,
            "eps_growth_year": -379.17,
            "eps_4q": 0.14,
            "eps_4q_growth_year": -78.82,
            "roe": -3.61,
            "roe_4q": 0.17000000000000015,
            "gross_profit": 34311,
            "gross_margin": 9.82,
            "gross_margin_4q_avg": 16.69,
            "net_income": -49351,
            "net_income_4q": null,
            "revenue": 349564,
            "revenue_4q": null,
            "common_shares": 740671,
            "book_valuer_per_share": 17.35,
            "book_valuer_per_share_4q_avg": 17.61,
            "equity": 1355717,
            "current_ratio": 120.91,
            "debt_ratio": 54.4,
            "inventory_turnover_ratio": 0.42,
            "account_receivable_turnover_ratio": 1.12,
            "reinvestment_rate": 381347.55,
            "research_to_sale_ratio": null,
            "price_fair": 33.88,
            "eps_avg_yearly": 0.97,
            "eps_latest_yearly": 1,
            "eps_growth_yearly": 49.78
        },
        "20091": {
            "year_quarter": 20091,
            "year": 2009,
            "quarter": 1,
            "eps": -0.32,
            "eps_growth_year": -260,
            "eps_4q": -0.47,
            "eps_4q_growth_year": -146.01,
            "roe": -2,
            "roe_4q": -2.869999999999999,
            "gross_profit": 32696,
            "gross_margin": 11.16,
            "gross_margin_4q_avg": 15.14,
            "net_income": -27183,
            "net_income_4q": null,
            "revenue": 292922,
            "revenue_4q": null,
            "common_shares": 740671,
            "book_valuer_per_share": 17.37,
            "book_valuer_per_share_4q_avg": 17.58,
            "equity": 1355756,
            "current_ratio": 123.39,
            "debt_ratio": 53.49,
            "inventory_turnover_ratio": 0.36,
            "account_receivable_turnover_ratio": 0.48,
            "reinvestment_rate": null,
            "research_to_sale_ratio": null,
            "price_fair": 33.88,
            "eps_avg_yearly": 0.97,
            "eps_latest_yearly": 1,
            "eps_growth_yearly": 49.78
        },
        "20092": {
            "year_quarter": 20092,
            "year": 2009,
            "quarter": 2,
            "eps": -0.06,
            "eps_growth_year": -125,
            "eps_4q": -0.77,
            "eps_4q_growth_year": -165.26,
            "roe": -0.51,
            "roe_4q": -4.809999999999999,
            "gross_profit": 60615,
            "gross_margin": 18.4,
            "gross_margin_4q_avg": 14.71,
            "net_income": -6773,
            "net_income_4q": null,
            "revenue": 329518,
            "revenue_4q": null,
            "common_shares": 740671,
            "book_valuer_per_share": 17,
            "book_valuer_per_share_4q_avg": 17.37,
            "equity": 1324366,
            "current_ratio": 124.68,
            "debt_ratio": 51.93,
            "inventory_turnover_ratio": 0.38,
            "account_receivable_turnover_ratio": 0.59,
            "reinvestment_rate": null,
            "research_to_sale_ratio": null,
            "price_fair": 33.88,
            "eps_avg_yearly": 0.97,
            "eps_latest_yearly": 1,
            "eps_growth_yearly": 49.78
        },
        "20093": {
            "year_quarter": 20093,
            "year": 2009,
            "quarter": 3,
            "eps": 0.29,
            "eps_growth_year": 16,
            "eps_4q": -0.69,
            "eps_4q_growth_year": -171.64,
            "roe": 1.7,
            "roe_4q": -4.42,
            "gross_profit": 108666,
            "gross_margin": 21.81,
            "gross_margin_4q_avg": 15.3,
            "net_income": 22467,
            "net_income_4q": null,
            "revenue": 498183,
            "revenue_4q": null,
            "common_shares": 777505,
            "book_valuer_per_share": 16.14,
            "book_valuer_per_share_4q_avg": 16.97,
            "equity": 1323431,
            "current_ratio": 125.04,
            "debt_ratio": 53.01,
            "inventory_turnover_ratio": 0.59,
            "account_receivable_turnover_ratio": 0.9,
            "reinvestment_rate": null,
            "research_to_sale_ratio": null,
            "price_fair": 2.79,
            "eps_avg_yearly": 0.93,
            "eps_latest_yearly": 1,
            "eps_growth_yearly": -53.16
        },
        "20094": {
            "year_quarter": 20094,
            "year": 2009,
            "quarter": 4,
            "eps": 0.08,
            "eps_growth_year": null,
            "eps_4q": 0.01,
            "eps_4q_growth_year": -92.93,
            "roe": 0.49,
            "roe_4q": -0.32000000000000006,
            "gross_profit": 112209,
            "gross_margin": 16.98,
            "gross_margin_4q_avg": 17.09,
            "net_income": 6520,
            "net_income_4q": null,
            "revenue": 660878,
            "revenue_4q": null,
            "common_shares": 777505,
            "book_valuer_per_share": 16.4,
            "book_valuer_per_share_4q_avg": 16.73,
            "equity": 1339306,
            "current_ratio": 123.55,
            "debt_ratio": 56.76,
            "inventory_turnover_ratio": 0.91,
            "account_receivable_turnover_ratio": 1.7,
            "reinvestment_rate": null,
            "research_to_sale_ratio": null,
            "price_fair": 2.42,
            "eps_avg_yearly": 0.81,
            "eps_latest_yearly": 0.32,
            "eps_growth_yearly": -100.46
        },
        "20101": {
            "year_quarter": 20101,
            "year": 2010,
            "quarter": 1,
            "eps": 0.82,
            "eps_growth_year": null,
            "eps_4q": 1.13,
            "eps_4q_growth_year": null,
            "roe": 4.85,
            "roe_4q": 6.53,
            "gross_profit": 173490,
            "gross_margin": 28.02,
            "gross_margin_4q_avg": 21.3,
            "net_income": 66153,
            "net_income_4q": null,
            "revenue": 619071,
            "revenue_4q": null,
            "common_shares": 777505,
            "book_valuer_per_share": 17.09,
            "book_valuer_per_share_4q_avg": 16.66,
            "equity": 1389062,
            "current_ratio": 180.2,
            "debt_ratio": 56.52,
            "inventory_turnover_ratio": 0.7,
            "account_receivable_turnover_ratio": 0.75,
            "reinvestment_rate": 943.67,
            "research_to_sale_ratio": 1.2,
            "price_fair": 42.7,
            "eps_avg_yearly": 1.22,
            "eps_latest_yearly": 3.28,
            "eps_growth_yearly": 532.95
        },
        "20102": {
            "year_quarter": 20102,
            "year": 2010,
            "quarter": 2,
            "eps": 0.78,
            "eps_growth_year": null,
            "eps_4q": 1.89,
            "eps_4q_growth_year": null,
            "roe": 4.89,
            "roe_4q": 11.929999999999998,
            "gross_profit": 178058,
            "gross_margin": 22.64,
            "gross_margin_4q_avg": 22.36,
            "net_income": 69824,
            "net_income_4q": null,
            "revenue": 786319,
            "revenue_4q": null,
            "common_shares": 777505,
            "book_valuer_per_share": 18.04,
            "book_valuer_per_share_4q_avg": 16.92,
            "equity": 1469089,
            "current_ratio": 184.53,
            "debt_ratio": 59.05,
            "inventory_turnover_ratio": 0.85,
            "account_receivable_turnover_ratio": 0.84,
            "reinvestment_rate": 397.57,
            "research_to_sale_ratio": 1.02,
            "price_fair": 52.2,
            "eps_avg_yearly": 1.49,
            "eps_latest_yearly": 3.12,
            "eps_growth_yearly": 454.03
        },
        "20103": {
            "year_quarter": 20103,
            "year": 2010,
            "quarter": 3,
            "eps": 0.48,
            "eps_growth_year": 66.5,
            "eps_4q": 2.1,
            "eps_4q_growth_year": null,
            "roe": 2.77,
            "roe_4q": 13,
            "gross_profit": 168103,
            "gross_margin": 24.15,
            "gross_margin_4q_avg": 22.95,
            "net_income": 41103,
            "net_income_4q": null,
            "revenue": 696149,
            "revenue_4q": null,
            "common_shares": 831650,
            "book_valuer_per_share": 17.25,
            "book_valuer_per_share_4q_avg": 17.2,
            "equity": 1499552,
            "current_ratio": 181.29,
            "debt_ratio": 59.91,
            "inventory_turnover_ratio": 0.66,
            "account_receivable_turnover_ratio": 0.68,
            "reinvestment_rate": 148.88,
            "research_to_sale_ratio": 1.39,
            "price_fair": 54.08,
            "eps_avg_yearly": 1.55,
            "eps_latest_yearly": 1.92,
            "eps_growth_yearly": 378.05
        },
        "20104": {
            "year_quarter": 20104,
            "year": 2010,
            "quarter": 4,
            "eps": -0.03,
            "eps_growth_year": -141.74,
            "eps_4q": 1.99,
            "eps_4q_growth_year": 20281.59,
            "roe": -0.43,
            "roe_4q": 12.079999999999998,
            "gross_profit": 144504,
            "gross_margin": 18.93,
            "gross_margin_4q_avg": 23.44,
            "net_income": -6375,
            "net_income_4q": null,
            "revenue": 763370,
            "revenue_4q": null,
            "common_shares": 831650,
            "book_valuer_per_share": 16.56,
            "book_valuer_per_share_4q_avg": 17.24,
            "equity": 1444817,
            "current_ratio": 182.21,
            "debt_ratio": 61.41,
            "inventory_turnover_ratio": 0.72,
            "account_receivable_turnover_ratio": 0.76,
            "reinvestment_rate": 53.34,
            "research_to_sale_ratio": 1.34,
            "price_fair": 54.08,
            "eps_avg_yearly": 1.55,
            "eps_latest_yearly": 1.92,
            "eps_growth_yearly": 378.05
        },
        "20111": {
            "year_quarter": 20111,
            "year": 2011,
            "quarter": 1,
            "eps": 0.43,
            "eps_growth_year": -47.56,
            "eps_4q": 1.66,
            "eps_4q_growth_year": 47.05,
            "roe": 2.76,
            "roe_4q": 9.989999999999998,
            "gross_profit": 162344,
            "gross_margin": 23.02,
            "gross_margin_4q_avg": 22.19,
            "net_income": 40632,
            "net_income_4q": null,
            "revenue": 705306,
            "revenue_4q": null,
            "common_shares": 831650,
            "book_valuer_per_share": 17.1,
            "book_valuer_per_share_4q_avg": 17.24,
            "equity": 1495115,
            "current_ratio": 181.77,
            "debt_ratio": 61.89,
            "inventory_turnover_ratio": 0.59,
            "account_receivable_turnover_ratio": 0.73,
            "reinvestment_rate": 151.59,
            "research_to_sale_ratio": 0.97,
            "price_fair": 54.08,
            "eps_avg_yearly": 1.55,
            "eps_latest_yearly": 1.92,
            "eps_growth_yearly": 378.05
        },
        "20112": {
            "year_quarter": 20112,
            "year": 2011,
            "quarter": 2,
            "eps": 0.36,
            "eps_growth_year": -53.75,
            "eps_4q": 1.18,
            "eps_4q_growth_year": -37.86,
            "roe": 2.22,
            "roe_4q": 7.32,
            "gross_profit": 177492,
            "gross_margin": 20.33,
            "gross_margin_4q_avg": 21.61,
            "net_income": 32499,
            "net_income_4q": null,
            "revenue": 872973,
            "revenue_4q": null,
            "common_shares": 831650,
            "book_valuer_per_share": 16.46,
            "book_valuer_per_share_4q_avg": 16.84,
            "equity": 1435843,
            "current_ratio": 176.19,
            "debt_ratio": 62.92,
            "inventory_turnover_ratio": 0.74,
            "account_receivable_turnover_ratio": 0.85,
            "reinvestment_rate": 500.84,
            "research_to_sale_ratio": 0.83,
            "price_fair": 53.67,
            "eps_avg_yearly": 1.53,
            "eps_latest_yearly": 1.44,
            "eps_growth_yearly": 328.81
        },
        "20113": {
            "year_quarter": 20113,
            "year": 2011,
            "quarter": 3,
            "eps": 0.36,
            "eps_growth_year": -26.28,
            "eps_4q": 0.97,
            "eps_4q_growth_year": -53.56,
            "roe": 2.36,
            "roe_4q": 6.91,
            "gross_profit": 158337,
            "gross_margin": 23.24,
            "gross_margin_4q_avg": 21.38,
            "net_income": 38311,
            "net_income_4q": null,
            "revenue": 681436,
            "revenue_4q": null,
            "common_shares": 996650,
            "book_valuer_per_share": 17.46,
            "book_valuer_per_share_4q_avg": 16.9,
            "equity": 1810828,
            "current_ratio": 183.5,
            "debt_ratio": 55.37,
            "inventory_turnover_ratio": 0.55,
            "account_receivable_turnover_ratio": 0.62,
            "reinvestment_rate": 540.77,
            "research_to_sale_ratio": 1.16,
            "price_fair": 53.34,
            "eps_avg_yearly": 1.52,
            "eps_latest_yearly": 1.44,
            "eps_growth_yearly": 295.92
        },
        "20114": {
            "year_quarter": 20114,
            "year": 2011,
            "quarter": 4,
            "eps": 0.22,
            "eps_growth_year": null,
            "eps_4q": 1.22,
            "eps_4q_growth_year": -38.39,
            "roe": 1.49,
            "roe_4q": 8.83,
            "gross_profit": 192022,
            "gross_margin": 21.61,
            "gross_margin_4q_avg": 22.05,
            "net_income": 27028,
            "net_income_4q": null,
            "revenue": 888449,
            "revenue_4q": null,
            "common_shares": 1066415,
            "book_valuer_per_share": 16.35,
            "book_valuer_per_share_4q_avg": 16.84,
            "equity": 1817863,
            "current_ratio": 214.54,
            "debt_ratio": 55.23,
            "inventory_turnover_ratio": 0.72,
            "account_receivable_turnover_ratio": 0.77,
            "reinvestment_rate": 458.16,
            "research_to_sale_ratio": 1.1,
            "price_fair": 53.06,
            "eps_avg_yearly": 1.52,
            "eps_latest_yearly": 0.88,
            "eps_growth_yearly": 304.63
        },
        "20121": {
            "year_quarter": 20121,
            "year": 2012,
            "quarter": 1,
            "eps": 0.1,
            "eps_growth_year": -76.74,
            "eps_4q": 0.98,
            "eps_4q_growth_year": -40.82,
            "roe": 0.56,
            "roe_4q": 6.630000000000001,
            "gross_profit": 136364,
            "gross_margin": 22.96,
            "gross_margin_4q_avg": 22.04,
            "net_income": 10152,
            "net_income_4q": null,
            "revenue": 594032,
            "revenue_4q": null,
            "common_shares": 1066415,
            "book_valuer_per_share": 16.27,
            "book_valuer_per_share_4q_avg": 16.64,
            "equity": 1809392,
            "current_ratio": 199.25,
            "debt_ratio": 58.45,
            "inventory_turnover_ratio": 0.46,
            "account_receivable_turnover_ratio": 0.5,
            "reinvestment_rate": 466.75,
            "research_to_sale_ratio": 1.75,
            "price_fair": 51.66,
            "eps_avg_yearly": 1.48,
            "eps_latest_yearly": 0.4,
            "eps_growth_yearly": 289.48
        },
        "20122": {
            "year_quarter": 20122,
            "year": 2012,
            "quarter": 2,
            "eps": 0.21,
            "eps_growth_year": -42.09,
            "eps_4q": 0.86,
            "eps_4q_growth_year": -27.24,
            "roe": 1.16,
            "roe_4q": 5.57,
            "gross_profit": 190777,
            "gross_margin": 25.05,
            "gross_margin_4q_avg": 23.22,
            "net_income": 20872,
            "net_income_4q": null,
            "revenue": 761664,
            "revenue_4q": null,
            "common_shares": 1066415,
            "book_valuer_per_share": 16.13,
            "book_valuer_per_share_4q_avg": 16.55,
            "equity": 1783646,
            "current_ratio": 180.36,
            "debt_ratio": 61.16,
            "inventory_turnover_ratio": 0.53,
            "account_receivable_turnover_ratio": 0.66,
            "reinvestment_rate": 84.6,
            "research_to_sale_ratio": 1.54,
            "price_fair": 51.24,
            "eps_avg_yearly": 1.46,
            "eps_latest_yearly": 0.84,
            "eps_growth_yearly": 325.48
        },
        "20123": {
            "year_quarter": 20123,
            "year": 2012,
            "quarter": 3,
            "eps": 0.15,
            "eps_growth_year": -57.8,
            "eps_4q": 0.67,
            "eps_4q_growth_year": -31.46,
            "roe": 1,
            "roe_4q": 4.21,
            "gross_profit": 157376,
            "gross_margin": 23.47,
            "gross_margin_4q_avg": 23.27,
            "net_income": 17711,
            "net_income_4q": null,
            "revenue": 670430,
            "revenue_4q": null,
            "common_shares": 1119736,
            "book_valuer_per_share": 15.31,
            "book_valuer_per_share_4q_avg": 16.02,
            "equity": 1774123,
            "current_ratio": 170.76,
            "debt_ratio": 60.38,
            "inventory_turnover_ratio": 0.47,
            "account_receivable_turnover_ratio": 0.61,
            "reinvestment_rate": 81.91,
            "research_to_sale_ratio": 1.69,
            "price_fair": 49.84,
            "eps_avg_yearly": 1.42,
            "eps_latest_yearly": 0.6,
            "eps_growth_yearly": 312.38
        },
        "20124": {
            "year_quarter": 20124,
            "year": 2012,
            "quarter": 4,
            "eps": -0.12,
            "eps_growth_year": -153.66,
            "eps_4q": 0.33,
            "eps_4q_growth_year": -72.84,
            "roe": -0.92,
            "roe_4q": 1.7999999999999998,
            "gross_profit": 134916,
            "gross_margin": 19.67,
            "gross_margin_4q_avg": 22.79,
            "net_income": -16140,
            "net_income_4q": null,
            "revenue": 685939,
            "revenue_4q": null,
            "common_shares": 1119736,
            "book_valuer_per_share": 15.12,
            "book_valuer_per_share_4q_avg": 15.71,
            "equity": 1745815,
            "current_ratio": 176.25,
            "debt_ratio": 58.93,
            "inventory_turnover_ratio": 0.51,
            "account_receivable_turnover_ratio": 0.66,
            "reinvestment_rate": 67.53,
            "research_to_sale_ratio": 1.77,
            "price_fair": 49.84,
            "eps_avg_yearly": 1.42,
            "eps_latest_yearly": 0.6,
            "eps_growth_yearly": 312.38
        },
        "20131": {
            "year_quarter": 20131,
            "year": 2013,
            "quarter": 1,
            "eps": 0.09,
            "eps_growth_year": -10,
            "eps_4q": 0.33,
            "eps_4q_growth_year": -66.74,
            "roe": 0.57,
            "roe_4q": 1.8099999999999998,
            "gross_profit": 128205,
            "gross_margin": 21.66,
            "gross_margin_4q_avg": 22.46,
            "net_income": 10046,
            "net_income_4q": null,
            "revenue": 591879,
            "revenue_4q": null,
            "common_shares": 1115236,
            "book_valuer_per_share": 15.41,
            "book_valuer_per_share_4q_avg": 15.49,
            "equity": 1780186,
            "current_ratio": 172.3,
            "debt_ratio": 59.59,
            "inventory_turnover_ratio": 0.44,
            "account_receivable_turnover_ratio": 0.6,
            "reinvestment_rate": 51.58,
            "research_to_sale_ratio": 1.66,
            "price_fair": 49.84,
            "eps_avg_yearly": 1.42,
            "eps_latest_yearly": 0.6,
            "eps_growth_yearly": 312.38
        },
        "20132": {
            "year_quarter": 20132,
            "year": 2013,
            "quarter": 2,
            "eps": 0.09,
            "eps_growth_year": -57,
            "eps_4q": 0.21,
            "eps_4q_growth_year": -75.98,
            "roe": 0.45,
            "roe_4q": 1.1,
            "gross_profit": 166944,
            "gross_margin": 23.52,
            "gross_margin_4q_avg": 22.08,
            "net_income": 7986,
            "net_income_4q": null,
            "revenue": 709670,
            "revenue_4q": null,
            "common_shares": 1115236,
            "book_valuer_per_share": 15.53,
            "book_valuer_per_share_4q_avg": 15.34,
            "equity": 1800497,
            "current_ratio": 170.65,
            "debt_ratio": 58.88,
            "inventory_turnover_ratio": 0.51,
            "account_receivable_turnover_ratio": 0.74,
            "reinvestment_rate": 58.51,
            "research_to_sale_ratio": 1.68,
            "price_fair": 46.45,
            "eps_avg_yearly": 1.33,
            "eps_latest_yearly": 0.36,
            "eps_growth_yearly": 283.99
        },
        "20133": {
            "year_quarter": 20133,
            "year": 2013,
            "quarter": 3,
            "eps": 0.31,
            "eps_growth_year": 106.38,
            "eps_4q": 0.37,
            "eps_4q_growth_year": -45.03,
            "roe": 1.96,
            "roe_4q": 2.06,
            "gross_profit": 148811,
            "gross_margin": 21.04,
            "gross_margin_4q_avg": 21.47,
            "net_income": 35603,
            "net_income_4q": null,
            "revenue": 707273,
            "revenue_4q": null,
            "common_shares": 1148693,
            "book_valuer_per_share": 15.31,
            "book_valuer_per_share_4q_avg": 15.34,
            "equity": 1827006,
            "current_ratio": 170.72,
            "debt_ratio": 58.12,
            "inventory_turnover_ratio": 0.52,
            "account_receivable_turnover_ratio": 0.74,
            "reinvestment_rate": 59.04,
            "research_to_sale_ratio": 1.68,
            "price_fair": 46.2,
            "eps_avg_yearly": 1.32,
            "eps_latest_yearly": 1.24,
            "eps_growth_yearly": 341.8
        },
        "20134": {
            "year_quarter": 20134,
            "year": 2013,
            "quarter": 4,
            "eps": -0.04,
            "eps_growth_year": null,
            "eps_4q": 0.44,
            "eps_4q_growth_year": 32.13,
            "roe": -0.27,
            "roe_4q": 2.71,
            "gross_profit": 130406,
            "gross_margin": 19.32,
            "gross_margin_4q_avg": 21.39,
            "net_income": -4922,
            "net_income_4q": null,
            "revenue": 674809,
            "revenue_4q": null,
            "common_shares": 1148693,
            "book_valuer_per_share": 15.43,
            "book_valuer_per_share_4q_avg": 15.42,
            "equity": 1841923,
            "current_ratio": 182.11,
            "debt_ratio": 56.97,
            "inventory_turnover_ratio": 0.52,
            "account_receivable_turnover_ratio": 0.71,
            "reinvestment_rate": 60,
            "research_to_sale_ratio": 2.23,
            "price_fair": 49.38,
            "eps_avg_yearly": 1.41,
            "eps_latest_yearly": 1.24,
            "eps_growth_yearly": 399.21
        },
        "20141": {
            "year_quarter": 20141,
            "year": 2014,
            "quarter": 1,
            "eps": 0.02,
            "eps_growth_year": -77.78,
            "eps_4q": 0.37,
            "eps_4q_growth_year": 14.43,
            "roe": 0.23,
            "roe_4q": 2.37,
            "gross_profit": 136173,
            "gross_margin": 23.44,
            "gross_margin_4q_avg": 21.83,
            "net_income": 4216,
            "net_income_4q": null,
            "revenue": 580919,
            "revenue_4q": null,
            "common_shares": 1148693,
            "book_valuer_per_share": 15.43,
            "book_valuer_per_share_4q_avg": 15.43,
            "equity": 1843992,
            "current_ratio": 173.51,
            "debt_ratio": 57.94,
            "inventory_turnover_ratio": 0.42,
            "account_receivable_turnover_ratio": 0.6,
            "reinvestment_rate": 69.27,
            "research_to_sale_ratio": 2.67,
            "price_fair": 42.84,
            "eps_avg_yearly": 1.22,
            "eps_latest_yearly": 1.24,
            "eps_growth_yearly": 69.13
        },
        "20142": {
            "year_quarter": 20142,
            "year": 2014,
            "quarter": 2,
            "eps": 0.01,
            "eps_growth_year": -88.89,
            "eps_4q": 0.29,
            "eps_4q_growth_year": 39.47,
            "roe": 0.1,
            "roe_4q": 2.02,
            "gross_profit": 140910,
            "gross_margin": 18.94,
            "gross_margin_4q_avg": 20.69,
            "net_income": 1846,
            "net_income_4q": null,
            "revenue": 743884,
            "revenue_4q": null,
            "common_shares": 1148693,
            "book_valuer_per_share": 15.1,
            "book_valuer_per_share_4q_avg": 15.32,
            "equity": 1805077,
            "current_ratio": 162.38,
            "debt_ratio": 59.5,
            "inventory_turnover_ratio": 0.54,
            "account_receivable_turnover_ratio": 0.7,
            "reinvestment_rate": 78.12,
            "research_to_sale_ratio": 1.74,
            "price_fair": 32.06,
            "eps_avg_yearly": 0.92,
            "eps_latest_yearly": 0.04,
            "eps_growth_yearly": 51.08
        },
        "20143": {
            "year_quarter": 20143,
            "year": 2014,
            "quarter": 3,
            "eps": 0.3,
            "eps_growth_year": -3.23,
            "eps_4q": 0.29,
            "eps_4q_growth_year": -20.09,
            "roe": 2.11,
            "roe_4q": 2.17,
            "gross_profit": 186959,
            "gross_margin": 24.9,
            "gross_margin_4q_avg": 21.65,
            "net_income": 38783,
            "net_income_4q": null,
            "revenue": 750909,
            "revenue_4q": null,
            "common_shares": 1171667,
            "book_valuer_per_share": 15.31,
            "book_valuer_per_share_4q_avg": 15.32,
            "equity": 1869218,
            "current_ratio": 160.6,
            "debt_ratio": 59.26,
            "inventory_turnover_ratio": 0.49,
            "account_receivable_turnover_ratio": 0.65,
            "reinvestment_rate": 71.7,
            "research_to_sale_ratio": 1.81,
            "price_fair": 29.54,
            "eps_avg_yearly": 0.84,
            "eps_latest_yearly": 1.2,
            "eps_growth_yearly": 1226.46
        },
        "20144": {
            "year_quarter": 20144,
            "year": 2014,
            "quarter": 4,
            "eps": 0.37,
            "eps_growth_year": null,
            "eps_4q": 0.7,
            "eps_4q_growth_year": 59.88,
            "roe": 2.4,
            "roe_4q": 4.84,
            "gross_profit": 237289,
            "gross_margin": 27.43,
            "gross_margin_4q_avg": 23.68,
            "net_income": 45817,
            "net_income_4q": null,
            "revenue": 864930,
            "revenue_4q": null,
            "common_shares": 1171667,
            "book_valuer_per_share": 15.98,
            "book_valuer_per_share_4q_avg": 15.46,
            "equity": 1952922,
            "current_ratio": 144.82,
            "debt_ratio": 56.47,
            "inventory_turnover_ratio": 0.54,
            "account_receivable_turnover_ratio": 0.73,
            "reinvestment_rate": 45.62,
            "research_to_sale_ratio": 2.75,
            "price_fair": 31.56,
            "eps_avg_yearly": 0.9,
            "eps_latest_yearly": 1.48,
            "eps_growth_yearly": 1123.45
        },
        "20151": {
            "year_quarter": 20151,
            "year": 2015,
            "quarter": 1,
            "eps": 0.17,
            "eps_growth_year": 750,
            "eps_4q": 0.85,
            "eps_4q_growth_year": 128.35,
            "roe": 1.2,
            "roe_4q": 5.809999999999999,
            "gross_profit": 158565,
            "gross_margin": 22.62,
            "gross_margin_4q_avg": 23.47,
            "net_income": 23599,
            "net_income_4q": null,
            "revenue": 700907,
            "revenue_4q": null,
            "common_shares": 1171667,
            "book_valuer_per_share": 16.05,
            "book_valuer_per_share_4q_avg": 15.61,
            "equity": 1965755,
            "current_ratio": 212.47,
            "debt_ratio": 54.2,
            "inventory_turnover_ratio": 0.49,
            "account_receivable_turnover_ratio": 0.6,
            "reinvestment_rate": 19.13,
            "research_to_sale_ratio": 1.88,
            "price_fair": 30.92,
            "eps_avg_yearly": 0.88,
            "eps_latest_yearly": 0.68,
            "eps_growth_yearly": 1011.81
        },
        "20152": {
            "year_quarter": 20152,
            "year": 2015,
            "quarter": 2,
            "eps": 0.05,
            "eps_growth_year": 400,
            "eps_4q": 0.88,
            "eps_4q_growth_year": 205.36,
            "roe": 0.53,
            "roe_4q": 6.24,
            "gross_profit": 166448,
            "gross_margin": 24.53,
            "gross_margin_4q_avg": 24.87,
            "net_income": 10269,
            "net_income_4q": null,
            "revenue": 678648,
            "revenue_4q": null,
            "common_shares": 1171667,
            "book_valuer_per_share": 15.66,
            "book_valuer_per_share_4q_avg": 15.75,
            "equity": 1923419,
            "current_ratio": 233.24,
            "debt_ratio": 56.39,
            "inventory_turnover_ratio": 0.49,
            "account_receivable_turnover_ratio": 0.59,
            "reinvestment_rate": -410.81,
            "research_to_sale_ratio": 2.19,
            "price_fair": 27.3,
            "eps_avg_yearly": 0.78,
            "eps_latest_yearly": 0.2,
            "eps_growth_yearly": 993.71
        },
        "20153": {
            "year_quarter": 20153,
            "year": 2015,
            "quarter": 3,
            "eps": 0.06,
            "eps_growth_year": -80,
            "eps_4q": 0.65,
            "eps_4q_growth_year": 122.93,
            "roe": 0.62,
            "roe_4q": 4.75,
            "gross_profit": 179436,
            "gross_margin": 25.38,
            "gross_margin_4q_avg": 24.99,
            "net_income": 12085,
            "net_income_4q": null,
            "revenue": 706861,
            "revenue_4q": null,
            "common_shares": 1195100,
            "book_valuer_per_share": 15.9,
            "book_valuer_per_share_4q_avg": 15.9,
            "equity": 1948304,
            "current_ratio": 228.36,
            "debt_ratio": 56.26,
            "inventory_turnover_ratio": 0.51,
            "account_receivable_turnover_ratio": 0.59,
            "reinvestment_rate": -510.93,
            "research_to_sale_ratio": 2.07,
            "price_fair": 23.8,
            "eps_avg_yearly": 0.68,
            "eps_latest_yearly": 0.24,
            "eps_growth_yearly": 1000.38
        },
        "20154": {
            "year_quarter": 20154,
            "year": 2015,
            "quarter": 4,
            "eps": -0.08,
            "eps_growth_year": -121.38,
            "eps_4q": 0.21,
            "eps_4q_growth_year": -70.55,
            "roe": -0.36,
            "roe_4q": 1.99,
            "gross_profit": 159849,
            "gross_margin": 23.11,
            "gross_margin_4q_avg": 23.91,
            "net_income": -6918,
            "net_income_4q": null,
            "revenue": 691551,
            "revenue_4q": null,
            "common_shares": 1195100,
            "book_valuer_per_share": 15.44,
            "book_valuer_per_share_4q_avg": 15.76,
            "equity": 1901004,
            "current_ratio": 251.09,
            "debt_ratio": 54.29,
            "inventory_turnover_ratio": 0.56,
            "account_receivable_turnover_ratio": 0.59,
            "reinvestment_rate": -664.57,
            "research_to_sale_ratio": 2.11,
            "price_fair": 23.16,
            "eps_avg_yearly": 0.66,
            "eps_latest_yearly": 0.24,
            "eps_growth_yearly": 1105.46
        },
        "20161": {
            "year_quarter": 20161,
            "year": 2016,
            "quarter": 1,
            "eps": 0.34,
            "eps_growth_year": 100,
            "eps_4q": 0.38,
            "eps_4q_growth_year": -55.51,
            "roe": 2.22,
            "roe_4q": 3.0100000000000007,
            "gross_profit": 156673,
            "gross_margin": 23.5,
            "gross_margin_4q_avg": 24.13,
            "net_income": 42633,
            "net_income_4q": null,
            "revenue": 666831,
            "revenue_4q": null,
            "common_shares": 1195100,
            "book_valuer_per_share": 15.74,
            "book_valuer_per_share_4q_avg": 15.69,
            "equity": 1937957,
            "current_ratio": 242.47,
            "debt_ratio": 54.2,
            "inventory_turnover_ratio": 0.57,
            "account_receivable_turnover_ratio": 0.62,
            "reinvestment_rate": -584.84,
            "research_to_sale_ratio": 1.96,
            "price_fair": 24.08,
            "eps_avg_yearly": 0.69,
            "eps_latest_yearly": 0.24,
            "eps_growth_yearly": 1237.83
        },
        "20162": {
            "year_quarter": 20162,
            "year": 2016,
            "quarter": 2,
            "eps": 0.23,
            "eps_growth_year": 360,
            "eps_4q": 0.54,
            "eps_4q_growth_year": -37.99,
            "roe": 1.61,
            "roe_4q": 4.09,
            "gross_profit": 184396,
            "gross_margin": 26.04,
            "gross_margin_4q_avg": 24.51,
            "net_income": 31009,
            "net_income_4q": null,
            "revenue": 708025,
            "revenue_4q": null,
            "common_shares": 1195100,
            "book_valuer_per_share": 15.61,
            "book_valuer_per_share_4q_avg": 15.67,
            "equity": 1924255,
            "current_ratio": 233.77,
            "debt_ratio": 54.44,
            "inventory_turnover_ratio": 0.61,
            "account_receivable_turnover_ratio": 0.7,
            "reinvestment_rate": -96.43,
            "research_to_sale_ratio": 1.95,
            "price_fair": 24.36,
            "eps_avg_yearly": 0.7,
            "eps_latest_yearly": 0.92,
            "eps_growth_yearly": 1180.88
        },
        "20163": {
            "year_quarter": 20163,
            "year": 2016,
            "quarter": 3,
            "eps": 0.13,
            "eps_growth_year": 116.67,
            "eps_4q": 0.61,
            "eps_4q_growth_year": -6.86,
            "roe": 0.96,
            "roe_4q": 4.430000000000001,
            "gross_profit": 152832,
            "gross_margin": 22.37,
            "gross_margin_4q_avg": 23.76,
            "net_income": 18365,
            "net_income_4q": null,
            "revenue": 683139,
            "revenue_4q": null,
            "common_shares": 1230113,
            "book_valuer_per_share": 14.98,
            "book_valuer_per_share_4q_avg": 15.44,
            "equity": 1903704,
            "current_ratio": 198.41,
            "debt_ratio": 54.31,
            "inventory_turnover_ratio": 0.65,
            "account_receivable_turnover_ratio": 0.68,
            "reinvestment_rate": -105.44,
            "research_to_sale_ratio": 2.2,
            "price_fair": 24.08,
            "eps_avg_yearly": 0.69,
            "eps_latest_yearly": 0.52,
            "eps_growth_yearly": 1174.92
        },
        "20164": {
            "year_quarter": 20164,
            "year": 2016,
            "quarter": 4,
            "eps": 0.22,
            "eps_growth_year": null,
            "eps_4q": 0.9,
            "eps_4q_growth_year": 336.53,
            "roe": 1.67,
            "roe_4q": 6.460000000000001,
            "gross_profit": 195605,
            "gross_margin": 24.89,
            "gross_margin_4q_avg": 24.2,
            "net_income": 31924,
            "net_income_4q": null,
            "revenue": 785938,
            "revenue_4q": null,
            "common_shares": 1230113,
            "book_valuer_per_share": 15.02,
            "book_valuer_per_share_4q_avg": 15.34,
            "equity": 1912408,
            "current_ratio": 180.97,
            "debt_ratio": 56.57,
            "inventory_turnover_ratio": 0.77,
            "account_receivable_turnover_ratio": 0.69,
            "reinvestment_rate": -70.5,
            "research_to_sale_ratio": 2.15,
            "price_fair": 24.69,
            "eps_avg_yearly": 0.71,
            "eps_latest_yearly": 0.88,
            "eps_growth_yearly": 1093.29
        },
        "20171": {
            "year_quarter": 20171,
            "year": 2017,
            "quarter": 1,
            "eps": 0.23,
            "eps_growth_year": -32.35,
            "eps_4q": 0.79,
            "eps_4q_growth_year": 109.16,
            "roe": 1.66,
            "roe_4q": 5.9,
            "gross_profit": 177624,
            "gross_margin": 26.32,
            "gross_margin_4q_avg": 24.91,
            "net_income": 31525,
            "net_income_4q": null,
            "revenue": 674836,
            "revenue_4q": null,
            "common_shares": 1230113,
            "book_valuer_per_share": 14.84,
            "book_valuer_per_share_4q_avg": 15.11,
            "equity": 1889926,
            "current_ratio": 172.78,
            "debt_ratio": 57.25,
            "inventory_turnover_ratio": 0.67,
            "account_receivable_turnover_ratio": 0.58,
            "reinvestment_rate": -57.03,
            "research_to_sale_ratio": 2.05,
            "price_fair": 25.32,
            "eps_avg_yearly": 0.72,
            "eps_latest_yearly": 0.92,
            "eps_growth_yearly": 1003.69
        },
        "20172": {
            "year_quarter": 20172,
            "year": 2017,
            "quarter": 2,
            "eps": 0.29,
            "eps_growth_year": 26.09,
            "eps_4q": 0.84,
            "eps_4q_growth_year": 54.57,
            "roe": 2.27,
            "roe_4q": 6.56,
            "gross_profit": 227585,
            "gross_margin": 28.6,
            "gross_margin_4q_avg": 25.55,
            "net_income": 43182,
            "net_income_4q": null,
            "revenue": 795738,
            "revenue_4q": null,
            "common_shares": 1233855,
            "book_valuer_per_share": 14.99,
            "book_valuer_per_share_4q_avg": 14.96,
            "equity": 1916990,
            "current_ratio": 178.71,
            "debt_ratio": 56.23,
            "inventory_turnover_ratio": 0.76,
            "account_receivable_turnover_ratio": 0.72,
            "reinvestment_rate": -59.65,
            "research_to_sale_ratio": 1.76,
            "price_fair": 27.65,
            "eps_avg_yearly": 0.79,
            "eps_latest_yearly": 1.16,
            "eps_growth_yearly": 1012.39
        },
        "20173": {
            "year_quarter": 20173,
            "year": 2017,
            "quarter": 3,
            "eps": 0.47,
            "eps_growth_year": 261.54,
            "eps_4q": 1.16,
            "eps_4q_growth_year": 89.82,
            "roe": 3.5,
            "roe_4q": 9.1,
            "gross_profit": 277015,
            "gross_margin": 28.83,
            "gross_margin_4q_avg": 27.16,
            "net_income": 69178,
            "net_income_4q": null,
            "revenue": 960847,
            "revenue_4q": null,
            "common_shares": 1281940,
            "book_valuer_per_share": 15.05,
            "book_valuer_per_share_4q_avg": 14.98,
            "equity": 2041028,
            "current_ratio": 175.18,
            "debt_ratio": 55.96,
            "inventory_turnover_ratio": 0.91,
            "account_receivable_turnover_ratio": 0.87,
            "reinvestment_rate": -42.78,
            "research_to_sale_ratio": 1.55,
            "price_fair": 29.52,
            "eps_avg_yearly": 0.84,
            "eps_latest_yearly": 1.88,
            "eps_growth_yearly": 951.6
        },
        "20174": {
            "year_quarter": 20174,
            "year": 2017,
            "quarter": 4,
            "eps": 0.31,
            "eps_growth_year": 42.18,
            "eps_4q": 1.21,
            "eps_4q_growth_year": 33.7,
            "roe": 2.37,
            "roe_4q": 9.8,
            "gross_profit": 255356,
            "gross_margin": 26.67,
            "gross_margin_4q_avg": 27.61,
            "net_income": 49991,
            "net_income_4q": null,
            "revenue": 957412,
            "revenue_4q": null,
            "common_shares": 1294370,
            "book_valuer_per_share": 15.89,
            "book_valuer_per_share_4q_avg": 15.19,
            "equity": 2175665,
            "current_ratio": 181.33,
            "debt_ratio": 54.15,
            "inventory_turnover_ratio": 0.95,
            "account_receivable_turnover_ratio": 0.87,
            "reinvestment_rate": -30.58,
            "research_to_sale_ratio": 1.76,
            "price_fair": 30.58,
            "eps_avg_yearly": 0.87,
            "eps_latest_yearly": 1.24,
            "eps_growth_yearly": 867.92
        },
        "20181": {
            "year_quarter": 20181,
            "year": 2018,
            "quarter": 1,
            "eps": 0.11,
            "eps_growth_year": -52.17,
            "eps_4q": 1.08,
            "eps_4q_growth_year": 35.81,
            "roe": 0.98,
            "roe_4q": 9.12,
            "gross_profit": 218640,
            "gross_margin": 28.59,
            "gross_margin_4q_avg": 28.17,
            "net_income": 21882,
            "net_income_4q": null,
            "revenue": 764732,
            "revenue_4q": null,
            "common_shares": 1373219,
            "book_valuer_per_share": 15.61,
            "book_valuer_per_share_4q_avg": 15.39,
            "equity": 2272771,
            "current_ratio": 176.96,
            "debt_ratio": 53.95,
            "inventory_turnover_ratio": 0.7,
            "account_receivable_turnover_ratio": 0.76,
            "reinvestment_rate": -11.59,
            "research_to_sale_ratio": 2.16,
            "price_fair": 29.5,
            "eps_avg_yearly": 0.84,
            "eps_latest_yearly": 0.44,
            "eps_growth_yearly": 787.5
        },
        "20182": {
            "year_quarter": 20182,
            "year": 2018,
            "quarter": 2,
            "eps": 0.28,
            "eps_growth_year": -3.45,
            "eps_4q": 1.07,
            "eps_4q_growth_year": 27.64,
            "roe": 2.13,
            "roe_4q": 8.98,
            "gross_profit": 268243,
            "gross_margin": 28.52,
            "gross_margin_4q_avg": 28.15,
            "net_income": 47865,
            "net_income_4q": null,
            "revenue": 940681,
            "revenue_4q": null,
            "common_shares": 1423219,
            "book_valuer_per_share": 14.67,
            "book_valuer_per_share_4q_avg": 15.31,
            "equity": 2231312,
            "current_ratio": 164.25,
            "debt_ratio": 57.18,
            "inventory_turnover_ratio": 0.74,
            "account_receivable_turnover_ratio": 1.03,
            "reinvestment_rate": 0.59,
            "research_to_sale_ratio": 2.44,
            "price_fair": 32.2,
            "eps_avg_yearly": 0.92,
            "eps_latest_yearly": 1.12,
            "eps_growth_yearly": 845.94
        },
        "20183": {
            "year_quarter": 20183,
            "year": 2018,
            "quarter": 3,
            "eps": 0.21,
            "eps_growth_year": -55.32,
            "eps_4q": 0.88,
            "eps_4q_growth_year": -24.24,
            "roe": 1.54,
            "roe_4q": 7.0200000000000005,
            "gross_profit": 231387,
            "gross_margin": 26.45,
            "gross_margin_4q_avg": 27.56,
            "net_income": 34275,
            "net_income_4q": null,
            "revenue": 874940,
            "revenue_4q": null,
            "common_shares": 1459560,
            "book_valuer_per_share": 14.22,
            "book_valuer_per_share_4q_avg": 15.1,
            "equity": 2231731,
            "current_ratio": 182.65,
            "debt_ratio": 55.78,
            "inventory_turnover_ratio": 0.64,
            "account_receivable_turnover_ratio": 0.9,
            "reinvestment_rate": 0.91,
            "research_to_sale_ratio": 2.15,
            "price_fair": 18.08,
            "eps_avg_yearly": 0.89,
            "eps_latest_yearly": 0.84,
            "eps_growth_yearly": 10.22
        },
        "20184": {
            "year_quarter": 20184,
            "year": 2018,
            "quarter": 4,
            "eps": 0.1,
            "eps_growth_year": -68.05,
            "eps_4q": 0.7,
            "eps_4q_growth_year": -42.36,
            "roe": 0.72,
            "roe_4q": 5.369999999999999,
            "gross_profit": 248688,
            "gross_margin": 28.05,
            "gross_margin_4q_avg": 27.9,
            "net_income": 16083,
            "net_income_4q": null,
            "revenue": 886435,
            "revenue_4q": null,
            "common_shares": 1465088,
            "book_valuer_per_share": 14.42,
            "book_valuer_per_share_4q_avg": 14.73,
            "equity": 2244081,
            "current_ratio": 183.1,
            "debt_ratio": 57.47,
            "inventory_turnover_ratio": 0.59,
            "account_receivable_turnover_ratio": 1.01,
            "reinvestment_rate": 48.38,
            "research_to_sale_ratio": 2.41,
            "price_fair": 2.45,
            "eps_avg_yearly": 0.82,
            "eps_latest_yearly": 0.4,
            "eps_growth_yearly": -11.41
        },
        "20191": {
            "year_quarter": 20191,
            "year": 2019,
            "quarter": 1,
            "eps": 0.12,
            "eps_growth_year": 9.09,
            "eps_4q": 0.71,
            "eps_4q_growth_year": -34.69,
            "roe": 0.7,
            "roe_4q": 5.09,
            "gross_profit": 218075,
            "gross_margin": 27.11,
            "gross_margin_4q_avg": 27.53,
            "net_income": 15832,
            "net_income_4q": null,
            "revenue": 804403,
            "revenue_4q": null,
            "common_shares": 1466964,
            "book_valuer_per_share": 14.76,
            "book_valuer_per_share_4q_avg": 14.52,
            "equity": 2299006,
            "current_ratio": 183.33,
            "debt_ratio": 56.92,
            "inventory_turnover_ratio": 0.54,
            "account_receivable_turnover_ratio": 1,
            "reinvestment_rate": 62.65,
            "research_to_sale_ratio": 2.46,
            "price_fair": 15.85,
            "eps_avg_yearly": 0.8,
            "eps_latest_yearly": 0.48,
            "eps_growth_yearly": 9.75
        },
        "20192": {
            "year_quarter": 20192,
            "year": 2019,
            "quarter": 2,
            "eps": 0.01,
            "eps_growth_year": -96.43,
            "eps_4q": 0.44,
            "eps_4q_growth_year": -59.31,
            "roe": -0.02,
            "roe_4q": 2.94,
            "gross_profit": 195553,
            "gross_margin": 23.93,
            "gross_margin_4q_avg": 26.39,
            "net_income": -380,
            "net_income_4q": null,
            "revenue": 817066,
            "revenue_4q": null,
            "common_shares": 1468247,
            "book_valuer_per_share": 14.21,
            "book_valuer_per_share_4q_avg": 14.4,
            "equity": 2248330,
            "current_ratio": 153.29,
            "debt_ratio": 59.75,
            "inventory_turnover_ratio": 0.59,
            "account_receivable_turnover_ratio": 0.94,
            "reinvestment_rate": 97.93,
            "research_to_sale_ratio": 2.16,
            "price_fair": 10.86,
            "eps_avg_yearly": 0.79,
            "eps_latest_yearly": 0.04,
            "eps_growth_yearly": 3.73
        },
        "20193": {
            "year_quarter": 20193,
            "year": 2019,
            "quarter": 3,
            "eps": -0.1,
            "eps_growth_year": -147.62,
            "eps_4q": 0.12,
            "eps_4q_growth_year": -86.69,
            "roe": -0.86,
            "roe_4q": 0.5399999999999999,
            "gross_profit": 170788,
            "gross_margin": 22.93,
            "gross_margin_4q_avg": 25.51,
            "net_income": -18972,
            "net_income_4q": null,
            "revenue": 744912,
            "revenue_4q": null,
            "common_shares": 1470419,
            "book_valuer_per_share": 13.72,
            "book_valuer_per_share_4q_avg": 14.28,
            "equity": 2178052,
            "current_ratio": 176.32,
            "debt_ratio": 60.25,
            "inventory_turnover_ratio": 0.52,
            "account_receivable_turnover_ratio": 0.88,
            "reinvestment_rate": 101.7,
            "research_to_sale_ratio": 2.72,
            "price_fair": 2.5,
            "eps_avg_yearly": 0.83,
            "eps_latest_yearly": 0.04,
            "eps_growth_yearly": -2.14
        },
        "20194": {
            "year_quarter": 20194,
            "year": 2019,
            "quarter": 4,
            "eps": 0.08,
            "eps_growth_year": -16.85,
            "eps_4q": 0.1,
            "eps_4q_growth_year": -85.58,
            "roe": 0.41,
            "roe_4q": 0.22999999999999993,
            "gross_profit": 237254,
            "gross_margin": 25.15,
            "gross_margin_4q_avg": 24.78,
            "net_income": 8779,
            "net_income_4q": null,
            "revenue": 943227,
            "revenue_4q": null,
            "common_shares": 1475665,
            "book_valuer_per_share": 13.55,
            "book_valuer_per_share_4q_avg": 14.06,
            "equity": 2144808,
            "current_ratio": 165.83,
            "debt_ratio": 60.96,
            "inventory_turnover_ratio": 0.61,
            "account_receivable_turnover_ratio": 1.12,
            "reinvestment_rate": 113.56,
            "research_to_sale_ratio": 2.2,
            "price_fair": 2.5,
            "eps_avg_yearly": 0.83,
            "eps_latest_yearly": 0.04,
            "eps_growth_yearly": -2.14
        },
        "20201": {
            "year_quarter": 20201,
            "year": 2020,
            "quarter": 1,
            "eps": -0.43,
            "eps_growth_year": -458.33,
            "eps_4q": -0.45,
            "eps_4q_growth_year": -163.13,
            "roe": -3.6,
            "roe_4q": -4.069999999999999,
            "gross_profit": 79816,
            "gross_margin": 14.97,
            "gross_margin_4q_avg": 21.75,
            "net_income": -75178,
            "net_income_4q": null,
            "revenue": 533152,
            "revenue_4q": null,
            "common_shares": 1476488,
            "book_valuer_per_share": 12.88,
            "book_valuer_per_share_4q_avg": 13.59,
            "equity": 2033036,
            "current_ratio": 168.06,
            "debt_ratio": 61.81,
            "inventory_turnover_ratio": 0.39,
            "account_receivable_turnover_ratio": 0.58,
            "reinvestment_rate": 128.34,
            "research_to_sale_ratio": 3.13,
            "price_fair": 2.5,
            "eps_avg_yearly": 0.83,
            "eps_latest_yearly": 0.04,
            "eps_growth_yearly": -2.14
        },
        "20202": {
            "year_quarter": 20202,
            "year": 2020,
            "quarter": 2,
            "eps": -0.02,
            "eps_growth_year": -300,
            "eps_4q": -0.47,
            "eps_4q_growth_year": -207.49,
            "roe": -0.26,
            "roe_4q": -4.3100000000000005,
            "gross_profit": 124531,
            "gross_margin": 20.05,
            "gross_margin_4q_avg": 20.78,
            "net_income": -5237,
            "net_income_4q": null,
            "revenue": 621128,
            "revenue_4q": null,
            "common_shares": 1487085,
            "book_valuer_per_share": 12.57,
            "book_valuer_per_share_4q_avg": 13.18,
            "equity": 2003407,
            "current_ratio": 204.08,
            "debt_ratio": 62.42,
            "inventory_turnover_ratio": 0.41,
            "account_receivable_turnover_ratio": 0.62,
            "reinvestment_rate": 147.13,
            "research_to_sale_ratio": 2.89,
            "price_fair": 15.26,
            "eps_avg_yearly": 0.83,
            "eps_latest_yearly": 0.04,
            "eps_growth_yearly": 8.46
        },
        "20203": {
            "year_quarter": 20203,
            "year": 2020,
            "quarter": 3,
            "eps": 0.41,
            "eps_growth_year": null,
            "eps_4q": 0.04,
            "eps_4q_growth_year": -66.26,
            "roe": 2.51,
            "roe_4q": -0.9400000000000002,
            "gross_profit": 247416,
            "gross_margin": 25.79,
            "gross_margin_4q_avg": 21.49,
            "net_income": 51530,
            "net_income_4q": null,
            "revenue": 959316,
            "revenue_4q": null,
            "common_shares": 1487085,
            "book_valuer_per_share": 13.31,
            "book_valuer_per_share_4q_avg": 13.08,
            "equity": 2108055,
            "current_ratio": 189.18,
            "debt_ratio": 62.84,
            "inventory_turnover_ratio": 0.59,
            "account_receivable_turnover_ratio": 0.9,
            "reinvestment_rate": 124.62,
            "research_to_sale_ratio": 1.95,
            "price_fair": 29.91,
            "eps_avg_yearly": 0.85,
            "eps_latest_yearly": 0.04,
            "eps_growth_yearly": 25.04
        },
        "20204": {
            "year_quarter": 20204,
            "year": 2020,
            "quarter": 4,
            "eps": 0.12,
            "eps_growth_year": 49.57,
            "eps_4q": 0.08,
            "eps_4q_growth_year": -19.43,
            "roe": 0.98,
            "roe_4q": -0.37000000000000055,
            "gross_profit": 232441,
            "gross_margin": 24.5,
            "gross_margin_4q_avg": 21.33,
            "net_income": 20919,
            "net_income_4q": null,
            "revenue": 948921,
            "revenue_4q": null,
            "common_shares": 1487085,
            "book_valuer_per_share": 13.68,
            "book_valuer_per_share_4q_avg": 13.11,
            "equity": 2172897,
            "current_ratio": 169.86,
            "debt_ratio": 64.08,
            "inventory_turnover_ratio": 0.58,
            "account_receivable_turnover_ratio": 0.85,
            "reinvestment_rate": 152.48,
            "research_to_sale_ratio": 2.23,
            "price_fair": 2.45,
            "eps_avg_yearly": 0.82,
            "eps_latest_yearly": 0.48,
            "eps_growth_yearly": -25.85
        },
        "20211": {
            "year_quarter": 20211,
            "year": 2021,
            "quarter": 1,
            "eps": 0.16,
            "eps_growth_year": null,
            "eps_4q": 0.67,
            "eps_4q_growth_year": null,
            "roe": 0.97,
            "roe_4q": 4.2,
            "gross_profit": 240304,
            "gross_margin": 24.87,
            "gross_margin_4q_avg": 23.8,
            "net_income": 21049,
            "net_income_4q": null,
            "revenue": 966063,
            "revenue_4q": null,
            "common_shares": 1487085,
            "book_valuer_per_share": 13.82,
            "book_valuer_per_share_4q_avg": 13.35,
            "equity": 2188632,
            "current_ratio": 163.07,
            "debt_ratio": 64.36,
            "inventory_turnover_ratio": 0.56,
            "account_receivable_turnover_ratio": 0.85,
            "reinvestment_rate": 183.67,
            "research_to_sale_ratio": 2.18,
            "price_fair": 2.38,
            "eps_avg_yearly": 0.79,
            "eps_latest_yearly": 0.64,
            "eps_growth_yearly": -15.38
        },
        "20212": {
            "year_quarter": 20212,
            "year": 2021,
            "quarter": 2,
            "eps": 0.24,
            "eps_growth_year": null,
            "eps_4q": 0.93,
            "eps_4q_growth_year": null,
            "roe": 1.58,
            "roe_4q": 6.039999999999999,
            "gross_profit": 275373,
            "gross_margin": 23.42,
            "gross_margin_4q_avg": 24.65,
            "net_income": 34660,
            "net_income_4q": null,
            "revenue": 1175648,
            "revenue_4q": null,
            "common_shares": 1487085,
            "book_valuer_per_share": 13.88,
            "book_valuer_per_share_4q_avg": 13.67,
            "equity": 2196862,
            "current_ratio": 170.93,
            "debt_ratio": 63.75,
            "inventory_turnover_ratio": 0.68,
            "account_receivable_turnover_ratio": 1.03,
            "reinvestment_rate": 199.65,
            "research_to_sale_ratio": 1.92,
            "price_fair": 2.32,
            "eps_avg_yearly": 0.77,
            "eps_latest_yearly": 0.96,
            "eps_growth_yearly": -6.69
        },
        "20213": {
            "year_quarter": 20213,
            "year": 2021,
            "quarter": 3,
            "eps": 0.27,
            "eps_growth_year": -34.15,
            "eps_4q": 0.79,
            "eps_4q_growth_year": 1906.21,
            "roe": 1.78,
            "roe_4q": 5.3100000000000005,
            "gross_profit": 267661,
            "gross_margin": 24.67,
            "gross_margin_4q_avg": 24.37,
            "net_income": 39418,
            "net_income_4q": null,
            "revenue": 1085051,
            "revenue_4q": null,
            "common_shares": 1487085,
            "book_valuer_per_share": 14.09,
            "book_valuer_per_share_4q_avg": 13.87,
            "equity": 2223135,
            "current_ratio": 171.96,
            "debt_ratio": 64.63,
            "inventory_turnover_ratio": 0.58,
            "account_receivable_turnover_ratio": 0.86,
            "reinvestment_rate": 212.67,
            "research_to_sale_ratio": 2.2,
            "price_fair": 2.11,
            "eps_avg_yearly": 0.7,
            "eps_latest_yearly": 1.08,
            "eps_growth_yearly": -24.71
        },
        "20214": {
            "year_quarter": 20214,
            "year": 2021,
            "quarter": 4,
            "eps": 0.13,
            "eps_growth_year": 8.68,
            "eps_4q": 0.79,
            "eps_4q_growth_year": 879.94,
            "roe": 0.56,
            "roe_4q": 4.89,
            "gross_profit": 270626,
            "gross_margin": 24.56,
            "gross_margin_4q_avg": 24.38,
            "net_income": 12661,
            "net_income_4q": null,
            "revenue": 1101745,
            "revenue_4q": null,
            "common_shares": 1494388,
            "book_valuer_per_share": 14.25,
            "book_valuer_per_share_4q_avg": 14.01,
            "equity": 2274551,
            "current_ratio": 170.56,
            "debt_ratio": 65.68,
            "inventory_turnover_ratio": 0.55,
            "account_receivable_turnover_ratio": 0.77,
            "reinvestment_rate": 245.34,
            "research_to_sale_ratio": 2.32,
            "price_fair": 1.91,
            "eps_avg_yearly": 0.64,
            "eps_latest_yearly": 0.52,
            "eps_growth_yearly": -31.19
        },
        "20221": {
            "year_quarter": 20221,
            "year": 2022,
            "quarter": 1,
            "eps": 0.23,
            "eps_growth_year": 43.75,
            "eps_4q": 0.87,
            "eps_4q_growth_year": 30.87,
            "roe": 1.47,
            "roe_4q": 5.390000000000001,
            "gross_profit": 271394,
            "gross_margin": 25.67,
            "gross_margin_4q_avg": 24.58,
            "net_income": 34137,
            "net_income_4q": null,
            "revenue": 1057368,
            "revenue_4q": null,
            "common_shares": 1494388,
            "book_valuer_per_share": 14.92,
            "book_valuer_per_share_4q_avg": 14.29,
            "equity": 2379674,
            "current_ratio": 168.38,
            "debt_ratio": 66.2,
            "inventory_turnover_ratio": 0.5,
            "account_receivable_turnover_ratio": 0.68,
            "reinvestment_rate": 271.16,
            "research_to_sale_ratio": 2.25,
            "price_fair": 20.57,
            "eps_avg_yearly": 0.68,
            "eps_latest_yearly": 0.92,
            "eps_growth_yearly": 20.24
        },
        "20222": {
            "year_quarter": 20222,
            "year": 2022,
            "quarter": 2,
            "eps": 0.42,
            "eps_growth_year": 75,
            "eps_4q": 1.03,
            "eps_4q_growth_year": 10.31,
            "roe": 2.67,
            "roe_4q": 6.4799999999999995,
            "gross_profit": 354122,
            "gross_margin": 26.8,
            "gross_margin_4q_avg": 25.43,
            "net_income": 63370,
            "net_income_4q": null,
            "revenue": 1321475,
            "revenue_4q": null,
            "common_shares": 1494388,
            "book_valuer_per_share": 14.84,
            "book_valuer_per_share_4q_avg": 14.53,
            "equity": 2367444,
            "current_ratio": 165.21,
            "debt_ratio": 66.71,
            "inventory_turnover_ratio": 0.61,
            "account_receivable_turnover_ratio": 0.77,
            "reinvestment_rate": 212.36,
            "research_to_sale_ratio": 2.28,
            "price_fair": 2.19,
            "eps_avg_yearly": 0.73,
            "eps_latest_yearly": 1.68,
            "eps_growth_yearly": -5.91
        },
        "20223": {
            "year_quarter": 20223,
            "year": 2022,
            "quarter": 3,
            "eps": 0.21,
            "eps_growth_year": -22.22,
            "eps_4q": 0.97,
            "eps_4q_growth_year": 23.58,
            "roe": 1.33,
            "roe_4q": 6.029999999999999,
            "gross_profit": 290544,
            "gross_margin": 27.84,
            "gross_margin_4q_avg": 26.22,
            "net_income": 32100,
            "net_income_4q": null,
            "revenue": 1043672,
            "revenue_4q": null,
            "common_shares": 1524079,
            "book_valuer_per_share": 14.98,
            "book_valuer_per_share_4q_avg": 14.75,
            "equity": 2447725,
            "current_ratio": 176.36,
            "debt_ratio": 66.37,
            "inventory_turnover_ratio": 0.48,
            "account_receivable_turnover_ratio": 0.58,
            "reinvestment_rate": 236.47,
            "research_to_sale_ratio": 2.76,
            "price_fair": 2.19,
            "eps_avg_yearly": 0.73,
            "eps_latest_yearly": 0.84,
            "eps_growth_yearly": -15.01
        },
        "20224": {
            "year_quarter": 20224,
            "year": 2022,
            "quarter": 4,
            "eps": 0.2,
            "eps_growth_year": 50.85,
            "eps_4q": 1.05,
            "eps_4q_growth_year": 32.02,
            "roe": 1.65,
            "roe_4q": 7.12,
            "gross_profit": 315070,
            "gross_margin": 26.64,
            "gross_margin_4q_avg": 26.74,
            "net_income": 40370,
            "net_income_4q": null,
            "revenue": 1182689,
            "revenue_4q": null,
            "common_shares": 1524079,
            "book_valuer_per_share": 14.97,
            "book_valuer_per_share_4q_avg": 14.93,
            "equity": 2452313,
            "current_ratio": 195.21,
            "debt_ratio": 64.98,
            "inventory_turnover_ratio": 0.58,
            "account_receivable_turnover_ratio": 0.67,
            "reinvestment_rate": 178.85,
            "research_to_sale_ratio": 2.7,
            "price_fair": 9.45,
            "eps_avg_yearly": 0.77,
            "eps_latest_yearly": 0.8,
            "eps_growth_yearly": 2.31
        },
        "20231": {
            "year_quarter": 20231,
            "year": 2023,
            "quarter": 1,
            "eps": 0.03,
            "eps_growth_year": -86.96,
            "eps_4q": 0.85,
            "eps_4q_growth_year": -2.39,
            "roe": 0.3,
            "roe_4q": 5.95,
            "gross_profit": 221457,
            "gross_margin": 28.17,
            "gross_margin_4q_avg": 27.36,
            "net_income": 7343,
            "net_income_4q": null,
            "revenue": 786043,
            "revenue_4q": null,
            "common_shares": 1524136,
            "book_valuer_per_share": 15.06,
            "book_valuer_per_share_4q_avg": 14.96,
            "equity": 2470747,
            "current_ratio": 197.34,
            "debt_ratio": 65.18,
            "inventory_turnover_ratio": 0.38,
            "account_receivable_turnover_ratio": 0.48,
            "reinvestment_rate": 200.05,
            "research_to_sale_ratio": 3.95,
            "price_fair": 2.2,
            "eps_avg_yearly": 0.73,
            "eps_latest_yearly": 0.12,
            "eps_growth_yearly": -35.87
        },
        "20232": {
            "year_quarter": 20232,
            "year": 2023,
            "quarter": 2,
            "eps": 0.06,
            "eps_growth_year": -85.71,
            "eps_4q": 0.49,
            "eps_4q_growth_year": -52.23,
            "roe": 0.4,
            "roe_4q": 3.6799999999999997,
            "gross_profit": 255724,
            "gross_margin": 25.74,
            "gross_margin_4q_avg": 27.1,
            "net_income": 9632,
            "net_income_4q": null,
            "revenue": 993553,
            "revenue_4q": null,
            "common_shares": 1524136,
            "book_valuer_per_share": 14.39,
            "book_valuer_per_share_4q_avg": 14.85,
            "equity": 2362617,
            "current_ratio": 195.74,
            "debt_ratio": 66.37,
            "inventory_turnover_ratio": 0.48,
            "account_receivable_turnover_ratio": 0.61,
            "reinvestment_rate": 168.02,
            "research_to_sale_ratio": 2.35,
            "price_fair": 26.35,
            "eps_avg_yearly": 0.75,
            "eps_latest_yearly": 0.24,
            "eps_growth_yearly": 33.83
        },
        "20233": {
            "year_quarter": 20233,
            "year": 2023,
            "quarter": 3,
            "eps": -0.05,
            "eps_growth_year": -123.81,
            "eps_4q": 0.23,
            "eps_4q_growth_year": -75.97,
            "roe": -0.44,
            "roe_4q": 1.91,
            "gross_profit": 230946,
            "gross_margin": 24,
            "gross_margin_4q_avg": 26.14,
            "net_income": -10499,
            "net_income_4q": null,
            "revenue": 962216,
            "revenue_4q": null,
            "common_shares": 1569860,
            "book_valuer_per_share": 14.31,
            "book_valuer_per_share_4q_avg": 14.68,
            "equity": 2412446,
            "current_ratio": 167.95,
            "debt_ratio": 66.9,
            "inventory_turnover_ratio": 0.47,
            "account_receivable_turnover_ratio": 0.59,
            "reinvestment_rate": 196.28,
            "research_to_sale_ratio": 2.5,
            "price_fair": 26.35,
            "eps_avg_yearly": 0.75,
            "eps_latest_yearly": 0.24,
            "eps_growth_yearly": 33.83
        }
    },
    "months": {
        "2003-10": {
            "month": "2003-10",
            "price": "17.95",
            "revenue": 120233
        },
        "2003-11": {
            "month": "2003-11",
            "price": "17.97",
            "revenue": 98018
        },
        "2003-12": {
            "month": "2003-12",
            "price": "18.20",
            "revenue": 134411
        },
        "2004-01": {
            "month": "2004-01",
            "price": "18.60",
            "revenue": 86377
        },
        "2004-02": {
            "month": "2004-02",
            "price": "19.08",
            "revenue": 153820
        },
        "2004-03": {
            "month": "2004-03",
            "price": "20.92",
            "revenue": 172609
        },
        "2004-04": {
            "month": "2004-04",
            "price": "20.30",
            "revenue": 133108
        },
        "2004-05": {
            "month": "2004-05",
            "price": "18.99",
            "revenue": 191692
        },
        "2004-06": {
            "month": "2004-06",
            "price": "18.97",
            "revenue": 142144
        },
        "2004-07": {
            "month": "2004-07",
            "price": "18.44",
            "revenue": 145089
        },
        "2004-08": {
            "month": "2004-08",
            "price": "19.59",
            "revenue": 92768
        },
        "2004-09": {
            "month": "2004-09",
            "price": "19.36",
            "revenue": 108877
        },
        "2004-10": {
            "month": "2004-10",
            "price": "16.28",
            "revenue": 103643
        },
        "2004-11": {
            "month": "2004-11",
            "price": "14.31",
            "revenue": 87232
        },
        "2004-12": {
            "month": "2004-12",
            "price": "14.23",
            "revenue": 130328
        },
        "2005-01": {
            "month": "2005-01",
            "price": "13.96",
            "revenue": 73757
        },
        "2005-02": {
            "month": "2005-02",
            "price": "12.82",
            "revenue": 68955
        },
        "2005-03": {
            "month": "2005-03",
            "price": "12.97",
            "revenue": 142529
        },
        "2005-04": {
            "month": "2005-04",
            "price": "11.74",
            "revenue": 127708
        },
        "2005-05": {
            "month": "2005-05",
            "price": "10.05",
            "revenue": 116435
        },
        "2005-06": {
            "month": "2005-06",
            "price": "10.62",
            "revenue": 96762
        },
        "2005-07": {
            "month": "2005-07",
            "price": "10.88",
            "revenue": 84665
        },
        "2005-08": {
            "month": "2005-08",
            "price": "10.69",
            "revenue": 91089
        },
        "2005-09": {
            "month": "2005-09",
            "price": "10.43",
            "revenue": 156667
        },
        "2005-10": {
            "month": "2005-10",
            "price": "8.91",
            "revenue": 97956
        },
        "2005-11": {
            "month": "2005-11",
            "price": "7.02",
            "revenue": 124892
        },
        "2005-12": {
            "month": "2005-12",
            "price": "6.96",
            "revenue": 116537
        },
        "2006-01": {
            "month": "2006-01",
            "price": "7.95",
            "revenue": 64522
        },
        "2006-02": {
            "month": "2006-02",
            "price": "7.27",
            "revenue": 67554
        },
        "2006-03": {
            "month": "2006-03",
            "price": "6.73",
            "revenue": 146562
        },
        "2006-04": {
            "month": "2006-04",
            "price": "7.08",
            "revenue": 148792
        },
        "2006-05": {
            "month": "2006-05",
            "price": "7.66",
            "revenue": 121151
        },
        "2006-06": {
            "month": "2006-06",
            "price": "7.56",
            "revenue": 165984
        },
        "2006-07": {
            "month": "2006-07",
            "price": "7.30",
            "revenue": 138451
        },
        "2006-08": {
            "month": "2006-08",
            "price": "7.66",
            "revenue": 122614
        },
        "2006-09": {
            "month": "2006-09",
            "price": "6.29",
            "revenue": 134072
        },
        "2006-10": {
            "month": "2006-10",
            "price": "6.29",
            "revenue": 153916
        },
        "2006-11": {
            "month": "2006-11",
            "price": "6.72",
            "revenue": 93182
        },
        "2006-12": {
            "month": "2006-12",
            "price": "7.83",
            "revenue": 95662
        },
        "2007-01": {
            "month": "2007-01",
            "price": "7.89",
            "revenue": 165010
        },
        "2007-02": {
            "month": "2007-02",
            "price": "8.00",
            "revenue": 141985
        },
        "2007-03": {
            "month": "2007-03",
            "price": "9.90",
            "revenue": 128182
        },
        "2007-04": {
            "month": "2007-04",
            "price": "11.62",
            "revenue": 122943
        },
        "2007-05": {
            "month": "2007-05",
            "price": "11.31",
            "revenue": 109406
        },
        "2007-06": {
            "month": "2007-06",
            "price": "11.96",
            "revenue": 123273
        },
        "2007-07": {
            "month": "2007-07",
            "price": "13.51",
            "revenue": 182787
        },
        "2007-08": {
            "month": "2007-08",
            "price": "12.20",
            "revenue": 173857
        },
        "2007-09": {
            "month": "2007-09",
            "price": "11.69",
            "revenue": 180080
        },
        "2007-10": {
            "month": "2007-10",
            "price": "11.42",
            "revenue": 240188
        },
        "2007-11": {
            "month": "2007-11",
            "price": "10.91",
            "revenue": 199278
        },
        "2007-12": {
            "month": "2007-12",
            "price": "10.04",
            "revenue": 136584
        },
        "2008-01": {
            "month": "2008-01",
            "price": "10.26",
            "revenue": 170296
        },
        "2008-02": {
            "month": "2008-02",
            "price": "10.57",
            "revenue": 136962
        },
        "2008-03": {
            "month": "2008-03",
            "price": "10.39",
            "revenue": 230416
        },
        "2008-04": {
            "month": "2008-04",
            "price": "11.24",
            "revenue": 177612
        },
        "2008-05": {
            "month": "2008-05",
            "price": "11.71",
            "revenue": 110350
        },
        "2008-06": {
            "month": "2008-06",
            "price": "11.11",
            "revenue": 92899
        },
        "2008-07": {
            "month": "2008-07",
            "price": "9.05",
            "revenue": 190795
        },
        "2008-08": {
            "month": "2008-08",
            "price": "9.24",
            "revenue": 92524
        },
        "2008-09": {
            "month": "2008-09",
            "price": "8.64",
            "revenue": 145038
        },
        "2008-10": {
            "month": "2008-10",
            "price": "7.53",
            "revenue": 96897
        },
        "2008-11": {
            "month": "2008-11",
            "price": "7.13",
            "revenue": 138675
        },
        "2008-12": {
            "month": "2008-12",
            "price": "6.55",
            "revenue": 69457
        },
        "2009-01": {
            "month": "2009-01",
            "price": "6.58",
            "revenue": 51098
        },
        "2009-02": {
            "month": "2009-02",
            "price": "6.49",
            "revenue": 60618
        },
        "2009-03": {
            "month": "2009-03",
            "price": "6.92",
            "revenue": 80392
        },
        "2009-04": {
            "month": "2009-04",
            "price": "8.05",
            "revenue": 90139
        },
        "2009-05": {
            "month": "2009-05",
            "price": "8.09",
            "revenue": 68616
        },
        "2009-06": {
            "month": "2009-06",
            "price": "8.29",
            "revenue": 59535
        },
        "2009-07": {
            "month": "2009-07",
            "price": "8.40",
            "revenue": 120007
        },
        "2009-08": {
            "month": "2009-08",
            "price": "11.61",
            "revenue": 75470
        },
        "2009-09": {
            "month": "2009-09",
            "price": "13.41",
            "revenue": 138823
        },
        "2009-10": {
            "month": "2009-10",
            "price": "12.38",
            "revenue": 91236
        },
        "2009-11": {
            "month": "2009-11",
            "price": "11.27",
            "revenue": 126829
        },
        "2009-12": {
            "month": "2009-12",
            "price": "11.17",
            "revenue": 209980
        },
        "2010-01": {
            "month": "2010-01",
            "price": "12.07",
            "revenue": 140797
        },
        "2010-02": {
            "month": "2010-02",
            "price": "10.32",
            "revenue": 94960
        },
        "2010-03": {
            "month": "2010-03",
            "price": "11.47",
            "revenue": 170822
        },
        "2010-04": {
            "month": "2010-04",
            "price": "25.70",
            "revenue": 262137
        },
        "2010-05": {
            "month": "2010-05",
            "price": "29.30",
            "revenue": 223186
        },
        "2010-06": {
            "month": "2010-06",
            "price": "24.46",
            "revenue": 298579
        },
        "2010-07": {
            "month": "2010-07",
            "price": "25.52",
            "revenue": 206765
        },
        "2010-08": {
            "month": "2010-08",
            "price": "27.72",
            "revenue": 235552
        },
        "2010-09": {
            "month": "2010-09",
            "price": "27.32",
            "revenue": 273176
        },
        "2010-10": {
            "month": "2010-10",
            "price": "25.56",
            "revenue": 278602
        },
        "2010-11": {
            "month": "2010-11",
            "price": "22.23",
            "revenue": 230244
        },
        "2010-12": {
            "month": "2010-12",
            "price": "23.70",
            "revenue": 238032
        },
        "2011-01": {
            "month": "2011-01",
            "price": "24.36",
            "revenue": 257198
        },
        "2011-02": {
            "month": "2011-02",
            "price": "22.46",
            "revenue": 153076
        },
        "2011-03": {
            "month": "2011-03",
            "price": "21.86",
            "revenue": 312457
        },
        "2011-04": {
            "month": "2011-04",
            "price": "22.50",
            "revenue": 271851
        },
        "2011-05": {
            "month": "2011-05",
            "price": "21.65",
            "revenue": 249656
        },
        "2011-06": {
            "month": "2011-06",
            "price": "19.92",
            "revenue": 348439
        },
        "2011-07": {
            "month": "2011-07",
            "price": "18.57",
            "revenue": 252868
        },
        "2011-08": {
            "month": "2011-08",
            "price": "17.42",
            "revenue": 197660
        },
        "2011-09": {
            "month": "2011-09",
            "price": "15.92",
            "revenue": 243355
        },
        "2011-10": {
            "month": "2011-10",
            "price": "15.14",
            "revenue": 236120
        },
        "2011-11": {
            "month": "2011-11",
            "price": "15.80",
            "revenue": 320661
        },
        "2011-12": {
            "month": "2011-12",
            "price": "14.27",
            "revenue": 314479
        },
        "2012-01": {
            "month": "2012-01",
            "price": "14.45",
            "revenue": 180968
        },
        "2012-02": {
            "month": "2012-02",
            "price": "16.76",
            "revenue": 205292
        },
        "2012-03": {
            "month": "2012-03",
            "price": "19.65",
            "revenue": 235983
        },
        "2012-04": {
            "month": "2012-04",
            "price": "17.32",
            "revenue": 180358
        },
        "2012-05": {
            "month": "2012-05",
            "price": "16.09",
            "revenue": 305082
        },
        "2012-06": {
            "month": "2012-06",
            "price": "14.90",
            "revenue": 260581
        },
        "2012-07": {
            "month": "2012-07",
            "price": "15.95",
            "revenue": 243921
        },
        "2012-08": {
            "month": "2012-08",
            "price": "14.94",
            "revenue": 205913
        },
        "2012-09": {
            "month": "2012-09",
            "price": "15.53",
            "revenue": 216082
        },
        "2012-10": {
            "month": "2012-10",
            "price": "14.53",
            "revenue": 196912
        },
        "2012-11": {
            "month": "2012-11",
            "price": "12.48",
            "revenue": 234251
        },
        "2012-12": {
            "month": "2012-12",
            "price": "11.98",
            "revenue": 262372
        },
        "2013-01": {
            "month": "2013-01",
            "price": "12.44",
            "revenue": 209640
        },
        "2013-02": {
            "month": "2013-02",
            "price": "14.86",
            "revenue": 169660
        },
        "2013-03": {
            "month": "2013-03",
            "price": "14.88",
            "revenue": 213618
        },
        "2013-04": {
            "month": "2013-04",
            "price": "16.72",
            "revenue": 248915
        },
        "2013-05": {
            "month": "2013-05",
            "price": "14.77",
            "revenue": 215207
        },
        "2013-06": {
            "month": "2013-06",
            "price": "14.17",
            "revenue": 246744
        },
        "2013-07": {
            "month": "2013-07",
            "price": "13.84",
            "revenue": 272083
        },
        "2013-08": {
            "month": "2013-08",
            "price": "13.03",
            "revenue": 210375
        },
        "2013-09": {
            "month": "2013-09",
            "price": "15.98",
            "revenue": 218197
        },
        "2013-10": {
            "month": "2013-10",
            "price": "14.88",
            "revenue": 238831
        },
        "2013-11": {
            "month": "2013-11",
            "price": "14.05",
            "revenue": 209090
        },
        "2013-12": {
            "month": "2013-12",
            "price": "14.55",
            "revenue": 226277
        },
        "2014-01": {
            "month": "2014-01",
            "price": "14.92",
            "revenue": 174146
        },
        "2014-02": {
            "month": "2014-02",
            "price": "14.40",
            "revenue": 172242
        },
        "2014-03": {
            "month": "2014-03",
            "price": "14.76",
            "revenue": 233815
        },
        "2014-04": {
            "month": "2014-04",
            "price": "14.31",
            "revenue": 207638
        },
        "2014-05": {
            "month": "2014-05",
            "price": "13.53",
            "revenue": 283585
        },
        "2014-06": {
            "month": "2014-06",
            "price": "13.97",
            "revenue": 250315
        },
        "2014-07": {
            "month": "2014-07",
            "price": "13.90",
            "revenue": 250451
        },
        "2014-08": {
            "month": "2014-08",
            "price": "14.03",
            "revenue": 193077
        },
        "2014-09": {
            "month": "2014-09",
            "price": "13.39",
            "revenue": 307965
        },
        "2014-10": {
            "month": "2014-10",
            "price": "12.73",
            "revenue": 384000
        },
        "2014-11": {
            "month": "2014-11",
            "price": "12.22",
            "revenue": 209983
        },
        "2014-12": {
            "month": "2014-12",
            "price": "12.19",
            "revenue": 270772
        },
        "2015-01": {
            "month": "2015-01",
            "price": "12.73",
            "revenue": 307735
        },
        "2015-02": {
            "month": "2015-02",
            "price": "13.15",
            "revenue": 167871
        },
        "2015-03": {
            "month": "2015-03",
            "price": "13.20",
            "revenue": 225783
        },
        "2015-04": {
            "month": "2015-04",
            "price": "13.10",
            "revenue": 240326
        },
        "2015-05": {
            "month": "2015-05",
            "price": "13.32",
            "revenue": 221981
        },
        "2015-06": {
            "month": "2015-06",
            "price": "13.10",
            "revenue": 216322
        },
        "2015-07": {
            "month": "2015-07",
            "price": "11.28",
            "revenue": 202785
        },
        "2015-08": {
            "month": "2015-08",
            "price": "10.87",
            "revenue": 295837
        },
        "2015-09": {
            "month": "2015-09",
            "price": "11.54",
            "revenue": 228346
        },
        "2015-10": {
            "month": "2015-10",
            "price": "11.48",
            "revenue": 245700
        },
        "2015-11": {
            "month": "2015-11",
            "price": "10.99",
            "revenue": 222600
        },
        "2015-12": {
            "month": "2015-12",
            "price": "10.31",
            "revenue": 229491
        },
        "2016-01": {
            "month": "2016-01",
            "price": "9.88",
            "revenue": 213161
        },
        "2016-02": {
            "month": "2016-02",
            "price": "9.96",
            "revenue": 191471
        },
        "2016-03": {
            "month": "2016-03",
            "price": "10.87",
            "revenue": 262024
        },
        "2016-04": {
            "month": "2016-04",
            "price": "10.62",
            "revenue": 232766
        },
        "2016-05": {
            "month": "2016-05",
            "price": "10.04",
            "revenue": 243785
        },
        "2016-06": {
            "month": "2016-06",
            "price": "10.11",
            "revenue": 229665
        },
        "2016-07": {
            "month": "2016-07",
            "price": "10.58",
            "revenue": 241790
        },
        "2016-08": {
            "month": "2016-08",
            "price": "11.28",
            "revenue": 214424
        },
        "2016-09": {
            "month": "2016-09",
            "price": "11.15",
            "revenue": 227889
        },
        "2016-10": {
            "month": "2016-10",
            "price": "10.62",
            "revenue": 189088
        },
        "2016-11": {
            "month": "2016-11",
            "price": "10.32",
            "revenue": 282553
        },
        "2016-12": {
            "month": "2016-12",
            "price": "10.75",
            "revenue": 311135
        },
        "2017-01": {
            "month": "2017-01",
            "price": "11.21",
            "revenue": 178006
        },
        "2017-02": {
            "month": "2017-02",
            "price": "11.96",
            "revenue": 230471
        },
        "2017-03": {
            "month": "2017-03",
            "price": "12.51",
            "revenue": 265100
        },
        "2017-04": {
            "month": "2017-04",
            "price": "12.31",
            "revenue": 232447
        },
        "2017-05": {
            "month": "2017-05",
            "price": "11.82",
            "revenue": 253312
        },
        "2017-06": {
            "month": "2017-06",
            "price": "11.86",
            "revenue": 307850
        },
        "2017-07": {
            "month": "2017-07",
            "price": "12.10",
            "revenue": 304202
        },
        "2017-08": {
            "month": "2017-08",
            "price": "12.28",
            "revenue": 303479
        },
        "2017-09": {
            "month": "2017-09",
            "price": "13.20",
            "revenue": 354819
        },
        "2017-10": {
            "month": "2017-10",
            "price": "13.70",
            "revenue": 296824
        },
        "2017-11": {
            "month": "2017-11",
            "price": "14.38",
            "revenue": 360529
        },
        "2017-12": {
            "month": "2017-12",
            "price": "14.49",
            "revenue": 301385
        },
        "2018-01": {
            "month": "2018-01",
            "price": "16.47",
            "revenue": 304727
        },
        "2018-02": {
            "month": "2018-02",
            "price": "14.97",
            "revenue": 157770
        },
        "2018-03": {
            "month": "2018-03",
            "price": "15.42",
            "revenue": 302083
        },
        "2018-04": {
            "month": "2018-04",
            "price": "15.81",
            "revenue": 280543
        },
        "2018-05": {
            "month": "2018-05",
            "price": "14.83",
            "revenue": 314115
        },
        "2018-06": {
            "month": "2018-06",
            "price": "14.60",
            "revenue": 346895
        },
        "2018-07": {
            "month": "2018-07",
            "price": "14.32",
            "revenue": 277318
        },
        "2018-08": {
            "month": "2018-08",
            "price": "12.92",
            "revenue": 293299
        },
        "2018-09": {
            "month": "2018-09",
            "price": "12.84",
            "revenue": 275013
        },
        "2018-10": {
            "month": "2018-10",
            "price": "11.58",
            "revenue": 308791
        },
        "2018-11": {
            "month": "2018-11",
            "price": "11.62",
            "revenue": 258774
        },
        "2018-12": {
            "month": "2018-12",
            "price": "12.39",
            "revenue": 331035
        },
        "2019-01": {
            "month": "2019-01",
            "price": "12.25",
            "revenue": 299095
        },
        "2019-02": {
            "month": "2019-02",
            "price": "12.01",
            "revenue": 205948
        },
        "2019-03": {
            "month": "2019-03",
            "price": "12.59",
            "revenue": 299784
        },
        "2019-04": {
            "month": "2019-04",
            "price": "12.91",
            "revenue": 201737
        },
        "2019-05": {
            "month": "2019-05",
            "price": "12.57",
            "revenue": 275125
        },
        "2019-06": {
            "month": "2019-06",
            "price": "12.46",
            "revenue": 339399
        },
        "2019-07": {
            "month": "2019-07",
            "price": "12.29",
            "revenue": 242264
        },
        "2019-08": {
            "month": "2019-08",
            "price": "11.98",
            "revenue": 246075
        },
        "2019-09": {
            "month": "2019-09",
            "price": "11.59",
            "revenue": 257111
        },
        "2019-10": {
            "month": "2019-10",
            "price": "11.02",
            "revenue": 297623
        },
        "2019-11": {
            "month": "2019-11",
            "price": "10.65",
            "revenue": 328625
        },
        "2019-12": {
            "month": "2019-12",
            "price": "10.69",
            "revenue": 322598
        },
        "2020-01": {
            "month": "2020-01",
            "price": "10.62",
            "revenue": 163796
        },
        "2020-02": {
            "month": "2020-02",
            "price": "10.24",
            "revenue": 123412
        },
        "2020-03": {
            "month": "2020-03",
            "price": "9.23",
            "revenue": 259495
        },
        "2020-04": {
            "month": "2020-04",
            "price": "9.09",
            "revenue": 192223
        },
        "2020-05": {
            "month": "2020-05",
            "price": "9.35",
            "revenue": 183250
        },
        "2020-06": {
            "month": "2020-06",
            "price": "9.08",
            "revenue": 243920
        },
        "2020-07": {
            "month": "2020-07",
            "price": "9.00",
            "revenue": 290887
        },
        "2020-08": {
            "month": "2020-08",
            "price": "8.92",
            "revenue": 328483
        },
        "2020-09": {
            "month": "2020-09",
            "price": "9.52",
            "revenue": 346315
        },
        "2020-10": {
            "month": "2020-10",
            "price": "10.60",
            "revenue": 323659
        },
        "2020-11": {
            "month": "2020-11",
            "price": "12.32",
            "revenue": 272324
        },
        "2020-12": {
            "month": "2020-12",
            "price": "12.26",
            "revenue": 357324
        },
        "2021-01": {
            "month": "2021-01",
            "price": "13.41",
            "revenue": 355633
        },
        "2021-02": {
            "month": "2021-02",
            "price": "12.62",
            "revenue": 233793
        },
        "2021-03": {
            "month": "2021-03",
            "price": "13.58",
            "revenue": 376269
        },
        "2021-04": {
            "month": "2021-04",
            "price": "14.93",
            "revenue": 373415
        },
        "2021-05": {
            "month": "2021-05",
            "price": "12.79",
            "revenue": 373133
        },
        "2021-06": {
            "month": "2021-06",
            "price": "12.98",
            "revenue": 427971
        },
        "2021-07": {
            "month": "2021-07",
            "price": "16.18",
            "revenue": 315496
        },
        "2021-08": {
            "month": "2021-08",
            "price": "14.42",
            "revenue": 467806
        },
        "2021-09": {
            "month": "2021-09",
            "price": "16.31",
            "revenue": 302289
        },
        "2021-10": {
            "month": "2021-10",
            "price": "16.12",
            "revenue": 372962
        },
        "2021-11": {
            "month": "2021-11",
            "price": "17.75",
            "revenue": 281698
        },
        "2021-12": {
            "month": "2021-12",
            "price": "18.61",
            "revenue": 446340
        },
        "2022-01": {
            "month": "2022-01",
            "price": "18.36",
            "revenue": 360608
        },
        "2022-02": {
            "month": "2022-02",
            "price": "18.07",
            "revenue": 257829
        },
        "2022-03": {
            "month": "2022-03",
            "price": "16.83",
            "revenue": 439809
        },
        "2022-04": {
            "month": "2022-04",
            "price": "17.77",
            "revenue": 458207
        },
        "2022-05": {
            "month": "2022-05",
            "price": "17.80",
            "revenue": 432836
        },
        "2022-06": {
            "month": "2022-06",
            "price": "17.11",
            "revenue": 432605
        },
        "2022-07": {
            "month": "2022-07",
            "price": "16.87",
            "revenue": 323713
        },
        "2022-08": {
            "month": "2022-08",
            "price": "17.97",
            "revenue": 365854
        },
        "2022-09": {
            "month": "2022-09",
            "price": "17.18",
            "revenue": 353905
        },
        "2022-10": {
            "month": "2022-10",
            "price": "17.79",
            "revenue": 349257
        },
        "2022-11": {
            "month": "2022-11",
            "price": "17.48",
            "revenue": 406467
        },
        "2022-12": {
            "month": "2022-12",
            "price": "17.53",
            "revenue": 425853
        },
        "2023-01": {
            "month": "2023-01",
            "price": "17.43",
            "revenue": 205965
        },
        "2023-02": {
            "month": "2023-02",
            "price": "18.22",
            "revenue": 270457
        },
        "2023-03": {
            "month": "2023-03",
            "price": "17.93",
            "revenue": 309372
        },
        "2023-04": {
            "month": "2023-04",
            "price": "17.50",
            "revenue": 380932
        },
        "2023-05": {
            "month": "2023-05",
            "price": "17.05",
            "revenue": 331748
        },
        "2023-06": {
            "month": "2023-06",
            "price": "16.88",
            "revenue": 280524
        },
        "2023-07": {
            "month": "2023-07",
            "price": "16.53",
            "revenue": 365743
        },
        "2023-08": {
            "month": "2023-08",
            "price": "16.01",
            "revenue": 267075
        },
        "2023-09": {
            "month": "2023-09",
            "price": "15.48",
            "revenue": 329018
        },
        "2023-10": {
            "month": "2023-10",
            "price": "15.30",
            "revenue": 296241
        },
        "2023-11": {
            "month": "2023-11",
            "price": "16.88",
            "revenue": 353167
        },
        "2023-12": {
            "month": "2023-12",
            "price": "16.16",
            "revenue": 468559
        }
    }
}
