{
    "summary": {
        "stock_name": "帝寶",
        "stock_id": "6605",
        "category": "汽車",
        "main_business": "汽車車燈<br>汽車百貨零件",
        "website_url": "http://www.depoautolamp.com",
        "ceo": "許 (余又) 銘",
        "pe_ratio": 11,
        "report_year_from": 2001,
        "report_year_to": 2023,
        "age": 22,
        "eps_negative_percentage": 5,
        "eps_growth_avg": {
            "last_all": 0.6,
            "last_2y": 47.48,
            "last_4y": 20.91,
            "last_8y": 9.27,
            "last_12y": 1.64,
            "last_16y": -1.11,
            "last_20y": null,
            "at_2006_last_3y": null,
            "at_2007_last_3y": 6.65,
            "at_2008_last_3y": -10.48,
            "at_2009_last_3y": -9.37,
            "at_2010_last_3y": -3.13,
            "at_2011_last_3y": -32.14,
            "at_2012_last_3y": -29.48,
            "at_2013_last_3y": -21.24,
            "at_2014_last_3y": -15.3,
            "at_2015_last_3y": 15.98,
            "at_2016_last_3y": 6.01,
            "at_2017_last_3y": -5.29,
            "at_2018_last_3y": -13.09,
            "at_2019_last_3y": -19.42,
            "at_2020_last_3y": -15.44,
            "at_2021_last_3y": 11.5,
            "at_2022_last_3y": 27.74,
            "at_2023_last_3y": 27.74,
            "at_2006_last_all": 3.52,
            "at_2007_last_all": 6.65,
            "at_2008_last_all": -2.7,
            "at_2009_last_all": -1.48,
            "at_2010_last_all": -0.28,
            "at_2011_last_all": -12.74,
            "at_2012_last_all": -12.74,
            "at_2013_last_all": -8.07,
            "at_2014_last_all": -4.78,
            "at_2015_last_all": -4.91,
            "at_2016_last_all": -6.49,
            "at_2017_last_all": -7.21,
            "at_2018_last_all": -7.16,
            "at_2019_last_all": -8.78,
            "at_2020_last_all": -8.73,
            "at_2021_last_all": -2.81,
            "at_2022_last_all": 0.6,
            "at_2023_last_all": 0.6
        },
        "latest_eps": 12,
        "latest_price": 128,
        "latest_roe": 12.66,
        "latest_gross_margin": 31.22,
        "latest_equity": 16202165,
        "latest_revenue": 4433501,
        "latest_gross_profit": 1384314,
        "latest_net_income": 627364,
        "latest_debt_ratio": 49.44,
        "latest_current_ratio": 150.56,
        "latest_account_receivable_turnover_ratio": 1.4,
        "latest_inventory_turnover_ratio": 0.61,
        "latest_reinvestment_rate": -38.99,
        "latest_research_to_sale_ratio": 4.8
    },
    "eps_dividends": {
        "2001": {
            "cash": 0,
            "stock": 0,
            "eps": 0
        },
        "2002": {
            "cash": 0,
            "stock": 0,
            "eps": 0
        },
        "2003": {
            "cash": 2.5,
            "stock": 2,
            "eps": 8.27
        },
        "2004": {
            "cash": 4,
            "stock": 1,
            "eps": 10.62
        },
        "2005": {
            "cash": 6,
            "stock": 0.5,
            "eps": 10.64
        },
        "2006": {
            "cash": 6,
            "stock": 0.5,
            "eps": 8.72
        },
        "2007": {
            "cash": 5.5,
            "stock": 0,
            "eps": 10.12
        },
        "2008": {
            "cash": 5.82,
            "stock": 0,
            "eps": 6.06
        },
        "2009": {
            "cash": 3.6,
            "stock": 0,
            "eps": 6.34
        },
        "2010": {
            "cash": 3.8,
            "stock": 0,
            "eps": 6.78
        },
        "2011": {
            "cash": 5,
            "stock": 0,
            "eps": -2.36
        },
        "2012": {
            "cash": 0,
            "stock": 0,
            "eps": 6.24
        },
        "2013": {
            "cash": 3,
            "stock": 0,
            "eps": 8.07
        },
        "2014": {
            "cash": 4,
            "stock": 0,
            "eps": 10.07
        },
        "2015": {
            "cash": 4.5,
            "stock": 0,
            "eps": 9.45
        },
        "2016": {
            "cash": 2.5,
            "stock": 0,
            "eps": 7.19
        },
        "2017": {
            "cash": 3,
            "stock": 0,
            "eps": 6.05
        },
        "2018": {
            "cash": 2.5,
            "stock": 0,
            "eps": 5.66
        },
        "2019": {
            "cash": 2.3,
            "stock": 0,
            "eps": 3.88
        },
        "2020": {
            "cash": 1.5,
            "stock": 0,
            "eps": 3.57
        },
        "2021": {
            "cash": 1.4,
            "stock": 0,
            "eps": 6.85
        },
        "2022": {
            "cash": 3,
            "stock": 0,
            "eps": 10.86
        },
        "2023": {
            "cash": 5,
            "stock": 0,
            "eps": 6.7
        }
    },
    "dividends": {
        "2003-04-04": {
            "cash": 2.5,
            "stock": 2
        },
        "2004-03-19": {
            "cash": 4,
            "stock": 1
        },
        "2005-03-31": {
            "cash": 6,
            "stock": 0.5
        },
        "2006-03-17": {
            "cash": 6,
            "stock": 0.5
        },
        "2007-03-30": {
            "cash": 5.5,
            "stock": 0
        },
        "2008-03-31": {
            "cash": 5.82,
            "stock": 0
        },
        "2009-03-20": {
            "cash": 3.6,
            "stock": 0
        },
        "2010-03-16": {
            "cash": 3.8,
            "stock": 0
        },
        "2011-01-01": {
            "cash": 1,
            "stock": 0
        },
        "2011-06-02": {
            "cash": 4,
            "stock": 0
        },
        "2013-03-26": {
            "cash": 3,
            "stock": 0
        },
        "2014-09-17": {
            "cash": 4,
            "stock": 0
        },
        "2015-09-16": {
            "cash": 4.5,
            "stock": 0
        },
        "2016-09-14": {
            "cash": 2.5,
            "stock": 0
        },
        "2017-08-04": {
            "cash": 3,
            "stock": 0
        },
        "2018-09-05": {
            "cash": 2.5,
            "stock": 0
        },
        "2019-09-04": {
            "cash": 2.3,
            "stock": 0
        },
        "2020-07-30": {
            "cash": 1.5,
            "stock": 0
        },
        "2021-09-15": {
            "cash": 1.4,
            "stock": 0
        },
        "2022-07-29": {
            "cash": 3,
            "stock": 0
        },
        "2023-07-31": {
            "cash": 5,
            "stock": 0
        }
    },
    "prices": {
        "200101": "無",
        "200102": "無",
        "200103": "無",
        "200104": "無",
        "200105": "無",
        "200106": "無",
        "200107": "無",
        "200108": "無",
        "200109": "無",
        "200110": "無",
        "200111": "無",
        "200112": "無",
        "200201": "無",
        "200202": "無",
        "200203": "無",
        "200204": "無",
        "200205": "無",
        "200206": "無",
        "200207": "無",
        "200208": "無",
        "200209": "無",
        "200210": "無",
        "200211": "無",
        "200212": "無",
        "200301": "無",
        "200302": "無",
        "200303": "無",
        "200304": "無",
        "200305": "無",
        "200306": "無",
        "200307": "無",
        "200308": "無",
        "200309": "82.56",
        "200310": "83.23",
        "200311": "85.54",
        "200312": "90.92",
        "200401": "93.02",
        "200402": "97.96",
        "200403": "102.73",
        "200404": "104.89",
        "200405": "101.50",
        "200406": "95.05",
        "200407": "84.34",
        "200408": "84.92",
        "200409": "91.29",
        "200410": "95.20",
        "200411": "96.09",
        "200412": "98.89",
        "200501": "100.43",
        "200502": "104.62",
        "200503": "107.24",
        "200504": "106.85",
        "200505": "108.45",
        "200506": "107.84",
        "200507": "110.62",
        "200508": "107.57",
        "200509": "107.26",
        "200510": "109.48",
        "200511": "113.43",
        "200512": "124.45",
        "200601": "125.56",
        "200602": "122.59",
        "200603": "123.15",
        "200604": "126.16",
        "200605": "125.83",
        "200606": "107.40",
        "200607": "109.14",
        "200608": "101.61",
        "200609": "93.71",
        "200610": "93.27",
        "200611": "93.03",
        "200612": "89.76",
        "200701": "90.41",
        "200702": "88.59",
        "200703": "99.32",
        "200704": "101.86",
        "200705": "101.26",
        "200706": "110.58",
        "200707": "120.30",
        "200708": "117.28",
        "200709": "121.08",
        "200710": "122.43",
        "200711": "116.50",
        "200712": "114.38",
        "200801": "109.25",
        "200802": "98.80",
        "200803": "99.67",
        "200804": "100.03",
        "200805": "97.62",
        "200806": "88.68",
        "200807": "77.58",
        "200808": "81.58",
        "200809": "65.43",
        "200810": "44.84",
        "200811": "45.16",
        "200812": "40.39",
        "200901": "39.04",
        "200902": "40.03",
        "200903": "47.45",
        "200904": "54.87",
        "200905": "61.09",
        "200906": "58.96",
        "200907": "61.58",
        "200908": "62.68",
        "200909": "69.10",
        "200910": "71.59",
        "200911": "81.68",
        "200912": "84.00",
        "201001": "82.08",
        "201002": "75.44",
        "201003": "77.73",
        "201004": "79.48",
        "201005": "76.94",
        "201006": "76.90",
        "201007": "80.04",
        "201008": "88.44",
        "201009": "87.59",
        "201010": "83.63",
        "201011": "78.90",
        "201012": "78.62",
        "201101": "75.66",
        "201102": "71.36",
        "201103": "70.89",
        "201104": "72.10",
        "201105": "72.60",
        "201106": "72.68",
        "201107": "68.32",
        "201108": "58.31",
        "201109": "57.17",
        "201110": "55.76",
        "201111": "58.52",
        "201112": "56.96",
        "201201": "59.23",
        "201202": "66.50",
        "201203": "65.70",
        "201204": "60.46",
        "201205": "64.30",
        "201206": "63.11",
        "201207": "64.21",
        "201208": "65.99",
        "201209": "64.74",
        "201210": "61.91",
        "201211": "62.67",
        "201212": "64.78",
        "201301": "68.09",
        "201302": "71.28",
        "201303": "76.86",
        "201304": "76.67",
        "201305": "81.90",
        "201306": "80.49",
        "201307": "87.09",
        "201308": "99.59",
        "201309": "100.62",
        "201310": "101.89",
        "201311": "101.58",
        "201312": "117.34",
        "201401": "114.61",
        "201402": "121.29",
        "201403": "120.52",
        "201404": "122.90",
        "201405": "121.43",
        "201406": "129.38",
        "201407": "123.00",
        "201408": "117.10",
        "201409": "119.83",
        "201410": "111.66",
        "201411": "112.45",
        "201412": "115.27",
        "201501": "120.50",
        "201502": "119.31",
        "201503": "123.32",
        "201504": "140.58",
        "201505": "119.42",
        "201506": "110.43",
        "201507": "100.23",
        "201508": "95.33",
        "201509": "96.93",
        "201510": "106.76",
        "201511": "111.60",
        "201512": "111.54",
        "201601": "111.90",
        "201602": "116.46",
        "201603": "112.04",
        "201604": "105.44",
        "201605": "98.46",
        "201606": "98.76",
        "201607": "102.38",
        "201608": "103.46",
        "201609": "99.08",
        "201610": "97.16",
        "201611": "89.20",
        "201612": "85.50",
        "201701": "83.98",
        "201702": "84.39",
        "201703": "82.78",
        "201704": "86.31",
        "201705": "86.01",
        "201706": "84.05",
        "201707": "83.10",
        "201708": "80.70",
        "201709": "81.35",
        "201710": "81.36",
        "201711": "84.48",
        "201712": "90.32",
        "201801": "93.01",
        "201802": "87.49",
        "201803": "86.90",
        "201804": "82.66",
        "201805": "81.15",
        "201806": "80.31",
        "201807": "78.54",
        "201808": "75.85",
        "201809": "73.09",
        "201810": "69.37",
        "201811": "68.90",
        "201812": "68.82",
        "201901": "68.34",
        "201902": "68.34",
        "201903": "68.61",
        "201904": "69.84",
        "201905": "69.38",
        "201906": "68.21",
        "201907": "70.71",
        "201908": "66.35",
        "201909": "63.53",
        "201910": "62.57",
        "201911": "60.47",
        "201912": "58.74",
        "202001": "59.13",
        "202002": "54.61",
        "202003": "45.98",
        "202004": "44.79",
        "202005": "47.37",
        "202006": "51.01",
        "202007": "50.19",
        "202008": "49.73",
        "202009": "48.05",
        "202010": "47.48",
        "202011": "49.97",
        "202012": "56.22",
        "202101": "62.44",
        "202102": "60.08",
        "202103": "62.16",
        "202104": "63.87",
        "202105": "56.49",
        "202106": "58.00",
        "202107": "61.06",
        "202108": "57.88",
        "202109": "56.36",
        "202110": "55.93",
        "202111": "57.77",
        "202112": "61.00",
        "202201": "61.02",
        "202202": "59.86",
        "202203": "57.46",
        "202204": "58.73",
        "202205": "62.40",
        "202206": "73.14",
        "202207": "71.68",
        "202208": "78.40",
        "202209": "79.10",
        "202210": "68.29",
        "202211": "72.48",
        "202212": "73.76",
        "202301": "73.14",
        "202302": "81.65",
        "202303": "90.65",
        "202304": "97.48",
        "202305": "100.03",
        "202306": "110.26",
        "202307": "113.62",
        "202308": "119.18",
        "202309": "124.15"
    },
    "quarters": {
        "20011": {
            "year_quarter": 20011,
            "year": 2001,
            "quarter": 1,
            "eps": null,
            "eps_growth_year": null,
            "eps_4q": null,
            "eps_4q_growth_year": null,
            "roe": null,
            "roe_4q": 0,
            "gross_profit": null,
            "gross_margin": null,
            "gross_margin_4q_avg": 0,
            "net_income": null,
            "revenue": null,
            "common_shares": null,
            "book_valuer_per_share": null,
            "book_valuer_per_share_4q_avg": 0,
            "equity": null,
            "current_ratio": null,
            "debt_ratio": null,
            "inventory_turnover_ratio": null,
            "account_receivable_turnover_ratio": null,
            "reinvestment_rate": null,
            "research_to_sale_ratio": null,
            "price_fair": 0,
            "eps_avg_yearly": 0,
            "eps_latest_yearly": 0,
            "eps_growth_yearly": 0
        },
        "20012": {
            "year_quarter": 20012,
            "year": 2001,
            "quarter": 2,
            "eps": null,
            "eps_growth_year": null,
            "eps_4q": null,
            "eps_4q_growth_year": null,
            "roe": null,
            "roe_4q": 0,
            "gross_profit": null,
            "gross_margin": null,
            "gross_margin_4q_avg": 0,
            "net_income": null,
            "revenue": null,
            "common_shares": null,
            "book_valuer_per_share": null,
            "book_valuer_per_share_4q_avg": 0,
            "equity": null,
            "current_ratio": null,
            "debt_ratio": null,
            "inventory_turnover_ratio": null,
            "account_receivable_turnover_ratio": null,
            "reinvestment_rate": null,
            "research_to_sale_ratio": null,
            "price_fair": 0,
            "eps_avg_yearly": 0,
            "eps_latest_yearly": 0,
            "eps_growth_yearly": 0
        },
        "20013": {
            "year_quarter": 20013,
            "year": 2001,
            "quarter": 3,
            "eps": null,
            "eps_growth_year": null,
            "eps_4q": null,
            "eps_4q_growth_year": null,
            "roe": null,
            "roe_4q": 0,
            "gross_profit": null,
            "gross_margin": null,
            "gross_margin_4q_avg": 0,
            "net_income": null,
            "revenue": null,
            "common_shares": null,
            "book_valuer_per_share": null,
            "book_valuer_per_share_4q_avg": 0,
            "equity": null,
            "current_ratio": null,
            "debt_ratio": null,
            "inventory_turnover_ratio": null,
            "account_receivable_turnover_ratio": null,
            "reinvestment_rate": null,
            "research_to_sale_ratio": null,
            "price_fair": 0,
            "eps_avg_yearly": 0,
            "eps_latest_yearly": 0,
            "eps_growth_yearly": 0
        },
        "20014": {
            "year_quarter": 20014,
            "year": 2001,
            "quarter": 4,
            "eps": null,
            "eps_growth_year": null,
            "eps_4q": null,
            "eps_4q_growth_year": null,
            "roe": null,
            "roe_4q": 0,
            "gross_profit": null,
            "gross_margin": null,
            "gross_margin_4q_avg": 0,
            "net_income": null,
            "revenue": null,
            "common_shares": 766368,
            "book_valuer_per_share": 21,
            "book_valuer_per_share_4q_avg": 5.25,
            "equity": 1626829,
            "current_ratio": 93.65,
            "debt_ratio": 52.56,
            "inventory_turnover_ratio": null,
            "account_receivable_turnover_ratio": null,
            "reinvestment_rate": null,
            "research_to_sale_ratio": null,
            "price_fair": 0,
            "eps_avg_yearly": 0,
            "eps_latest_yearly": 0,
            "eps_growth_yearly": 0
        },
        "20021": {
            "year_quarter": 20021,
            "year": 2002,
            "quarter": 1,
            "eps": null,
            "eps_growth_year": null,
            "eps_4q": null,
            "eps_4q_growth_year": null,
            "roe": null,
            "roe_4q": 0,
            "gross_profit": null,
            "gross_margin": null,
            "gross_margin_4q_avg": 0,
            "net_income": null,
            "revenue": null,
            "common_shares": null,
            "book_valuer_per_share": null,
            "book_valuer_per_share_4q_avg": 5.25,
            "equity": null,
            "current_ratio": null,
            "debt_ratio": null,
            "inventory_turnover_ratio": null,
            "account_receivable_turnover_ratio": null,
            "reinvestment_rate": null,
            "research_to_sale_ratio": null,
            "price_fair": 0,
            "eps_avg_yearly": 0,
            "eps_latest_yearly": 0,
            "eps_growth_yearly": 0
        },
        "20022": {
            "year_quarter": 20022,
            "year": 2002,
            "quarter": 2,
            "eps": null,
            "eps_growth_year": null,
            "eps_4q": null,
            "eps_4q_growth_year": null,
            "roe": null,
            "roe_4q": 0,
            "gross_profit": null,
            "gross_margin": null,
            "gross_margin_4q_avg": 0,
            "net_income": null,
            "revenue": null,
            "common_shares": null,
            "book_valuer_per_share": null,
            "book_valuer_per_share_4q_avg": 5.25,
            "equity": null,
            "current_ratio": null,
            "debt_ratio": null,
            "inventory_turnover_ratio": null,
            "account_receivable_turnover_ratio": null,
            "reinvestment_rate": null,
            "research_to_sale_ratio": null,
            "price_fair": 0,
            "eps_avg_yearly": 0,
            "eps_latest_yearly": 0,
            "eps_growth_yearly": 0
        },
        "20023": {
            "year_quarter": 20023,
            "year": 2002,
            "quarter": 3,
            "eps": null,
            "eps_growth_year": null,
            "eps_4q": null,
            "eps_4q_growth_year": null,
            "roe": null,
            "roe_4q": 0,
            "gross_profit": null,
            "gross_margin": null,
            "gross_margin_4q_avg": 0,
            "net_income": null,
            "revenue": null,
            "common_shares": null,
            "book_valuer_per_share": null,
            "book_valuer_per_share_4q_avg": 5.25,
            "equity": null,
            "current_ratio": null,
            "debt_ratio": null,
            "inventory_turnover_ratio": null,
            "account_receivable_turnover_ratio": null,
            "reinvestment_rate": null,
            "research_to_sale_ratio": null,
            "price_fair": 0,
            "eps_avg_yearly": 0,
            "eps_latest_yearly": 0,
            "eps_growth_yearly": 0
        },
        "20024": {
            "year_quarter": 20024,
            "year": 2002,
            "quarter": 4,
            "eps": null,
            "eps_growth_year": null,
            "eps_4q": null,
            "eps_4q_growth_year": null,
            "roe": null,
            "roe_4q": 0,
            "gross_profit": null,
            "gross_margin": null,
            "gross_margin_4q_avg": 0,
            "net_income": null,
            "revenue": null,
            "common_shares": 954642,
            "book_valuer_per_share": 24.75,
            "book_valuer_per_share_4q_avg": 6.19,
            "equity": 2398558,
            "current_ratio": 141.61,
            "debt_ratio": 43.39,
            "inventory_turnover_ratio": null,
            "account_receivable_turnover_ratio": null,
            "reinvestment_rate": null,
            "research_to_sale_ratio": null,
            "price_fair": 0,
            "eps_avg_yearly": 0,
            "eps_latest_yearly": 0,
            "eps_growth_yearly": 0
        },
        "20031": {
            "year_quarter": 20031,
            "year": 2003,
            "quarter": 1,
            "eps": 1.57,
            "eps_growth_year": null,
            "eps_4q": null,
            "eps_4q_growth_year": null,
            "roe": 7.3,
            "roe_4q": 7.3,
            "gross_profit": 512138,
            "gross_margin": 42.7,
            "gross_margin_4q_avg": 10.68,
            "net_income": 180272,
            "revenue": 1199269,
            "common_shares": 954642,
            "book_valuer_per_share": 26.63,
            "book_valuer_per_share_4q_avg": 12.85,
            "equity": 2542123,
            "current_ratio": 129.93,
            "debt_ratio": 48.8,
            "inventory_turnover_ratio": 1.22,
            "account_receivable_turnover_ratio": null,
            "reinvestment_rate": null,
            "research_to_sale_ratio": null,
            "price_fair": 0,
            "eps_avg_yearly": 0,
            "eps_latest_yearly": 0,
            "eps_growth_yearly": 0
        },
        "20032": {
            "year_quarter": 20032,
            "year": 2003,
            "quarter": 2,
            "eps": 2.37,
            "eps_growth_year": null,
            "eps_4q": null,
            "eps_4q_growth_year": null,
            "roe": 10.72,
            "roe_4q": 18.02,
            "gross_profit": 548476,
            "gross_margin": 43.6,
            "gross_margin_4q_avg": 21.58,
            "net_income": 270849,
            "revenue": 1257988,
            "common_shares": 954642,
            "book_valuer_per_share": 26.32,
            "book_valuer_per_share_4q_avg": 19.43,
            "equity": 2512946,
            "current_ratio": 127.12,
            "debt_ratio": 51.07,
            "inventory_turnover_ratio": 1.82,
            "account_receivable_turnover_ratio": null,
            "reinvestment_rate": null,
            "research_to_sale_ratio": null,
            "price_fair": 331.8,
            "eps_avg_yearly": 9.48,
            "eps_latest_yearly": 9.48,
            "eps_growth_yearly": 203.82
        },
        "20033": {
            "year_quarter": 20033,
            "year": 2003,
            "quarter": 3,
            "eps": 2.09,
            "eps_growth_year": null,
            "eps_4q": null,
            "eps_4q_growth_year": null,
            "roe": 9.11,
            "roe_4q": 27.13,
            "gross_profit": 436056,
            "gross_margin": 38.8,
            "gross_margin_4q_avg": 31.28,
            "net_income": 239682,
            "revenue": 1123787,
            "common_shares": 1145570,
            "book_valuer_per_share": 23.98,
            "book_valuer_per_share_4q_avg": 25.42,
            "equity": 2747401,
            "current_ratio": 128.44,
            "debt_ratio": 48.26,
            "inventory_turnover_ratio": 1.72,
            "account_receivable_turnover_ratio": null,
            "reinvestment_rate": null,
            "research_to_sale_ratio": null,
            "price_fair": 312.2,
            "eps_avg_yearly": 8.92,
            "eps_latest_yearly": 8.36,
            "eps_growth_yearly": 78.28
        },
        "20034": {
            "year_quarter": 20034,
            "year": 2003,
            "quarter": 4,
            "eps": 2.24,
            "eps_growth_year": null,
            "eps_4q": 8.27,
            "eps_4q_growth_year": null,
            "roe": 8.87,
            "roe_4q": 35.99999999999999,
            "gross_profit": 505500,
            "gross_margin": 40.07,
            "gross_margin_4q_avg": 41.29,
            "net_income": 256774,
            "revenue": 1261649,
            "common_shares": 1145570,
            "book_valuer_per_share": 26.24,
            "book_valuer_per_share_4q_avg": 25.79,
            "equity": 3045133,
            "current_ratio": 111.37,
            "debt_ratio": 43.56,
            "inventory_turnover_ratio": 1.37,
            "account_receivable_turnover_ratio": null,
            "reinvestment_rate": null,
            "research_to_sale_ratio": null,
            "price_fair": 312.67,
            "eps_avg_yearly": 8.93,
            "eps_latest_yearly": 8.96,
            "eps_growth_yearly": 61.76
        },
        "20041": {
            "year_quarter": 20041,
            "year": 2004,
            "quarter": 1,
            "eps": 2.66,
            "eps_growth_year": 69.43,
            "eps_4q": 9.35,
            "eps_4q_growth_year": null,
            "roe": 9.62,
            "roe_4q": 38.32,
            "gross_profit": 619245,
            "gross_margin": 43.21,
            "gross_margin_4q_avg": 41.42,
            "net_income": 304942,
            "revenue": 1433213,
            "common_shares": 1145570,
            "book_valuer_per_share": 28.79,
            "book_valuer_per_share_4q_avg": 26.33,
            "equity": 3297591,
            "current_ratio": 141.71,
            "debt_ratio": 47.46,
            "inventory_turnover_ratio": 1.36,
            "account_receivable_turnover_ratio": null,
            "reinvestment_rate": null,
            "research_to_sale_ratio": null,
            "price_fair": 327.6,
            "eps_avg_yearly": 9.36,
            "eps_latest_yearly": 10.64,
            "eps_growth_yearly": 65.07
        },
        "20042": {
            "year_quarter": 20042,
            "year": 2004,
            "quarter": 2,
            "eps": 2.58,
            "eps_growth_year": 8.86,
            "eps_4q": 8.95,
            "eps_4q_growth_year": null,
            "roe": 10.1,
            "roe_4q": 37.699999999999996,
            "gross_profit": 778021,
            "gross_margin": 46.02,
            "gross_margin_4q_avg": 42.03,
            "net_income": 324662,
            "revenue": 1690521,
            "common_shares": 1260127,
            "book_valuer_per_share": 24.85,
            "book_valuer_per_share_4q_avg": 25.97,
            "equity": 3132001,
            "current_ratio": 118.96,
            "debt_ratio": 54.36,
            "inventory_turnover_ratio": 1.66,
            "account_receivable_turnover_ratio": null,
            "reinvestment_rate": null,
            "research_to_sale_ratio": null,
            "price_fair": 334.32,
            "eps_avg_yearly": 9.55,
            "eps_latest_yearly": 10.32,
            "eps_growth_yearly": 49.65
        },
        "20043": {
            "year_quarter": 20043,
            "year": 2004,
            "quarter": 3,
            "eps": 3,
            "eps_growth_year": 43.54,
            "eps_4q": 9.92,
            "eps_4q_growth_year": null,
            "roe": 10.7,
            "roe_4q": 39.28999999999999,
            "gross_profit": 689681,
            "gross_margin": 43.36,
            "gross_margin_4q_avg": 43.17,
            "net_income": 384275,
            "revenue": 1590535,
            "common_shares": 1329647,
            "book_valuer_per_share": 30.46,
            "book_valuer_per_share_4q_avg": 27.59,
            "equity": 4049849,
            "current_ratio": 181.54,
            "debt_ratio": 46.72,
            "inventory_turnover_ratio": 1.56,
            "account_receivable_turnover_ratio": null,
            "reinvestment_rate": null,
            "research_to_sale_ratio": null,
            "price_fair": 348.6,
            "eps_avg_yearly": 9.96,
            "eps_latest_yearly": 12,
            "eps_growth_yearly": 52.23
        },
        "20044": {
            "year_quarter": 20044,
            "year": 2004,
            "quarter": 4,
            "eps": 2.38,
            "eps_growth_year": 6.25,
            "eps_4q": 10.21,
            "eps_4q_growth_year": 23.47,
            "roe": 7.29,
            "roe_4q": 37.709999999999994,
            "gross_profit": 597021,
            "gross_margin": 40.73,
            "gross_margin_4q_avg": 43.33,
            "net_income": 308324,
            "revenue": 1465832,
            "common_shares": 1335397,
            "book_valuer_per_share": 32.78,
            "book_valuer_per_share_4q_avg": 29.22,
            "equity": 4413810,
            "current_ratio": 181.81,
            "debt_ratio": 39.15,
            "inventory_turnover_ratio": 1.26,
            "account_receivable_turnover_ratio": null,
            "reinvestment_rate": null,
            "research_to_sale_ratio": null,
            "price_fair": 346.4,
            "eps_avg_yearly": 9.9,
            "eps_latest_yearly": 9.52,
            "eps_growth_yearly": 32.96
        },
        "20051": {
            "year_quarter": 20051,
            "year": 2005,
            "quarter": 1,
            "eps": 2.88,
            "eps_growth_year": 8.27,
            "eps_4q": 10.48,
            "eps_4q_growth_year": 12.03,
            "roe": 8.33,
            "roe_4q": 36.42,
            "gross_profit": 674656,
            "gross_margin": 41.77,
            "gross_margin_4q_avg": 42.97,
            "net_income": 385548,
            "revenue": 1615203,
            "common_shares": 1344033,
            "book_valuer_per_share": 36,
            "book_valuer_per_share_4q_avg": 31.02,
            "equity": 4838188,
            "current_ratio": 212.54,
            "debt_ratio": 38.88,
            "inventory_turnover_ratio": 1.19,
            "account_receivable_turnover_ratio": null,
            "reinvestment_rate": null,
            "research_to_sale_ratio": null,
            "price_fair": 353.5,
            "eps_avg_yearly": 10.1,
            "eps_latest_yearly": 11.52,
            "eps_growth_yearly": 39.34
        },
        "20052": {
            "year_quarter": 20052,
            "year": 2005,
            "quarter": 2,
            "eps": 2.31,
            "eps_growth_year": -10.47,
            "eps_4q": 9.97,
            "eps_4q_growth_year": 11.38,
            "roe": 7.16,
            "roe_4q": 33.480000000000004,
            "gross_profit": 664323,
            "gross_margin": 36.16,
            "gross_margin_4q_avg": 40.51,
            "net_income": 325265,
            "revenue": 1837279,
            "common_shares": 1344090,
            "book_valuer_per_share": 31.61,
            "book_valuer_per_share_4q_avg": 32.71,
            "equity": 4248228,
            "current_ratio": 136.95,
            "debt_ratio": 48.23,
            "inventory_turnover_ratio": 1.62,
            "account_receivable_turnover_ratio": null,
            "reinvestment_rate": null,
            "research_to_sale_ratio": null,
            "price_fair": 350.16,
            "eps_avg_yearly": 10,
            "eps_latest_yearly": 9.24,
            "eps_growth_yearly": 26.17
        },
        "20053": {
            "year_quarter": 20053,
            "year": 2005,
            "quarter": 3,
            "eps": 3.44,
            "eps_growth_year": 14.67,
            "eps_4q": 10.66,
            "eps_4q_growth_year": 7.49,
            "roe": 10.75,
            "roe_4q": 33.53,
            "gross_profit": 663615,
            "gross_margin": 40.56,
            "gross_margin_4q_avg": 39.81,
            "net_income": 485410,
            "revenue": 1635941,
            "common_shares": 1413215,
            "book_valuer_per_share": 33.83,
            "book_valuer_per_share_4q_avg": 33.56,
            "equity": 4780597,
            "current_ratio": 150.03,
            "debt_ratio": 42.75,
            "inventory_turnover_ratio": 1.28,
            "account_receivable_turnover_ratio": null,
            "reinvestment_rate": null,
            "research_to_sale_ratio": null,
            "price_fair": 363.3,
            "eps_avg_yearly": 10.38,
            "eps_latest_yearly": 13.76,
            "eps_growth_yearly": 43.12
        },
        "20054": {
            "year_quarter": 20054,
            "year": 2005,
            "quarter": 4,
            "eps": 2.01,
            "eps_growth_year": -15.55,
            "eps_4q": 10.48,
            "eps_4q_growth_year": 2.64,
            "roe": 5.72,
            "roe_4q": 31.96,
            "gross_profit": 738451,
            "gross_margin": 37.95,
            "gross_margin_4q_avg": 39.11,
            "net_income": 284011,
            "revenue": 1945974,
            "common_shares": 1420774,
            "book_valuer_per_share": 36.04,
            "book_valuer_per_share_4q_avg": 34.37,
            "equity": 5154893,
            "current_ratio": 133.51,
            "debt_ratio": 40.6,
            "inventory_turnover_ratio": 1.14,
            "account_receivable_turnover_ratio": null,
            "reinvestment_rate": null,
            "research_to_sale_ratio": null,
            "price_fair": 346.57,
            "eps_avg_yearly": 10.17,
            "eps_latest_yearly": 8.04,
            "eps_growth_yearly": 24.09
        },
        "20061": {
            "year_quarter": 20061,
            "year": 2006,
            "quarter": 1,
            "eps": 2.59,
            "eps_growth_year": -10.07,
            "eps_4q": 10.21,
            "eps_4q_growth_year": -2.54,
            "roe": 6.3,
            "roe_4q": 29.93,
            "gross_profit": 545449,
            "gross_margin": 34.26,
            "gross_margin_4q_avg": 37.23,
            "net_income": 371923,
            "revenue": 1592010,
            "common_shares": 1520849,
            "book_valuer_per_share": 43.7,
            "book_valuer_per_share_4q_avg": 36.3,
            "equity": 6646409,
            "current_ratio": 247.83,
            "debt_ratio": 29.81,
            "inventory_turnover_ratio": 1,
            "account_receivable_turnover_ratio": null,
            "reinvestment_rate": null,
            "research_to_sale_ratio": null,
            "price_fair": 356.42,
            "eps_avg_yearly": 10.18,
            "eps_latest_yearly": 10.36,
            "eps_growth_yearly": 31.7
        },
        "20062": {
            "year_quarter": 20062,
            "year": 2006,
            "quarter": 2,
            "eps": 1.96,
            "eps_growth_year": -15.15,
            "eps_4q": 9.68,
            "eps_4q_growth_year": -2.88,
            "roe": 4.62,
            "roe_4q": 27.39,
            "gross_profit": 612190,
            "gross_margin": 34.5,
            "gross_margin_4q_avg": 36.82,
            "net_income": 289789,
            "revenue": 1774296,
            "common_shares": 1520849,
            "book_valuer_per_share": 38.73,
            "book_valuer_per_share_4q_avg": 38.08,
            "equity": 5890582,
            "current_ratio": 144.33,
            "debt_ratio": 39.84,
            "inventory_turnover_ratio": 1.41,
            "account_receivable_turnover_ratio": null,
            "reinvestment_rate": null,
            "research_to_sale_ratio": null,
            "price_fair": 317.85,
            "eps_avg_yearly": 10,
            "eps_latest_yearly": 7.84,
            "eps_growth_yearly": 21.78
        },
        "20063": {
            "year_quarter": 20063,
            "year": 2006,
            "quarter": 3,
            "eps": 2.18,
            "eps_growth_year": -36.63,
            "eps_4q": 8.21,
            "eps_4q_growth_year": -22.96,
            "roe": 5.63,
            "roe_4q": 22.27,
            "gross_profit": 613775,
            "gross_margin": 36.25,
            "gross_margin_4q_avg": 35.74,
            "net_income": 341664,
            "revenue": 1693037,
            "common_shares": 1596978,
            "book_valuer_per_share": 39.12,
            "book_valuer_per_share_4q_avg": 39.4,
            "equity": 6247797,
            "current_ratio": 115.55,
            "debt_ratio": 37.75,
            "inventory_turnover_ratio": 1.25,
            "account_receivable_turnover_ratio": null,
            "reinvestment_rate": null,
            "research_to_sale_ratio": null,
            "price_fair": 331.31,
            "eps_avg_yearly": 9.91,
            "eps_latest_yearly": 8.72,
            "eps_growth_yearly": 23.43
        },
        "20064": {
            "year_quarter": 20064,
            "year": 2006,
            "quarter": 4,
            "eps": 1.99,
            "eps_growth_year": -1,
            "eps_4q": 8.37,
            "eps_4q_growth_year": -20.13,
            "roe": 4.87,
            "roe_4q": 21.42,
            "gross_profit": 731648,
            "gross_margin": 36.79,
            "gross_margin_4q_avg": 35.45,
            "net_income": 313087,
            "revenue": 1988468,
            "common_shares": 1596978,
            "book_valuer_per_share": 41.11,
            "book_valuer_per_share_4q_avg": 40.67,
            "equity": 6605548,
            "current_ratio": 101.88,
            "debt_ratio": 37.61,
            "inventory_turnover_ratio": 1.05,
            "account_receivable_turnover_ratio": null,
            "reinvestment_rate": 81.5,
            "research_to_sale_ratio": null,
            "price_fair": 288.95,
            "eps_avg_yearly": 9.78,
            "eps_latest_yearly": 7.96,
            "eps_growth_yearly": 19.54
        },
        "20071": {
            "year_quarter": 20071,
            "year": 2007,
            "quarter": 1,
            "eps": 2.54,
            "eps_growth_year": -1.93,
            "eps_4q": 8.44,
            "eps_4q_growth_year": -17.34,
            "roe": 5.97,
            "roe_4q": 21.09,
            "gross_profit": 767058,
            "gross_margin": 40.13,
            "gross_margin_4q_avg": 36.92,
            "net_income": 406468,
            "revenue": 1911241,
            "common_shares": 1598380,
            "book_valuer_per_share": 43.82,
            "book_valuer_per_share_4q_avg": 40.7,
            "equity": 7004146,
            "current_ratio": 118.6,
            "debt_ratio": 35.34,
            "inventory_turnover_ratio": 0.92,
            "account_receivable_turnover_ratio": null,
            "reinvestment_rate": 61.15,
            "research_to_sale_ratio": null,
            "price_fair": 343.18,
            "eps_avg_yearly": 9.81,
            "eps_latest_yearly": 10.16,
            "eps_growth_yearly": 25.23
        },
        "20072": {
            "year_quarter": 20072,
            "year": 2007,
            "quarter": 2,
            "eps": 2.67,
            "eps_growth_year": 36.22,
            "eps_4q": 9.31,
            "eps_4q_growth_year": -3.78,
            "roe": 6.35,
            "roe_4q": 22.82,
            "gross_profit": 816885,
            "gross_margin": 37.37,
            "gross_margin_4q_avg": 37.64,
            "net_income": 426513,
            "revenue": 2185743,
            "common_shares": 1598380,
            "book_valuer_per_share": 40.29,
            "book_valuer_per_share_4q_avg": 41.09,
            "equity": 6439414,
            "current_ratio": 97.23,
            "debt_ratio": 42.72,
            "inventory_turnover_ratio": 1.35,
            "account_receivable_turnover_ratio": null,
            "reinvestment_rate": 58.35,
            "research_to_sale_ratio": null,
            "price_fair": 234.84,
            "eps_avg_yearly": 9.88,
            "eps_latest_yearly": 10.68,
            "eps_growth_yearly": 13.77
        },
        "20073": {
            "year_quarter": 20073,
            "year": 2007,
            "quarter": 3,
            "eps": 2.32,
            "eps_growth_year": 6.42,
            "eps_4q": 9.49,
            "eps_4q_growth_year": 15.5,
            "roe": 5.58,
            "roe_4q": 22.77,
            "gross_profit": 656918,
            "gross_margin": 32.13,
            "gross_margin_4q_avg": 36.61,
            "net_income": 370985,
            "revenue": 2044458,
            "common_shares": 1599152,
            "book_valuer_per_share": 42.94,
            "book_valuer_per_share_4q_avg": 42.04,
            "equity": 6866114,
            "current_ratio": 103.06,
            "debt_ratio": 41.29,
            "inventory_turnover_ratio": 1.3,
            "account_receivable_turnover_ratio": null,
            "reinvestment_rate": 56.19,
            "research_to_sale_ratio": null,
            "price_fair": 233,
            "eps_avg_yearly": 9.94,
            "eps_latest_yearly": 9.28,
            "eps_growth_yearly": 13.45
        },
        "20074": {
            "year_quarter": 20074,
            "year": 2007,
            "quarter": 4,
            "eps": 2.59,
            "eps_growth_year": 30.15,
            "eps_4q": 10.11,
            "eps_4q_growth_year": 20.85,
            "roe": 5.86,
            "roe_4q": 23.759999999999998,
            "gross_profit": 847149,
            "gross_margin": 36.22,
            "gross_margin_4q_avg": 36.46,
            "net_income": 414523,
            "revenue": 2338962,
            "common_shares": 1604810,
            "book_valuer_per_share": 45.43,
            "book_valuer_per_share_4q_avg": 43.12,
            "equity": 7289963,
            "current_ratio": 96.76,
            "debt_ratio": 42.96,
            "inventory_turnover_ratio": 0.91,
            "account_receivable_turnover_ratio": null,
            "reinvestment_rate": 71.56,
            "research_to_sale_ratio": null,
            "price_fair": 246.23,
            "eps_avg_yearly": 10.03,
            "eps_latest_yearly": 10.36,
            "eps_growth_yearly": 14.56
        },
        "20081": {
            "year_quarter": 20081,
            "year": 2008,
            "quarter": 1,
            "eps": 1.73,
            "eps_growth_year": -31.89,
            "eps_4q": 9.26,
            "eps_4q_growth_year": 9.7,
            "roe": 3.76,
            "roe_4q": 21.55,
            "gross_profit": 892284,
            "gross_margin": 35.39,
            "gross_margin_4q_avg": 35.28,
            "net_income": 278415,
            "revenue": 2521422,
            "common_shares": 1604810,
            "book_valuer_per_share": 46.88,
            "book_valuer_per_share_4q_avg": 43.89,
            "equity": 7522660,
            "current_ratio": 97.72,
            "debt_ratio": 42.53,
            "inventory_turnover_ratio": 0.72,
            "account_receivable_turnover_ratio": null,
            "reinvestment_rate": 73.27,
            "research_to_sale_ratio": null,
            "price_fair": 113.33,
            "eps_avg_yearly": 9.79,
            "eps_latest_yearly": 6.92,
            "eps_growth_yearly": 1.57
        },
        "20082": {
            "year_quarter": 20082,
            "year": 2008,
            "quarter": 2,
            "eps": 1.58,
            "eps_growth_year": -40.82,
            "eps_4q": 8.22,
            "eps_4q_growth_year": -11.79,
            "roe": 3.57,
            "roe_4q": 18.770000000000003,
            "gross_profit": 756367,
            "gross_margin": 29.8,
            "gross_margin_4q_avg": 33.39,
            "net_income": 253352,
            "revenue": 2538005,
            "common_shares": 1604810,
            "book_valuer_per_share": 41.67,
            "book_valuer_per_share_4q_avg": 44.23,
            "equity": 6687539,
            "current_ratio": 80.54,
            "debt_ratio": 48.56,
            "inventory_turnover_ratio": 0.77,
            "account_receivable_turnover_ratio": null,
            "reinvestment_rate": 77.34,
            "research_to_sale_ratio": null,
            "price_fair": 95.43,
            "eps_avg_yearly": 9.54,
            "eps_latest_yearly": 6.32,
            "eps_growth_yearly": 0.16
        },
        "20083": {
            "year_quarter": 20083,
            "year": 2008,
            "quarter": 3,
            "eps": 1.73,
            "eps_growth_year": -25.43,
            "eps_4q": 7.61,
            "eps_4q_growth_year": -19.75,
            "roe": 3.94,
            "roe_4q": 17.13,
            "gross_profit": 596904,
            "gross_margin": 25.09,
            "gross_margin_4q_avg": 31.63,
            "net_income": 278272,
            "revenue": 2378679,
            "common_shares": 1604810,
            "book_valuer_per_share": 46.25,
            "book_valuer_per_share_4q_avg": 45.06,
            "equity": 7422029,
            "current_ratio": 88.68,
            "debt_ratio": 43.89,
            "inventory_turnover_ratio": 0.79,
            "account_receivable_turnover_ratio": null,
            "reinvestment_rate": 84.13,
            "research_to_sale_ratio": null,
            "price_fair": 27.68,
            "eps_avg_yearly": 9.23,
            "eps_latest_yearly": 6.92,
            "eps_growth_yearly": -1.54
        },
        "20084": {
            "year_quarter": 20084,
            "year": 2008,
            "quarter": 4,
            "eps": 1.02,
            "eps_growth_year": -60.62,
            "eps_4q": 6,
            "eps_4q_growth_year": -40.66,
            "roe": 2.2,
            "roe_4q": 13.47,
            "gross_profit": 563124,
            "gross_margin": 24.75,
            "gross_margin_4q_avg": 28.76,
            "net_income": 165901,
            "revenue": 2275618,
            "common_shares": 1655308,
            "book_valuer_per_share": 46.08,
            "book_valuer_per_share_4q_avg": 45.22,
            "equity": 7627945,
            "current_ratio": 126.66,
            "debt_ratio": 43.29,
            "inventory_turnover_ratio": 0.83,
            "account_receivable_turnover_ratio": 2.66,
            "reinvestment_rate": 87.27,
            "research_to_sale_ratio": null,
            "price_fair": 26.66,
            "eps_avg_yearly": 8.89,
            "eps_latest_yearly": 4.08,
            "eps_growth_yearly": -6.63
        },
        "20091": {
            "year_quarter": 20091,
            "year": 2009,
            "quarter": 1,
            "eps": 1.36,
            "eps_growth_year": -21.39,
            "eps_4q": 5.57,
            "eps_4q_growth_year": -39.88,
            "roe": 2.9,
            "roe_4q": 12.61,
            "gross_profit": 607394,
            "gross_margin": 26.74,
            "gross_margin_4q_avg": 26.6,
            "net_income": 225465,
            "revenue": 2271526,
            "common_shares": 1658164,
            "book_valuer_per_share": 47.67,
            "book_valuer_per_share_4q_avg": 45.42,
            "equity": 7904092,
            "current_ratio": 127.6,
            "debt_ratio": 41.51,
            "inventory_turnover_ratio": 0.9,
            "account_receivable_turnover_ratio": 1.33,
            "reinvestment_rate": 90.22,
            "research_to_sale_ratio": null,
            "price_fair": 25.52,
            "eps_avg_yearly": 8.51,
            "eps_latest_yearly": 5.44,
            "eps_growth_yearly": -3.55
        },
        "20092": {
            "year_quarter": 20092,
            "year": 2009,
            "quarter": 2,
            "eps": 1.15,
            "eps_growth_year": -27.22,
            "eps_4q": 5.2,
            "eps_4q_growth_year": -36.76,
            "roe": 2.48,
            "roe_4q": 11.52,
            "gross_profit": 769849,
            "gross_margin": 31.54,
            "gross_margin_4q_avg": 27.03,
            "net_income": 190375,
            "revenue": 2441193,
            "common_shares": 1658164,
            "book_valuer_per_share": 44.89,
            "book_valuer_per_share_4q_avg": 46.22,
            "equity": 7443851,
            "current_ratio": 108.95,
            "debt_ratio": 44.6,
            "inventory_turnover_ratio": 0.93,
            "account_receivable_turnover_ratio": 1.42,
            "reinvestment_rate": 87.85,
            "research_to_sale_ratio": null,
            "price_fair": 24.65,
            "eps_avg_yearly": 8.22,
            "eps_latest_yearly": 4.6,
            "eps_growth_yearly": -2.46
        },
        "20093": {
            "year_quarter": 20093,
            "year": 2009,
            "quarter": 3,
            "eps": 1.84,
            "eps_growth_year": 6.36,
            "eps_4q": 5.34,
            "eps_4q_growth_year": -29.83,
            "roe": 4.03,
            "roe_4q": 11.61,
            "gross_profit": 818361,
            "gross_margin": 33.9,
            "gross_margin_4q_avg": 29.23,
            "net_income": 305654,
            "revenue": 2413690,
            "common_shares": 1658164,
            "book_valuer_per_share": 46.55,
            "book_valuer_per_share_4q_avg": 46.3,
            "equity": 7718626,
            "current_ratio": 110.67,
            "debt_ratio": 44,
            "inventory_turnover_ratio": 0.85,
            "account_receivable_turnover_ratio": 1.41,
            "reinvestment_rate": 89.58,
            "research_to_sale_ratio": null,
            "price_fair": 78.15,
            "eps_avg_yearly": 7.82,
            "eps_latest_yearly": 7.36,
            "eps_growth_yearly": 0.31
        },
        "20094": {
            "year_quarter": 20094,
            "year": 2009,
            "quarter": 4,
            "eps": 1.99,
            "eps_growth_year": 95.1,
            "eps_4q": 6.34,
            "eps_4q_growth_year": 5.74,
            "roe": 4.2,
            "roe_4q": 13.610000000000001,
            "gross_profit": 852899,
            "gross_margin": 31.79,
            "gross_margin_4q_avg": 30.99,
            "net_income": 330585,
            "revenue": 2682760,
            "common_shares": 1658164,
            "book_valuer_per_share": 48.48,
            "book_valuer_per_share_4q_avg": 46.9,
            "equity": 8038800,
            "current_ratio": 116.29,
            "debt_ratio": 42.24,
            "inventory_turnover_ratio": 0.93,
            "account_receivable_turnover_ratio": 2.92,
            "reinvestment_rate": 112.77,
            "research_to_sale_ratio": null,
            "price_fair": 177.58,
            "eps_avg_yearly": 7.81,
            "eps_latest_yearly": 7.96,
            "eps_growth_yearly": 12.74
        },
        "20101": {
            "year_quarter": 20101,
            "year": 2010,
            "quarter": 1,
            "eps": 1.84,
            "eps_growth_year": 35.29,
            "eps_4q": 6.83,
            "eps_4q_growth_year": 22.61,
            "roe": 3.73,
            "roe_4q": 14.440000000000001,
            "gross_profit": 823623,
            "gross_margin": 31.05,
            "gross_margin_4q_avg": 32.07,
            "net_income": 305265,
            "revenue": 2652501,
            "common_shares": 1658164,
            "book_valuer_per_share": 50.26,
            "book_valuer_per_share_4q_avg": 47.55,
            "equity": 8334521,
            "current_ratio": 121.57,
            "debt_ratio": 43.81,
            "inventory_turnover_ratio": 0.88,
            "account_receivable_turnover_ratio": 1.39,
            "reinvestment_rate": 120.15,
            "research_to_sale_ratio": 4.86,
            "price_fair": 103.96,
            "eps_avg_yearly": 7.62,
            "eps_latest_yearly": 7.36,
            "eps_growth_yearly": 3.64
        },
        "20102": {
            "year_quarter": 20102,
            "year": 2010,
            "quarter": 2,
            "eps": 2.07,
            "eps_growth_year": 80.06,
            "eps_4q": 7.75,
            "eps_4q_growth_year": 49.15,
            "roe": 4.18,
            "roe_4q": 16.14,
            "gross_profit": 913269,
            "gross_margin": 31.29,
            "gross_margin_4q_avg": 32.01,
            "net_income": 343355,
            "revenue": 2918339,
            "common_shares": 1658164,
            "book_valuer_per_share": 48.71,
            "book_valuer_per_share_4q_avg": 48.5,
            "equity": 8076093,
            "current_ratio": 111.8,
            "debt_ratio": 49.22,
            "inventory_turnover_ratio": 0.87,
            "account_receivable_turnover_ratio": 1.13,
            "reinvestment_rate": 116.71,
            "research_to_sale_ratio": 5.08,
            "price_fair": 174.76,
            "eps_avg_yearly": 7.65,
            "eps_latest_yearly": 8.28,
            "eps_growth_yearly": 12.84
        },
        "20103": {
            "year_quarter": 20103,
            "year": 2010,
            "quarter": 3,
            "eps": 1.7,
            "eps_growth_year": -7.59,
            "eps_4q": 7.61,
            "eps_4q_growth_year": 42.37,
            "roe": 3.44,
            "roe_4q": 15.55,
            "gross_profit": 839156,
            "gross_margin": 30.26,
            "gross_margin_4q_avg": 31.1,
            "net_income": 281942,
            "revenue": 2773522,
            "common_shares": 1658164,
            "book_valuer_per_share": 50.21,
            "book_valuer_per_share_4q_avg": 49.42,
            "equity": 8325983,
            "current_ratio": 115.35,
            "debt_ratio": 49.93,
            "inventory_turnover_ratio": 0.77,
            "account_receivable_turnover_ratio": 1.05,
            "reinvestment_rate": 115.56,
            "research_to_sale_ratio": 5.08,
            "price_fair": 117.24,
            "eps_avg_yearly": 7.53,
            "eps_latest_yearly": 6.8,
            "eps_growth_yearly": 5.57
        },
        "20104": {
            "year_quarter": 20104,
            "year": 2010,
            "quarter": 4,
            "eps": 1.17,
            "eps_growth_year": -41.41,
            "eps_4q": 6.78,
            "eps_4q_growth_year": 6.83,
            "roe": 2.31,
            "roe_4q": 13.66,
            "gross_profit": 920600,
            "gross_margin": 29.91,
            "gross_margin_4q_avg": 30.63,
            "net_income": 193344,
            "revenue": 3078095,
            "common_shares": 1658164,
            "book_valuer_per_share": 50.71,
            "book_valuer_per_share_4q_avg": 49.97,
            "equity": 8407833,
            "current_ratio": 126.37,
            "debt_ratio": 50.55,
            "inventory_turnover_ratio": 0.83,
            "account_receivable_turnover_ratio": 1.2,
            "reinvestment_rate": 107.56,
            "research_to_sale_ratio": 5.12,
            "price_fair": 21.98,
            "eps_avg_yearly": 7.33,
            "eps_latest_yearly": 4.68,
            "eps_growth_yearly": -0.05
        },
        "20111": {
            "year_quarter": 20111,
            "year": 2011,
            "quarter": 1,
            "eps": 1.78,
            "eps_growth_year": -3.26,
            "eps_4q": 6.72,
            "eps_4q_growth_year": -1.59,
            "roe": 3.45,
            "roe_4q": 13.379999999999999,
            "gross_profit": 796621,
            "gross_margin": 26.26,
            "gross_margin_4q_avg": 29.43,
            "net_income": 295276,
            "revenue": 3033208,
            "common_shares": 1658164,
            "book_valuer_per_share": 52.66,
            "book_valuer_per_share_4q_avg": 50.57,
            "equity": 8732168,
            "current_ratio": 134.24,
            "debt_ratio": 50.65,
            "inventory_turnover_ratio": 0.84,
            "account_receivable_turnover_ratio": 0.9,
            "reinvestment_rate": 125.86,
            "research_to_sale_ratio": 4.45,
            "price_fair": 114.73,
            "eps_avg_yearly": 7.14,
            "eps_latest_yearly": 7.12,
            "eps_growth_yearly": 6.08
        },
        "20112": {
            "year_quarter": 20112,
            "year": 2011,
            "quarter": 2,
            "eps": -1.99,
            "eps_growth_year": -195.99,
            "eps_4q": 2.66,
            "eps_4q_growth_year": -65.68,
            "roe": -4.01,
            "roe_4q": 5.19,
            "gross_profit": 823684,
            "gross_margin": 27.53,
            "gross_margin_4q_avg": 28.49,
            "net_income": -329585,
            "revenue": 2991454,
            "common_shares": 1658164,
            "book_valuer_per_share": 46.57,
            "book_valuer_per_share_4q_avg": 50.04,
            "equity": 7721806,
            "current_ratio": 113.02,
            "debt_ratio": 56.08,
            "inventory_turnover_ratio": 0.79,
            "account_receivable_turnover_ratio": 0.8,
            "reinvestment_rate": 142.49,
            "research_to_sale_ratio": 4.86,
            "price_fair": 104.31,
            "eps_avg_yearly": 6.9,
            "eps_latest_yearly": 7.12,
            "eps_growth_yearly": 5.12
        },
        "20113": {
            "year_quarter": 20113,
            "year": 2011,
            "quarter": 3,
            "eps": -3.33,
            "eps_growth_year": -295.66,
            "eps_4q": -2.37,
            "eps_4q_growth_year": -131.13,
            "roe": -7.36,
            "roe_4q": -5.610000000000001,
            "gross_profit": 826077,
            "gross_margin": 29,
            "gross_margin_4q_avg": 28.18,
            "net_income": -551637,
            "revenue": 2848704,
            "common_shares": 1658164,
            "book_valuer_per_share": 43.82,
            "book_valuer_per_share_4q_avg": 48.44,
            "equity": 7278314,
            "current_ratio": 96.27,
            "debt_ratio": 60.11,
            "inventory_turnover_ratio": 0.71,
            "account_receivable_turnover_ratio": 0.79,
            "reinvestment_rate": 201.54,
            "research_to_sale_ratio": 5.06,
            "price_fair": 129.4,
            "eps_avg_yearly": 6.73,
            "eps_latest_yearly": 7.12,
            "eps_growth_yearly": 9.23
        },
        "20114": {
            "year_quarter": 20114,
            "year": 2011,
            "quarter": 4,
            "eps": 1.18,
            "eps_growth_year": 1.01,
            "eps_4q": -2.36,
            "eps_4q_growth_year": -134.76,
            "roe": 2.64,
            "roe_4q": -5.28,
            "gross_profit": 968714,
            "gross_margin": 30.72,
            "gross_margin_4q_avg": 28.38,
            "net_income": 195198,
            "revenue": 3153577,
            "common_shares": 1658164,
            "book_valuer_per_share": 45.14,
            "book_valuer_per_share_4q_avg": 47.05,
            "equity": 7497234,
            "current_ratio": 127.66,
            "debt_ratio": 59.02,
            "inventory_turnover_ratio": 0.76,
            "account_receivable_turnover_ratio": 0.95,
            "reinvestment_rate": 171.3,
            "research_to_sale_ratio": 5.79,
            "price_fair": 105.51,
            "eps_avg_yearly": 6.45,
            "eps_latest_yearly": 7.12,
            "eps_growth_yearly": 6.36
        },
        "20121": {
            "year_quarter": 20121,
            "year": 2012,
            "quarter": 1,
            "eps": 1.83,
            "eps_growth_year": 2.81,
            "eps_4q": -2.3,
            "eps_4q_growth_year": -134.28,
            "roe": 3.98,
            "roe_4q": -4.75,
            "gross_profit": 932567,
            "gross_margin": 29.88,
            "gross_margin_4q_avg": 29.28,
            "net_income": 304138,
            "revenue": 3121100,
            "common_shares": 1658164,
            "book_valuer_per_share": 46.78,
            "book_valuer_per_share_4q_avg": 45.58,
            "equity": 7781723,
            "current_ratio": 130.45,
            "debt_ratio": 57.42,
            "inventory_turnover_ratio": 0.79,
            "account_receivable_turnover_ratio": 0.98,
            "reinvestment_rate": 172.36,
            "research_to_sale_ratio": 4.72,
            "price_fair": 226.8,
            "eps_avg_yearly": 6.48,
            "eps_latest_yearly": 7.32,
            "eps_growth_yearly": 33.53
        },
        "20122": {
            "year_quarter": 20122,
            "year": 2012,
            "quarter": 2,
            "eps": 1.26,
            "eps_growth_year": null,
            "eps_4q": 0.94,
            "eps_4q_growth_year": -64.57,
            "roe": 2.66,
            "roe_4q": 1.9200000000000008,
            "gross_profit": 775751,
            "gross_margin": 24.86,
            "gross_margin_4q_avg": 28.62,
            "net_income": 207805,
            "revenue": 3121037,
            "common_shares": 1658164,
            "book_valuer_per_share": 47.09,
            "book_valuer_per_share_4q_avg": 45.71,
            "equity": 7848885,
            "current_ratio": 125.12,
            "debt_ratio": 57.43,
            "inventory_turnover_ratio": 0.85,
            "account_receivable_turnover_ratio": 0.98,
            "reinvestment_rate": 171.61,
            "research_to_sale_ratio": 5.08,
            "price_fair": 223.35,
            "eps_avg_yearly": 6.38,
            "eps_latest_yearly": 5.04,
            "eps_growth_yearly": 26.61
        },
        "20123": {
            "year_quarter": 20123,
            "year": 2012,
            "quarter": 3,
            "eps": 1.52,
            "eps_growth_year": null,
            "eps_4q": 5.79,
            "eps_4q_growth_year": null,
            "roe": 3.17,
            "roe_4q": 12.450000000000001,
            "gross_profit": 853954,
            "gross_margin": 28.3,
            "gross_margin_4q_avg": 28.44,
            "net_income": 252465,
            "revenue": 3017433,
            "common_shares": 1658164,
            "book_valuer_per_share": 48.39,
            "book_valuer_per_share_4q_avg": 46.85,
            "equity": 8082051,
            "current_ratio": 123.51,
            "debt_ratio": 56.22,
            "inventory_turnover_ratio": 0.78,
            "account_receivable_turnover_ratio": 0.99,
            "reinvestment_rate": 166.21,
            "research_to_sale_ratio": 5.96,
            "price_fair": 221.09,
            "eps_avg_yearly": 6.32,
            "eps_latest_yearly": 6.08,
            "eps_growth_yearly": 30.04
        },
        "20124": {
            "year_quarter": 20124,
            "year": 2012,
            "quarter": 4,
            "eps": 1.63,
            "eps_growth_year": 38.14,
            "eps_4q": 6.24,
            "eps_4q_growth_year": null,
            "roe": 3.27,
            "roe_4q": 13.08,
            "gross_profit": 862228,
            "gross_margin": 25.63,
            "gross_margin_4q_avg": 27.17,
            "net_income": 268699,
            "revenue": 3364363,
            "common_shares": 1658164,
            "book_valuer_per_share": 50.04,
            "book_valuer_per_share_4q_avg": 48.08,
            "equity": 8354367,
            "current_ratio": 118.14,
            "debt_ratio": 55.76,
            "inventory_turnover_ratio": 0.9,
            "account_receivable_turnover_ratio": 1.04,
            "reinvestment_rate": 158.83,
            "research_to_sale_ratio": 7.51,
            "price_fair": 227.66,
            "eps_avg_yearly": 6.5,
            "eps_latest_yearly": 6.52,
            "eps_growth_yearly": 44.89
        },
        "20131": {
            "year_quarter": 20131,
            "year": 2013,
            "quarter": 1,
            "eps": 2.35,
            "eps_growth_year": 28.42,
            "eps_4q": 6.76,
            "eps_4q_growth_year": null,
            "roe": 4.53,
            "roe_4q": 13.63,
            "gross_profit": 907913,
            "gross_margin": 28.95,
            "gross_margin_4q_avg": 26.94,
            "net_income": 388898,
            "revenue": 3135812,
            "common_shares": 1658164,
            "book_valuer_per_share": 52.84,
            "book_valuer_per_share_4q_avg": 49.59,
            "equity": 8819114,
            "current_ratio": 123.79,
            "debt_ratio": 56.47,
            "inventory_turnover_ratio": 0.77,
            "account_receivable_turnover_ratio": 1.05,
            "reinvestment_rate": 26.99,
            "research_to_sale_ratio": 5.24,
            "price_fair": 238.32,
            "eps_avg_yearly": 6.81,
            "eps_latest_yearly": 9.4,
            "eps_growth_yearly": 48.23
        },
        "20132": {
            "year_quarter": 20132,
            "year": 2013,
            "quarter": 2,
            "eps": 2.09,
            "eps_growth_year": 66.17,
            "eps_4q": 7.59,
            "eps_4q_growth_year": 705.32,
            "roe": 3.94,
            "roe_4q": 14.91,
            "gross_profit": 999049,
            "gross_margin": 29.23,
            "gross_margin_4q_avg": 28.03,
            "net_income": 344976,
            "revenue": 3417414,
            "common_shares": 1658164,
            "book_valuer_per_share": 52.15,
            "book_valuer_per_share_4q_avg": 50.86,
            "equity": 8704656,
            "current_ratio": 114.54,
            "debt_ratio": 58.48,
            "inventory_turnover_ratio": 0.77,
            "account_receivable_turnover_ratio": 1.3,
            "reinvestment_rate": 27.56,
            "research_to_sale_ratio": 5.95,
            "price_fair": 248.45,
            "eps_avg_yearly": 7.1,
            "eps_latest_yearly": 8.36,
            "eps_growth_yearly": 49.57
        },
        "20133": {
            "year_quarter": 20133,
            "year": 2013,
            "quarter": 3,
            "eps": 1.36,
            "eps_growth_year": -10.82,
            "eps_4q": 7.42,
            "eps_4q_growth_year": 28.06,
            "roe": 2.51,
            "roe_4q": 14.25,
            "gross_profit": 960433,
            "gross_margin": 27.73,
            "gross_margin_4q_avg": 27.89,
            "net_income": 221486,
            "revenue": 3463251,
            "common_shares": 1658164,
            "book_valuer_per_share": 53.43,
            "book_valuer_per_share_4q_avg": 52.12,
            "equity": 8913482,
            "current_ratio": 116.01,
            "debt_ratio": 57.83,
            "inventory_turnover_ratio": 0.77,
            "account_receivable_turnover_ratio": 1.25,
            "reinvestment_rate": 25.56,
            "research_to_sale_ratio": 5.1,
            "price_fair": 211.07,
            "eps_avg_yearly": 6.95,
            "eps_latest_yearly": 5.44,
            "eps_growth_yearly": 20.37
        },
        "20134": {
            "year_quarter": 20134,
            "year": 2013,
            "quarter": 4,
            "eps": 2.27,
            "eps_growth_year": 39.62,
            "eps_4q": 8.06,
            "eps_4q_growth_year": 29.17,
            "roe": 4.13,
            "roe_4q": 15.11,
            "gross_profit": 1041698,
            "gross_margin": 28.75,
            "gross_margin_4q_avg": 28.67,
            "net_income": 376059,
            "revenue": 3623019,
            "common_shares": 1658164,
            "book_valuer_per_share": 55.86,
            "book_valuer_per_share_4q_avg": 53.57,
            "equity": 9316283,
            "current_ratio": 111.51,
            "debt_ratio": 58.14,
            "inventory_turnover_ratio": 0.79,
            "account_receivable_turnover_ratio": 1.29,
            "reinvestment_rate": -22.77,
            "research_to_sale_ratio": 5.71,
            "price_fair": 246.29,
            "eps_avg_yearly": 7.04,
            "eps_latest_yearly": 9.08,
            "eps_growth_yearly": 38.45
        },
        "20141": {
            "year_quarter": 20141,
            "year": 2014,
            "quarter": 1,
            "eps": 2.61,
            "eps_growth_year": 11.06,
            "eps_4q": 8.32,
            "eps_4q_growth_year": 23.12,
            "roe": 4.51,
            "roe_4q": 15.09,
            "gross_profit": 1035694,
            "gross_margin": 28.2,
            "gross_margin_4q_avg": 28.48,
            "net_income": 429924,
            "revenue": 3672960,
            "common_shares": 1658164,
            "book_valuer_per_share": 58.58,
            "book_valuer_per_share_4q_avg": 55.01,
            "equity": 9764744,
            "current_ratio": 109.88,
            "debt_ratio": 56.97,
            "inventory_turnover_ratio": 0.8,
            "account_receivable_turnover_ratio": 1.25,
            "reinvestment_rate": -1.5,
            "research_to_sale_ratio": 4.85,
            "price_fair": 254.58,
            "eps_avg_yearly": 7.27,
            "eps_latest_yearly": 10.44,
            "eps_growth_yearly": 45.37
        },
        "20142": {
            "year_quarter": 20142,
            "year": 2014,
            "quarter": 2,
            "eps": 1.99,
            "eps_growth_year": -4.78,
            "eps_4q": 8.22,
            "eps_4q_growth_year": 8.37,
            "roe": 3.4,
            "roe_4q": 14.549999999999999,
            "gross_profit": 1094599,
            "gross_margin": 29.46,
            "gross_margin_4q_avg": 28.54,
            "net_income": 325336,
            "revenue": 3715883,
            "common_shares": 1658164,
            "book_valuer_per_share": 56.37,
            "book_valuer_per_share_4q_avg": 56.06,
            "equity": 9393414,
            "current_ratio": 85.99,
            "debt_ratio": 58.62,
            "inventory_turnover_ratio": 0.79,
            "account_receivable_turnover_ratio": 1.25,
            "reinvestment_rate": -8.82,
            "research_to_sale_ratio": 4.5,
            "price_fair": 253.72,
            "eps_avg_yearly": 7.25,
            "eps_latest_yearly": 7.96,
            "eps_growth_yearly": 34.22
        },
        "20143": {
            "year_quarter": 20143,
            "year": 2014,
            "quarter": 3,
            "eps": 2.44,
            "eps_growth_year": 79.41,
            "eps_4q": 9.31,
            "eps_4q_growth_year": 25.46,
            "roe": 4.17,
            "roe_4q": 16.21,
            "gross_profit": 984286,
            "gross_margin": 27.89,
            "gross_margin_4q_avg": 28.58,
            "net_income": 400802,
            "revenue": 3529238,
            "common_shares": 1658164,
            "book_valuer_per_share": 58.98,
            "book_valuer_per_share_4q_avg": 57.45,
            "equity": 9824024,
            "current_ratio": 88,
            "debt_ratio": 57.11,
            "inventory_turnover_ratio": 0.76,
            "account_receivable_turnover_ratio": 1.2,
            "reinvestment_rate": -10.45,
            "research_to_sale_ratio": 5,
            "price_fair": 261.69,
            "eps_avg_yearly": 7.48,
            "eps_latest_yearly": 9.76,
            "eps_growth_yearly": 46.68
        },
        "20144": {
            "year_quarter": 20144,
            "year": 2014,
            "quarter": 4,
            "eps": 3.03,
            "eps_growth_year": 33.58,
            "eps_4q": 10.07,
            "eps_4q_growth_year": 24.89,
            "roe": 4.95,
            "roe_4q": 17.03,
            "gross_profit": 1100030,
            "gross_margin": 29,
            "gross_margin_4q_avg": 28.64,
            "net_income": 500582,
            "revenue": 3793466,
            "common_shares": 1658164,
            "book_valuer_per_share": 62.44,
            "book_valuer_per_share_4q_avg": 59.09,
            "equity": 10396111,
            "current_ratio": 113.61,
            "debt_ratio": 57.18,
            "inventory_turnover_ratio": 0.79,
            "account_receivable_turnover_ratio": 1.32,
            "reinvestment_rate": -13.08,
            "research_to_sale_ratio": 6.31,
            "price_fair": 281.72,
            "eps_avg_yearly": 8.05,
            "eps_latest_yearly": 12.12,
            "eps_growth_yearly": 63.71
        },
        "20151": {
            "year_quarter": 20151,
            "year": 2015,
            "quarter": 1,
            "eps": 1.74,
            "eps_growth_year": -33.33,
            "eps_4q": 9.21,
            "eps_4q_growth_year": 10.62,
            "roe": 2.72,
            "roe_4q": 15.24,
            "gross_profit": 1052700,
            "gross_margin": 29.84,
            "gross_margin_4q_avg": 29.05,
            "net_income": 286840,
            "revenue": 3528366,
            "common_shares": 1658164,
            "book_valuer_per_share": 64.03,
            "book_valuer_per_share_4q_avg": 60.46,
            "equity": 10657258,
            "current_ratio": 106.78,
            "debt_ratio": 55.74,
            "inventory_turnover_ratio": 0.71,
            "account_receivable_turnover_ratio": 1.24,
            "reinvestment_rate": -21.96,
            "research_to_sale_ratio": 4.93,
            "price_fair": 281.29,
            "eps_avg_yearly": 8.04,
            "eps_latest_yearly": 6.96,
            "eps_growth_yearly": 34.57
        },
        "20152": {
            "year_quarter": 20152,
            "year": 2015,
            "quarter": 2,
            "eps": 1.64,
            "eps_growth_year": -17.59,
            "eps_4q": 8.86,
            "eps_4q_growth_year": 7.72,
            "roe": 2.58,
            "roe_4q": 14.42,
            "gross_profit": 1059963,
            "gross_margin": 29.43,
            "gross_margin_4q_avg": 29.04,
            "net_income": 268675,
            "revenue": 3601469,
            "common_shares": 1658164,
            "book_valuer_per_share": 61.09,
            "book_valuer_per_share_4q_avg": 61.64,
            "equity": 10166404,
            "current_ratio": 103.12,
            "debt_ratio": 58.69,
            "inventory_turnover_ratio": 0.71,
            "account_receivable_turnover_ratio": 1.27,
            "reinvestment_rate": -4.69,
            "research_to_sale_ratio": 5.33,
            "price_fair": 277.6,
            "eps_avg_yearly": 7.93,
            "eps_latest_yearly": 6.56,
            "eps_growth_yearly": 30.46
        },
        "20153": {
            "year_quarter": 20153,
            "year": 2015,
            "quarter": 3,
            "eps": 3.82,
            "eps_growth_year": 56.56,
            "eps_4q": 10.24,
            "eps_4q_growth_year": 9.96,
            "roe": 5.98,
            "roe_4q": 16.23,
            "gross_profit": 1049982,
            "gross_margin": 28.7,
            "gross_margin_4q_avg": 29.24,
            "net_income": 630894,
            "revenue": 3658715,
            "common_shares": 1658164,
            "book_valuer_per_share": 65.03,
            "book_valuer_per_share_4q_avg": 63.15,
            "equity": 10916059,
            "current_ratio": 120.8,
            "debt_ratio": 57.84,
            "inventory_turnover_ratio": 0.67,
            "account_receivable_turnover_ratio": 1.27,
            "reinvestment_rate": -6.63,
            "research_to_sale_ratio": 6.31,
            "price_fair": 294.75,
            "eps_avg_yearly": 8.42,
            "eps_latest_yearly": 15.28,
            "eps_growth_yearly": 63.87
        },
        "20154": {
            "year_quarter": 20154,
            "year": 2015,
            "quarter": 4,
            "eps": 2.25,
            "eps_growth_year": -26,
            "eps_4q": 9.45,
            "eps_4q_growth_year": -6.21,
            "roe": 3.27,
            "roe_4q": 14.55,
            "gross_profit": 1230142,
            "gross_margin": 28.74,
            "gross_margin_4q_avg": 29.18,
            "net_income": 363961,
            "revenue": 4280596,
            "common_shares": 1658164,
            "book_valuer_per_share": 66.98,
            "book_valuer_per_share_4q_avg": 64.28,
            "equity": 11340083,
            "current_ratio": 138.31,
            "debt_ratio": 56.94,
            "inventory_turnover_ratio": 0.74,
            "account_receivable_turnover_ratio": 1.45,
            "reinvestment_rate": -6.81,
            "research_to_sale_ratio": 5.47,
            "price_fair": 296.01,
            "eps_avg_yearly": 8.46,
            "eps_latest_yearly": 9,
            "eps_growth_yearly": 49.61
        },
        "20161": {
            "year_quarter": 20161,
            "year": 2016,
            "quarter": 1,
            "eps": 2.48,
            "eps_growth_year": 42.53,
            "eps_4q": 10.18,
            "eps_4q_growth_year": 10.56,
            "roe": 3.54,
            "roe_4q": 15.370000000000001,
            "gross_profit": 1260457,
            "gross_margin": 30.44,
            "gross_margin_4q_avg": 29.33,
            "net_income": 408251,
            "revenue": 4140931,
            "common_shares": 1658164,
            "book_valuer_per_share": 69.32,
            "book_valuer_per_share_4q_avg": 65.61,
            "equity": 11723079,
            "current_ratio": 139.53,
            "debt_ratio": 55.99,
            "inventory_turnover_ratio": 0.71,
            "account_receivable_turnover_ratio": 1.36,
            "reinvestment_rate": -11.52,
            "research_to_sale_ratio": 4.45,
            "price_fair": 301.7,
            "eps_avg_yearly": 8.62,
            "eps_latest_yearly": 9.92,
            "eps_growth_yearly": 38.39
        },
        "20162": {
            "year_quarter": 20162,
            "year": 2016,
            "quarter": 2,
            "eps": 1.4,
            "eps_growth_year": -14.63,
            "eps_4q": 9.95,
            "eps_4q_growth_year": 12.31,
            "roe": 1.97,
            "roe_4q": 14.76,
            "gross_profit": 1106017,
            "gross_margin": 28.95,
            "gross_margin_4q_avg": 29.21,
            "net_income": 229311,
            "revenue": 3820237,
            "common_shares": 1658164,
            "book_valuer_per_share": 67.95,
            "book_valuer_per_share_4q_avg": 67.32,
            "equity": 11549887,
            "current_ratio": 132.97,
            "debt_ratio": 57.59,
            "inventory_turnover_ratio": 0.67,
            "account_receivable_turnover_ratio": 1.26,
            "reinvestment_rate": -14.57,
            "research_to_sale_ratio": 5.33,
            "price_fair": 302.93,
            "eps_avg_yearly": 8.66,
            "eps_latest_yearly": 5.6,
            "eps_growth_yearly": 35.29
        },
        "20163": {
            "year_quarter": 20163,
            "year": 2016,
            "quarter": 3,
            "eps": 0.71,
            "eps_growth_year": -81.41,
            "eps_4q": 6.83,
            "eps_4q_growth_year": -33.24,
            "roe": 0.99,
            "roe_4q": 9.77,
            "gross_profit": 923391,
            "gross_margin": 24.39,
            "gross_margin_4q_avg": 28.13,
            "net_income": 114440,
            "revenue": 3785308,
            "common_shares": 1658164,
            "book_valuer_per_share": 68.31,
            "book_valuer_per_share_4q_avg": 68.14,
            "equity": 11638957,
            "current_ratio": 127.11,
            "debt_ratio": 57.1,
            "inventory_turnover_ratio": 0.7,
            "account_receivable_turnover_ratio": 1.28,
            "reinvestment_rate": -17.08,
            "research_to_sale_ratio": 5.03,
            "price_fair": 235.06,
            "eps_avg_yearly": 8.45,
            "eps_latest_yearly": 2.84,
            "eps_growth_yearly": 17.81
        },
        "20164": {
            "year_quarter": 20164,
            "year": 2016,
            "quarter": 4,
            "eps": 2.6,
            "eps_growth_year": 15.78,
            "eps_4q": 7.19,
            "eps_4q_growth_year": -23.92,
            "roe": 3.65,
            "roe_4q": 10.149999999999999,
            "gross_profit": 1045019,
            "gross_margin": 25.86,
            "gross_margin_4q_avg": 27.41,
            "net_income": 434896,
            "revenue": 4040291,
            "common_shares": 1658164,
            "book_valuer_per_share": 70.73,
            "book_valuer_per_share_4q_avg": 69.08,
            "equity": 12192823,
            "current_ratio": 130.28,
            "debt_ratio": 56.08,
            "inventory_turnover_ratio": 0.74,
            "account_receivable_turnover_ratio": 1.34,
            "reinvestment_rate": -14.57,
            "research_to_sale_ratio": 6.29,
            "price_fair": 304.33,
            "eps_avg_yearly": 8.7,
            "eps_latest_yearly": 10.4,
            "eps_growth_yearly": 82.55
        },
        "20171": {
            "year_quarter": 20171,
            "year": 2017,
            "quarter": 1,
            "eps": 0.5,
            "eps_growth_year": -79.84,
            "eps_4q": 5.21,
            "eps_4q_growth_year": -48.85,
            "roe": 0.68,
            "roe_4q": 7.29,
            "gross_profit": 1155284,
            "gross_margin": 28.94,
            "gross_margin_4q_avg": 27.04,
            "net_income": 82270,
            "revenue": 3992576,
            "common_shares": 1658164,
            "book_valuer_per_share": 70.71,
            "book_valuer_per_share_4q_avg": 69.43,
            "equity": 12164410,
            "current_ratio": 149.75,
            "debt_ratio": 57.09,
            "inventory_turnover_ratio": 0.7,
            "account_receivable_turnover_ratio": 1.27,
            "reinvestment_rate": 52.31,
            "research_to_sale_ratio": 4.75,
            "price_fair": 288.14,
            "eps_avg_yearly": 8.23,
            "eps_latest_yearly": 2,
            "eps_growth_yearly": 51.31
        },
        "20172": {
            "year_quarter": 20172,
            "year": 2017,
            "quarter": 2,
            "eps": 1.72,
            "eps_growth_year": 22.86,
            "eps_4q": 5.52,
            "eps_4q_growth_year": -44.48,
            "roe": 2.3,
            "roe_4q": 7.62,
            "gross_profit": 1006448,
            "gross_margin": 25.9,
            "gross_margin_4q_avg": 26.27,
            "net_income": 278268,
            "revenue": 3885719,
            "common_shares": 1658164,
            "book_valuer_per_share": 69.34,
            "book_valuer_per_share_4q_avg": 69.77,
            "equity": 11996287,
            "current_ratio": 117.16,
            "debt_ratio": 59.49,
            "inventory_turnover_ratio": 0.69,
            "account_receivable_turnover_ratio": 1.29,
            "reinvestment_rate": 59.23,
            "research_to_sale_ratio": 5.53,
            "price_fair": 284.9,
            "eps_avg_yearly": 8.14,
            "eps_latest_yearly": 6.88,
            "eps_growth_yearly": 115.08
        },
        "20173": {
            "year_quarter": 20173,
            "year": 2017,
            "quarter": 3,
            "eps": 2.51,
            "eps_growth_year": 253.52,
            "eps_4q": 7.33,
            "eps_4q_growth_year": 7.2,
            "roe": 3.34,
            "roe_4q": 9.969999999999999,
            "gross_profit": 1079376,
            "gross_margin": 26.9,
            "gross_margin_4q_avg": 26.9,
            "net_income": 408505,
            "revenue": 4012128,
            "common_shares": 1658164,
            "book_valuer_per_share": 72.05,
            "book_valuer_per_share_4q_avg": 70.71,
            "equity": 12444675,
            "current_ratio": 119.93,
            "debt_ratio": 58.93,
            "inventory_turnover_ratio": 0.67,
            "account_receivable_turnover_ratio": 1.33,
            "reinvestment_rate": 72.15,
            "research_to_sale_ratio": 5.08,
            "price_fair": 294.96,
            "eps_avg_yearly": 8.43,
            "eps_latest_yearly": 10.04,
            "eps_growth_yearly": 135.3
        },
        "20174": {
            "year_quarter": 20174,
            "year": 2017,
            "quarter": 4,
            "eps": 1.32,
            "eps_growth_year": -49.28,
            "eps_4q": 6.04,
            "eps_4q_growth_year": -15.91,
            "roe": 1.83,
            "roe_4q": 8.15,
            "gross_profit": 979467,
            "gross_margin": 23.2,
            "gross_margin_4q_avg": 26.24,
            "net_income": 230283,
            "revenue": 4222131,
            "common_shares": 1658164,
            "book_valuer_per_share": 73.38,
            "book_valuer_per_share_4q_avg": 71.37,
            "equity": 12677150,
            "current_ratio": 106.72,
            "debt_ratio": 58.09,
            "inventory_turnover_ratio": 0.71,
            "account_receivable_turnover_ratio": 1.3,
            "reinvestment_rate": 74.65,
            "research_to_sale_ratio": 4.91,
            "price_fair": 286.65,
            "eps_avg_yearly": 8.19,
            "eps_latest_yearly": 5.28,
            "eps_growth_yearly": 106.71
        },
        "20181": {
            "year_quarter": 20181,
            "year": 2018,
            "quarter": 1,
            "eps": 1.85,
            "eps_growth_year": 270,
            "eps_4q": 7.4,
            "eps_4q_growth_year": 42.07,
            "roe": 2.4,
            "roe_4q": 9.870000000000001,
            "gross_profit": 1072508,
            "gross_margin": 25.78,
            "gross_margin_4q_avg": 25.45,
            "net_income": 308000,
            "revenue": 4160420,
            "common_shares": 1658164,
            "book_valuer_per_share": 75.5,
            "book_valuer_per_share_4q_avg": 72.57,
            "equity": 13038285,
            "current_ratio": 122.72,
            "debt_ratio": 58.44,
            "inventory_turnover_ratio": 0.67,
            "account_receivable_turnover_ratio": 1.23,
            "reinvestment_rate": 61.63,
            "research_to_sale_ratio": 4.62,
            "price_fair": 280,
            "eps_avg_yearly": 8,
            "eps_latest_yearly": 7.4,
            "eps_growth_yearly": 113.01
        },
        "20182": {
            "year_quarter": 20182,
            "year": 2018,
            "quarter": 2,
            "eps": 1.15,
            "eps_growth_year": -33.14,
            "eps_4q": 6.82,
            "eps_4q_growth_year": 23.57,
            "roe": 1.44,
            "roe_4q": 9.01,
            "gross_profit": 933355,
            "gross_margin": 23.83,
            "gross_margin_4q_avg": 24.93,
            "net_income": 185882,
            "revenue": 3916832,
            "common_shares": 1658164,
            "book_valuer_per_share": 74,
            "book_valuer_per_share_4q_avg": 73.73,
            "equity": 12782602,
            "current_ratio": 104.45,
            "debt_ratio": 59.4,
            "inventory_turnover_ratio": 0.63,
            "account_receivable_turnover_ratio": 1.16,
            "reinvestment_rate": 73,
            "research_to_sale_ratio": 5.7,
            "price_fair": 272.65,
            "eps_avg_yearly": 7.79,
            "eps_latest_yearly": 4.6,
            "eps_growth_yearly": 109.49
        },
        "20183": {
            "year_quarter": 20183,
            "year": 2018,
            "quarter": 3,
            "eps": 1.25,
            "eps_growth_year": -50.2,
            "eps_4q": 5.57,
            "eps_4q_growth_year": -23.98,
            "roe": 1.61,
            "roe_4q": 7.279999999999999,
            "gross_profit": 1046173,
            "gross_margin": 26.14,
            "gross_margin_4q_avg": 24.74,
            "net_income": 206274,
            "revenue": 4001669,
            "common_shares": 1658164,
            "book_valuer_per_share": 74.85,
            "book_valuer_per_share_4q_avg": 74.43,
            "equity": 12903184,
            "current_ratio": 99.89,
            "debt_ratio": 59.29,
            "inventory_turnover_ratio": 0.61,
            "account_receivable_turnover_ratio": 1.22,
            "reinvestment_rate": 78.41,
            "research_to_sale_ratio": 4.89,
            "price_fair": 262.24,
            "eps_avg_yearly": 7.49,
            "eps_latest_yearly": 5,
            "eps_growth_yearly": 106.01
        },
        "20184": {
            "year_quarter": 20184,
            "year": 2018,
            "quarter": 4,
            "eps": 1.41,
            "eps_growth_year": 6.85,
            "eps_4q": 5.66,
            "eps_4q_growth_year": -6.37,
            "roe": 1.83,
            "roe_4q": 7.280000000000001,
            "gross_profit": 1069163,
            "gross_margin": 25.92,
            "gross_margin_4q_avg": 25.42,
            "net_income": 239155,
            "revenue": 4124504,
            "common_shares": 1658164,
            "book_valuer_per_share": 76.35,
            "book_valuer_per_share_4q_avg": 75.18,
            "equity": 13194110,
            "current_ratio": 124.29,
            "debt_ratio": 59.08,
            "inventory_turnover_ratio": 0.63,
            "account_receivable_turnover_ratio": 1.29,
            "reinvestment_rate": 85.14,
            "research_to_sale_ratio": 5.68,
            "price_fair": 248.06,
            "eps_avg_yearly": 7.09,
            "eps_latest_yearly": 5.64,
            "eps_growth_yearly": 103.16
        },
        "20191": {
            "year_quarter": 20191,
            "year": 2019,
            "quarter": 1,
            "eps": 2.29,
            "eps_growth_year": 23.78,
            "eps_4q": 6.1,
            "eps_4q_growth_year": -17.51,
            "roe": 2.84,
            "roe_4q": 7.720000000000001,
            "gross_profit": 1144550,
            "gross_margin": 27.9,
            "gross_margin_4q_avg": 25.95,
            "net_income": 380653,
            "revenue": 4102944,
            "common_shares": 1658164,
            "book_valuer_per_share": 78.89,
            "book_valuer_per_share_4q_avg": 76.02,
            "equity": 13627800,
            "current_ratio": 131.33,
            "debt_ratio": 58.66,
            "inventory_turnover_ratio": 0.6,
            "account_receivable_turnover_ratio": 1.27,
            "reinvestment_rate": 88.06,
            "research_to_sale_ratio": 4.95,
            "price_fair": 252.88,
            "eps_avg_yearly": 7.23,
            "eps_latest_yearly": 9.16,
            "eps_growth_yearly": 129.41
        },
        "20192": {
            "year_quarter": 20192,
            "year": 2019,
            "quarter": 2,
            "eps": 0.71,
            "eps_growth_year": -38.26,
            "eps_4q": 5.66,
            "eps_4q_growth_year": -17,
            "roe": 0.85,
            "roe_4q": 7.13,
            "gross_profit": 916456,
            "gross_margin": 24.85,
            "gross_margin_4q_avg": 26.2,
            "net_income": 114264,
            "revenue": 3688240,
            "common_shares": 1658164,
            "book_valuer_per_share": 77.2,
            "book_valuer_per_share_4q_avg": 76.82,
            "equity": 13337807,
            "current_ratio": 119.29,
            "debt_ratio": 60.1,
            "inventory_turnover_ratio": 0.54,
            "account_receivable_turnover_ratio": 1.14,
            "reinvestment_rate": 80.53,
            "research_to_sale_ratio": 5.59,
            "price_fair": 244.74,
            "eps_avg_yearly": 6.99,
            "eps_latest_yearly": 2.84,
            "eps_growth_yearly": 113.6
        },
        "20193": {
            "year_quarter": 20193,
            "year": 2019,
            "quarter": 3,
            "eps": 0.53,
            "eps_growth_year": -57.6,
            "eps_4q": 4.94,
            "eps_4q_growth_year": -11.23,
            "roe": 0.59,
            "roe_4q": 6.109999999999999,
            "gross_profit": 977049,
            "gross_margin": 26,
            "gross_margin_4q_avg": 26.17,
            "net_income": 78356,
            "revenue": 3758058,
            "common_shares": 1658164,
            "book_valuer_per_share": 77.5,
            "book_valuer_per_share_4q_avg": 77.49,
            "equity": 13363023,
            "current_ratio": 122.83,
            "debt_ratio": 59.27,
            "inventory_turnover_ratio": 0.52,
            "account_receivable_turnover_ratio": 1.19,
            "reinvestment_rate": 75.64,
            "research_to_sale_ratio": 5.12,
            "price_fair": 215.95,
            "eps_avg_yearly": 6.17,
            "eps_latest_yearly": 2.12,
            "eps_growth_yearly": 74.03
        },
        "20194": {
            "year_quarter": 20194,
            "year": 2019,
            "quarter": 4,
            "eps": 0.35,
            "eps_growth_year": -75.06,
            "eps_4q": 3.89,
            "eps_4q_growth_year": -31.33,
            "roe": 0.3,
            "roe_4q": 4.58,
            "gross_profit": 924815,
            "gross_margin": 22.89,
            "gross_margin_4q_avg": 25.41,
            "net_income": 40778,
            "revenue": 4040716,
            "common_shares": 1658164,
            "book_valuer_per_share": 77.79,
            "book_valuer_per_share_4q_avg": 77.85,
            "equity": 13382991,
            "current_ratio": 125.83,
            "debt_ratio": 58.76,
            "inventory_turnover_ratio": 0.61,
            "account_receivable_turnover_ratio": 1.33,
            "reinvestment_rate": 92.21,
            "research_to_sale_ratio": 4.58,
            "price_fair": 199.33,
            "eps_avg_yearly": 5.7,
            "eps_latest_yearly": 1.4,
            "eps_growth_yearly": 75.81
        },
        "20201": {
            "year_quarter": 20201,
            "year": 2020,
            "quarter": 1,
            "eps": 1.3,
            "eps_growth_year": -43.23,
            "eps_4q": 2.89,
            "eps_4q_growth_year": -52.6,
            "roe": 1.52,
            "roe_4q": 3.2600000000000002,
            "gross_profit": 1051663,
            "gross_margin": 27.31,
            "gross_margin_4q_avg": 25.26,
            "net_income": 205262,
            "revenue": 3851441,
            "common_shares": 1658164,
            "book_valuer_per_share": 78.94,
            "book_valuer_per_share_4q_avg": 77.86,
            "equity": 13560486,
            "current_ratio": 125.3,
            "debt_ratio": 58.47,
            "inventory_turnover_ratio": 0.58,
            "account_receivable_turnover_ratio": 1.3,
            "reinvestment_rate": 92.54,
            "research_to_sale_ratio": 4.82,
            "price_fair": 189,
            "eps_avg_yearly": 5.4,
            "eps_latest_yearly": 5.2,
            "eps_growth_yearly": 141.11
        },
        "20202": {
            "year_quarter": 20202,
            "year": 2020,
            "quarter": 2,
            "eps": -0.49,
            "eps_growth_year": -169.01,
            "eps_4q": 1.69,
            "eps_4q_growth_year": -70.2,
            "roe": -0.64,
            "roe_4q": 1.77,
            "gross_profit": 466980,
            "gross_margin": 17.39,
            "gross_margin_4q_avg": 23.4,
            "net_income": -86234,
            "revenue": 2685600,
            "common_shares": 1658164,
            "book_valuer_per_share": 76.93,
            "book_valuer_per_share_4q_avg": 77.79,
            "equity": 13213033,
            "current_ratio": 96.96,
            "debt_ratio": 58.53,
            "inventory_turnover_ratio": 0.46,
            "account_receivable_turnover_ratio": 0.97,
            "reinvestment_rate": 96.8,
            "research_to_sale_ratio": 6.19,
            "price_fair": 188.53,
            "eps_avg_yearly": 5.39,
            "eps_latest_yearly": 5.2,
            "eps_growth_yearly": 162.13
        },
        "20203": {
            "year_quarter": 20203,
            "year": 2020,
            "quarter": 3,
            "eps": 1.43,
            "eps_growth_year": 169.81,
            "eps_4q": 2.59,
            "eps_4q_growth_year": -47.7,
            "roe": 1.7,
            "roe_4q": 2.88,
            "gross_profit": 887448,
            "gross_margin": 23.19,
            "gross_margin_4q_avg": 22.7,
            "net_income": 226798,
            "revenue": 3826497,
            "common_shares": 1658164,
            "book_valuer_per_share": 78.43,
            "book_valuer_per_share_4q_avg": 78.02,
            "equity": 13484559,
            "current_ratio": 98.64,
            "debt_ratio": 57.44,
            "inventory_turnover_ratio": 0.62,
            "account_receivable_turnover_ratio": 1.53,
            "reinvestment_rate": 89.48,
            "research_to_sale_ratio": 4.94,
            "price_fair": 194.9,
            "eps_avg_yearly": 5.57,
            "eps_latest_yearly": 5.2,
            "eps_growth_yearly": 187.8
        },
        "20204": {
            "year_quarter": 20204,
            "year": 2020,
            "quarter": 4,
            "eps": 1.33,
            "eps_growth_year": 277.65,
            "eps_4q": 3.56,
            "eps_4q_growth_year": -8.36,
            "roe": 1.51,
            "roe_4q": 4.09,
            "gross_profit": 1047678,
            "gross_margin": 26.89,
            "gross_margin_4q_avg": 23.7,
            "net_income": 205974,
            "revenue": 3896615,
            "common_shares": 1658164,
            "book_valuer_per_share": 79.95,
            "book_valuer_per_share_4q_avg": 78.56,
            "equity": 13754028,
            "current_ratio": 98.61,
            "debt_ratio": 54.83,
            "inventory_turnover_ratio": 0.62,
            "account_receivable_turnover_ratio": 1.55,
            "reinvestment_rate": 83.42,
            "research_to_sale_ratio": 4.99,
            "price_fair": 182.2,
            "eps_avg_yearly": 5.21,
            "eps_latest_yearly": 5.32,
            "eps_growth_yearly": 109.74
        },
        "20211": {
            "year_quarter": 20211,
            "year": 2021,
            "quarter": 1,
            "eps": 1.72,
            "eps_growth_year": 32.31,
            "eps_4q": 3.98,
            "eps_4q_growth_year": 37.69,
            "roe": 2.01,
            "roe_4q": 4.58,
            "gross_profit": 1031524,
            "gross_margin": 25.11,
            "gross_margin_4q_avg": 23.15,
            "net_income": 279359,
            "revenue": 4107402,
            "common_shares": 1658164,
            "book_valuer_per_share": 81.59,
            "book_valuer_per_share_4q_avg": 79.23,
            "equity": 14017586,
            "current_ratio": 100.05,
            "debt_ratio": 54.04,
            "inventory_turnover_ratio": 0.67,
            "account_receivable_turnover_ratio": 1.49,
            "reinvestment_rate": 65.4,
            "research_to_sale_ratio": 4.77,
            "price_fair": 194.4,
            "eps_avg_yearly": 5.55,
            "eps_latest_yearly": 6.88,
            "eps_growth_yearly": 141.2
        },
        "20212": {
            "year_quarter": 20212,
            "year": 2021,
            "quarter": 2,
            "eps": 1.38,
            "eps_growth_year": null,
            "eps_4q": 5.85,
            "eps_4q_growth_year": 246.86,
            "roe": 1.55,
            "roe_4q": 6.77,
            "gross_profit": 1096209,
            "gross_margin": 27.69,
            "gross_margin_4q_avg": 25.72,
            "net_income": 219485,
            "revenue": 3958586,
            "common_shares": 1658164,
            "book_valuer_per_share": 82.91,
            "book_valuer_per_share_4q_avg": 80.72,
            "equity": 14223672,
            "current_ratio": 112.56,
            "debt_ratio": 53.4,
            "inventory_turnover_ratio": 0.63,
            "account_receivable_turnover_ratio": 1.37,
            "reinvestment_rate": 46.65,
            "research_to_sale_ratio": 5.13,
            "price_fair": 191,
            "eps_avg_yearly": 5.46,
            "eps_latest_yearly": 5.52,
            "eps_growth_yearly": 65.83
        },
        "20213": {
            "year_quarter": 20213,
            "year": 2021,
            "quarter": 3,
            "eps": 1.8,
            "eps_growth_year": 25.87,
            "eps_4q": 6.22,
            "eps_4q_growth_year": 140.8,
            "roe": 2.09,
            "roe_4q": 7.159999999999999,
            "gross_profit": 1141637,
            "gross_margin": 28.72,
            "gross_margin_4q_avg": 27.1,
            "net_income": 297119,
            "revenue": 3974549,
            "common_shares": 1658164,
            "book_valuer_per_share": 83.23,
            "book_valuer_per_share_4q_avg": 81.92,
            "equity": 14273992,
            "current_ratio": 110.19,
            "debt_ratio": 53.8,
            "inventory_turnover_ratio": 0.58,
            "account_receivable_turnover_ratio": 1.43,
            "reinvestment_rate": 16.62,
            "research_to_sale_ratio": 4.67,
            "price_fair": 183.9,
            "eps_avg_yearly": 5.25,
            "eps_latest_yearly": 7.2,
            "eps_growth_yearly": 61.41
        },
        "20214": {
            "year_quarter": 20214,
            "year": 2021,
            "quarter": 4,
            "eps": 1.95,
            "eps_growth_year": 47.09,
            "eps_4q": 6.85,
            "eps_4q_growth_year": 92.37,
            "roe": 2.33,
            "roe_4q": 7.9799999999999995,
            "gross_profit": 1155930,
            "gross_margin": 28.26,
            "gross_margin_4q_avg": 27.45,
            "net_income": 336373,
            "revenue": 4090527,
            "common_shares": 1658164,
            "book_valuer_per_share": 85.25,
            "book_valuer_per_share_4q_avg": 83.25,
            "equity": 14625841,
            "current_ratio": 136.71,
            "debt_ratio": 53.44,
            "inventory_turnover_ratio": 0.58,
            "account_receivable_turnover_ratio": 1.47,
            "reinvestment_rate": 2.18,
            "research_to_sale_ratio": 4.91,
            "price_fair": 190.2,
            "eps_avg_yearly": 5.43,
            "eps_latest_yearly": 7.8,
            "eps_growth_yearly": 77.33
        },
        "20221": {
            "year_quarter": 20221,
            "year": 2022,
            "quarter": 1,
            "eps": 2.82,
            "eps_growth_year": 63.95,
            "eps_4q": 7.95,
            "eps_4q_growth_year": 99.73,
            "roe": 3.1,
            "roe_4q": 9.07,
            "gross_profit": 1056401,
            "gross_margin": 26.27,
            "gross_margin_4q_avg": 27.74,
            "net_income": 461279,
            "revenue": 4021589,
            "common_shares": 1658164,
            "book_valuer_per_share": 88.23,
            "book_valuer_per_share_4q_avg": 84.91,
            "equity": 15133089,
            "current_ratio": 197.83,
            "debt_ratio": 54.21,
            "inventory_turnover_ratio": 0.57,
            "account_receivable_turnover_ratio": 1.39,
            "reinvestment_rate": 1.05,
            "research_to_sale_ratio": 4.58,
            "price_fair": 199.9,
            "eps_avg_yearly": 5.71,
            "eps_latest_yearly": 11.28,
            "eps_growth_yearly": 78.61
        },
        "20222": {
            "year_quarter": 20222,
            "year": 2022,
            "quarter": 2,
            "eps": 2.74,
            "eps_growth_year": 98.55,
            "eps_4q": 9.31,
            "eps_4q_growth_year": 59.01,
            "roe": 2.99,
            "roe_4q": 10.51,
            "gross_profit": 1303424,
            "gross_margin": 31.39,
            "gross_margin_4q_avg": 28.66,
            "net_income": 450922,
            "revenue": 4152997,
            "common_shares": 1658164,
            "book_valuer_per_share": 87.85,
            "book_valuer_per_share_4q_avg": 86.14,
            "equity": 15057920,
            "current_ratio": 201.95,
            "debt_ratio": 55.74,
            "inventory_turnover_ratio": 0.53,
            "account_receivable_turnover_ratio": 1.42,
            "reinvestment_rate": -6.32,
            "research_to_sale_ratio": 4.75,
            "price_fair": 215.8,
            "eps_avg_yearly": 6.17,
            "eps_latest_yearly": 10.96,
            "eps_growth_yearly": 88.61
        },
        "20223": {
            "year_quarter": 20223,
            "year": 2022,
            "quarter": 3,
            "eps": 3.22,
            "eps_growth_year": 78.89,
            "eps_4q": 10.73,
            "eps_4q_growth_year": 72.33,
            "roe": 3.51,
            "roe_4q": 11.93,
            "gross_profit": 1288722,
            "gross_margin": 28.5,
            "gross_margin_4q_avg": 28.61,
            "net_income": 537713,
            "revenue": 4522102,
            "common_shares": 1658164,
            "book_valuer_per_share": 91.01,
            "book_valuer_per_share_4q_avg": 88.09,
            "equity": 15591684,
            "current_ratio": 222.12,
            "debt_ratio": 55.69,
            "inventory_turnover_ratio": 0.57,
            "account_receivable_turnover_ratio": 1.55,
            "reinvestment_rate": -10.93,
            "research_to_sale_ratio": 4.97,
            "price_fair": 235.5,
            "eps_avg_yearly": 6.73,
            "eps_latest_yearly": 12.88,
            "eps_growth_yearly": 91.13
        },
        "20224": {
            "year_quarter": 20224,
            "year": 2022,
            "quarter": 4,
            "eps": 2.08,
            "eps_growth_year": 6.66,
            "eps_4q": 10.86,
            "eps_4q_growth_year": 58.5,
            "roe": 2.29,
            "roe_4q": 11.889999999999999,
            "gross_profit": 1439597,
            "gross_margin": 32.16,
            "gross_margin_4q_avg": 29.58,
            "net_income": 360654,
            "revenue": 4476060,
            "common_shares": 1658164,
            "book_valuer_per_share": 93.22,
            "book_valuer_per_share_4q_avg": 90.08,
            "equity": 15966427,
            "current_ratio": 164.73,
            "debt_ratio": 54.1,
            "inventory_turnover_ratio": 0.53,
            "account_receivable_turnover_ratio": 1.53,
            "reinvestment_rate": -18.12,
            "research_to_sale_ratio": 4.37,
            "price_fair": 242.2,
            "eps_avg_yearly": 6.92,
            "eps_latest_yearly": 8.32,
            "eps_growth_yearly": 77.36
        },
        "20231": {
            "year_quarter": 20231,
            "year": 2023,
            "quarter": 1,
            "eps": 2.7,
            "eps_growth_year": -4.26,
            "eps_4q": 10.74,
            "eps_4q_growth_year": 35.04,
            "roe": 2.79,
            "roe_4q": 11.58,
            "gross_profit": 1426796,
            "gross_margin": 31.12,
            "gross_margin_4q_avg": 30.79,
            "net_income": 452378,
            "revenue": 4584077,
            "common_shares": 1658164,
            "book_valuer_per_share": 95.94,
            "book_valuer_per_share_4q_avg": 92.01,
            "equity": 16423776,
            "current_ratio": 156.52,
            "debt_ratio": 50.69,
            "inventory_turnover_ratio": 0.59,
            "account_receivable_turnover_ratio": 1.54,
            "reinvestment_rate": -28.25,
            "research_to_sale_ratio": 3.99,
            "price_fair": 246.3,
            "eps_avg_yearly": 7.04,
            "eps_latest_yearly": 10.8,
            "eps_growth_yearly": 68.04
        },
        "20232": {
            "year_quarter": 20232,
            "year": 2023,
            "quarter": 2,
            "eps": 4,
            "eps_growth_year": 45.99,
            "eps_4q": 12,
            "eps_4q_growth_year": 28.96,
            "roe": 3.85,
            "roe_4q": 12.44,
            "gross_profit": 1384314,
            "gross_margin": 31.22,
            "gross_margin_4q_avg": 30.75,
            "net_income": 627364,
            "revenue": 4433501,
            "common_shares": 1658164,
            "book_valuer_per_share": 94.91,
            "book_valuer_per_share_4q_avg": 93.77,
            "equity": 16202165,
            "current_ratio": 150.56,
            "debt_ratio": 49.44,
            "inventory_turnover_ratio": 0.61,
            "account_receivable_turnover_ratio": 1.4,
            "reinvestment_rate": -38.99,
            "research_to_sale_ratio": 4.8,
            "price_fair": 279.2,
            "eps_avg_yearly": 7.98,
            "eps_latest_yearly": 16,
            "eps_growth_yearly": 101.51
        }
    },
    "months": {
        "2003-09": {
            "month": "2003-09",
            "price": "82.56",
            "revenue": 410194
        },
        "2003-10": {
            "month": "2003-10",
            "price": "83.23",
            "revenue": 430709
        },
        "2003-11": {
            "month": "2003-11",
            "price": "85.54",
            "revenue": 399247
        },
        "2003-12": {
            "month": "2003-12",
            "price": "90.92",
            "revenue": 431694
        },
        "2004-01": {
            "month": "2004-01",
            "price": "93.02",
            "revenue": 411097
        },
        "2004-02": {
            "month": "2004-02",
            "price": "97.96",
            "revenue": 497891
        },
        "2004-03": {
            "month": "2004-03",
            "price": "102.73",
            "revenue": 524246
        },
        "2004-04": {
            "month": "2004-04",
            "price": "104.89",
            "revenue": 546271
        },
        "2004-05": {
            "month": "2004-05",
            "price": "101.50",
            "revenue": 570657
        },
        "2004-06": {
            "month": "2004-06",
            "price": "95.05",
            "revenue": 573220
        },
        "2004-07": {
            "month": "2004-07",
            "price": "84.34",
            "revenue": 554304
        },
        "2004-08": {
            "month": "2004-08",
            "price": "84.92",
            "revenue": 505138
        },
        "2004-09": {
            "month": "2004-09",
            "price": "91.29",
            "revenue": 531348
        },
        "2004-10": {
            "month": "2004-10",
            "price": "95.20",
            "revenue": 463295
        },
        "2004-11": {
            "month": "2004-11",
            "price": "96.09",
            "revenue": 494633
        },
        "2004-12": {
            "month": "2004-12",
            "price": "98.89",
            "revenue": 507920
        },
        "2005-01": {
            "month": "2005-01",
            "price": "100.43",
            "revenue": 558126
        },
        "2005-02": {
            "month": "2005-02",
            "price": "104.62",
            "revenue": 419506
        },
        "2005-03": {
            "month": "2005-03",
            "price": "107.24",
            "revenue": 637571
        },
        "2005-04": {
            "month": "2005-04",
            "price": "106.85",
            "revenue": 626041
        },
        "2005-05": {
            "month": "2005-05",
            "price": "108.45",
            "revenue": 614696
        },
        "2005-06": {
            "month": "2005-06",
            "price": "107.84",
            "revenue": 603867
        },
        "2005-07": {
            "month": "2005-07",
            "price": "110.62",
            "revenue": 504055
        },
        "2005-08": {
            "month": "2005-08",
            "price": "107.57",
            "revenue": 570081
        },
        "2005-09": {
            "month": "2005-09",
            "price": "107.26",
            "revenue": 554480
        },
        "2005-10": {
            "month": "2005-10",
            "price": "109.48",
            "revenue": 604017
        },
        "2005-11": {
            "month": "2005-11",
            "price": "113.43",
            "revenue": 643493
        },
        "2005-12": {
            "month": "2005-12",
            "price": "124.45",
            "revenue": 698465
        },
        "2006-01": {
            "month": "2006-01",
            "price": "125.56",
            "revenue": 468370
        },
        "2006-02": {
            "month": "2006-02",
            "price": "122.59",
            "revenue": 512389
        },
        "2006-03": {
            "month": "2006-03",
            "price": "123.15",
            "revenue": 611251
        },
        "2006-04": {
            "month": "2006-04",
            "price": "126.16",
            "revenue": 591220
        },
        "2006-05": {
            "month": "2006-05",
            "price": "125.83",
            "revenue": 579577
        },
        "2006-06": {
            "month": "2006-06",
            "price": "107.40",
            "revenue": 603499
        },
        "2006-07": {
            "month": "2006-07",
            "price": "109.14",
            "revenue": 510517
        },
        "2006-08": {
            "month": "2006-08",
            "price": "101.61",
            "revenue": 580120
        },
        "2006-09": {
            "month": "2006-09",
            "price": "93.71",
            "revenue": 602398
        },
        "2006-10": {
            "month": "2006-10",
            "price": "93.27",
            "revenue": 616011
        },
        "2006-11": {
            "month": "2006-11",
            "price": "93.03",
            "revenue": 680215
        },
        "2006-12": {
            "month": "2006-12",
            "price": "89.76",
            "revenue": 692243
        },
        "2007-01": {
            "month": "2007-01",
            "price": "90.41",
            "revenue": 678551
        },
        "2007-02": {
            "month": "2007-02",
            "price": "88.59",
            "revenue": 492950
        },
        "2007-03": {
            "month": "2007-03",
            "price": "99.32",
            "revenue": 739741
        },
        "2007-04": {
            "month": "2007-04",
            "price": "101.86",
            "revenue": 712840
        },
        "2007-05": {
            "month": "2007-05",
            "price": "101.26",
            "revenue": 751647
        },
        "2007-06": {
            "month": "2007-06",
            "price": "110.58",
            "revenue": 721256
        },
        "2007-07": {
            "month": "2007-07",
            "price": "120.30",
            "revenue": 655206
        },
        "2007-08": {
            "month": "2007-08",
            "price": "117.28",
            "revenue": 714095
        },
        "2007-09": {
            "month": "2007-09",
            "price": "121.08",
            "revenue": 675157
        },
        "2007-10": {
            "month": "2007-10",
            "price": "122.43",
            "revenue": 750913
        },
        "2007-11": {
            "month": "2007-11",
            "price": "116.50",
            "revenue": 805603
        },
        "2007-12": {
            "month": "2007-12",
            "price": "114.38",
            "revenue": 782447
        },
        "2008-01": {
            "month": "2008-01",
            "price": "109.25",
            "revenue": 801153
        },
        "2008-02": {
            "month": "2008-02",
            "price": "98.80",
            "revenue": 605217
        },
        "2008-03": {
            "month": "2008-03",
            "price": "99.67",
            "revenue": 765085
        },
        "2008-04": {
            "month": "2008-04",
            "price": "100.03",
            "revenue": 767227
        },
        "2008-05": {
            "month": "2008-05",
            "price": "97.62",
            "revenue": 737131
        },
        "2008-06": {
            "month": "2008-06",
            "price": "88.68",
            "revenue": 700957
        },
        "2008-07": {
            "month": "2008-07",
            "price": "77.58",
            "revenue": 671106
        },
        "2008-08": {
            "month": "2008-08",
            "price": "81.58",
            "revenue": 631404
        },
        "2008-09": {
            "month": "2008-09",
            "price": "65.43",
            "revenue": 650869
        },
        "2008-10": {
            "month": "2008-10",
            "price": "44.84",
            "revenue": 601359
        },
        "2008-11": {
            "month": "2008-11",
            "price": "45.16",
            "revenue": 530674
        },
        "2008-12": {
            "month": "2008-12",
            "price": "40.39",
            "revenue": 633012
        },
        "2009-01": {
            "month": "2009-01",
            "price": "39.04",
            "revenue": 464433
        },
        "2009-02": {
            "month": "2009-02",
            "price": "40.03",
            "revenue": 600148
        },
        "2009-03": {
            "month": "2009-03",
            "price": "47.45",
            "revenue": 730325
        },
        "2009-04": {
            "month": "2009-04",
            "price": "54.87",
            "revenue": 744399
        },
        "2009-05": {
            "month": "2009-05",
            "price": "61.09",
            "revenue": 681007
        },
        "2009-06": {
            "month": "2009-06",
            "price": "58.96",
            "revenue": 701265
        },
        "2009-07": {
            "month": "2009-07",
            "price": "61.58",
            "revenue": 705207
        },
        "2009-08": {
            "month": "2009-08",
            "price": "62.68",
            "revenue": 653338
        },
        "2009-09": {
            "month": "2009-09",
            "price": "69.10",
            "revenue": 720976
        },
        "2009-10": {
            "month": "2009-10",
            "price": "71.59",
            "revenue": 722180
        },
        "2009-11": {
            "month": "2009-11",
            "price": "81.68",
            "revenue": 725066
        },
        "2009-12": {
            "month": "2009-12",
            "price": "84.00",
            "revenue": 812534
        },
        "2010-01": {
            "month": "2010-01",
            "price": "82.08",
            "revenue": 761934
        },
        "2010-02": {
            "month": "2010-02",
            "price": "75.44",
            "revenue": 630331
        },
        "2010-03": {
            "month": "2010-03",
            "price": "77.73",
            "revenue": 851979
        },
        "2010-04": {
            "month": "2010-04",
            "price": "79.48",
            "revenue": 906684
        },
        "2010-05": {
            "month": "2010-05",
            "price": "76.94",
            "revenue": 825378
        },
        "2010-06": {
            "month": "2010-06",
            "price": "76.90",
            "revenue": 915738
        },
        "2010-07": {
            "month": "2010-07",
            "price": "80.04",
            "revenue": 777105
        },
        "2010-08": {
            "month": "2010-08",
            "price": "88.44",
            "revenue": 741437
        },
        "2010-09": {
            "month": "2010-09",
            "price": "87.59",
            "revenue": 747427
        },
        "2010-10": {
            "month": "2010-10",
            "price": "83.63",
            "revenue": 742752
        },
        "2010-11": {
            "month": "2010-11",
            "price": "78.90",
            "revenue": 827220
        },
        "2010-12": {
            "month": "2010-12",
            "price": "78.62",
            "revenue": 910369
        },
        "2011-01": {
            "month": "2011-01",
            "price": "75.66",
            "revenue": 812207
        },
        "2011-02": {
            "month": "2011-02",
            "price": "71.36",
            "revenue": 701648
        },
        "2011-03": {
            "month": "2011-03",
            "price": "70.89",
            "revenue": 965650
        },
        "2011-04": {
            "month": "2011-04",
            "price": "72.10",
            "revenue": 901766
        },
        "2011-05": {
            "month": "2011-05",
            "price": "72.60",
            "revenue": 903006
        },
        "2011-06": {
            "month": "2011-06",
            "price": "72.68",
            "revenue": 870335
        },
        "2011-07": {
            "month": "2011-07",
            "price": "68.32",
            "revenue": 707646
        },
        "2011-08": {
            "month": "2011-08",
            "price": "58.31",
            "revenue": 801175
        },
        "2011-09": {
            "month": "2011-09",
            "price": "57.17",
            "revenue": 788776
        },
        "2011-10": {
            "month": "2011-10",
            "price": "55.76",
            "revenue": 780419
        },
        "2011-11": {
            "month": "2011-11",
            "price": "58.52",
            "revenue": 829998
        },
        "2011-12": {
            "month": "2011-12",
            "price": "56.96",
            "revenue": 820446
        },
        "2012-01": {
            "month": "2012-01",
            "price": "59.23",
            "revenue": 681221
        },
        "2012-02": {
            "month": "2012-02",
            "price": "66.50",
            "revenue": 837312
        },
        "2012-03": {
            "month": "2012-03",
            "price": "65.70",
            "revenue": 925971
        },
        "2012-04": {
            "month": "2012-04",
            "price": "60.46",
            "revenue": 806468
        },
        "2012-05": {
            "month": "2012-05",
            "price": "64.30",
            "revenue": 905415
        },
        "2012-06": {
            "month": "2012-06",
            "price": "63.11",
            "revenue": 734659
        },
        "2012-07": {
            "month": "2012-07",
            "price": "64.21",
            "revenue": 736902
        },
        "2012-08": {
            "month": "2012-08",
            "price": "65.99",
            "revenue": 770399
        },
        "2012-09": {
            "month": "2012-09",
            "price": "64.74",
            "revenue": 743647
        },
        "2012-10": {
            "month": "2012-10",
            "price": "61.91",
            "revenue": 837562
        },
        "2012-11": {
            "month": "2012-11",
            "price": "62.67",
            "revenue": 890512
        },
        "2012-12": {
            "month": "2012-12",
            "price": "64.78",
            "revenue": 940185
        },
        "2013-01": {
            "month": "2013-01",
            "price": "68.09",
            "revenue": 1128478
        },
        "2013-02": {
            "month": "2013-02",
            "price": "71.28",
            "revenue": 908467
        },
        "2013-03": {
            "month": "2013-03",
            "price": "76.86",
            "revenue": 1104108
        },
        "2013-04": {
            "month": "2013-04",
            "price": "76.67",
            "revenue": 1092100
        },
        "2013-05": {
            "month": "2013-05",
            "price": "81.90",
            "revenue": 1223408
        },
        "2013-06": {
            "month": "2013-06",
            "price": "80.49",
            "revenue": 1109614
        },
        "2013-07": {
            "month": "2013-07",
            "price": "87.09",
            "revenue": 1147348
        },
        "2013-08": {
            "month": "2013-08",
            "price": "99.59",
            "revenue": 1194389
        },
        "2013-09": {
            "month": "2013-09",
            "price": "100.62",
            "revenue": 1105235
        },
        "2013-10": {
            "month": "2013-10",
            "price": "101.89",
            "revenue": 1215566
        },
        "2013-11": {
            "month": "2013-11",
            "price": "101.58",
            "revenue": 1203852
        },
        "2013-12": {
            "month": "2013-12",
            "price": "117.34",
            "revenue": 1226096
        },
        "2014-01": {
            "month": "2014-01",
            "price": "114.61",
            "revenue": 1275871
        },
        "2014-02": {
            "month": "2014-02",
            "price": "121.29",
            "revenue": 1113431
        },
        "2014-03": {
            "month": "2014-03",
            "price": "120.52",
            "revenue": 1281751
        },
        "2014-04": {
            "month": "2014-04",
            "price": "122.90",
            "revenue": 1283603
        },
        "2014-05": {
            "month": "2014-05",
            "price": "121.43",
            "revenue": 1223352
        },
        "2014-06": {
            "month": "2014-06",
            "price": "129.38",
            "revenue": 1198152
        },
        "2014-07": {
            "month": "2014-07",
            "price": "123.00",
            "revenue": 1184481
        },
        "2014-08": {
            "month": "2014-08",
            "price": "117.10",
            "revenue": 1177634
        },
        "2014-09": {
            "month": "2014-09",
            "price": "119.83",
            "revenue": 1163206
        },
        "2014-10": {
            "month": "2014-10",
            "price": "111.66",
            "revenue": 1235762
        },
        "2014-11": {
            "month": "2014-11",
            "price": "112.45",
            "revenue": 1199927
        },
        "2014-12": {
            "month": "2014-12",
            "price": "115.27",
            "revenue": 1370831
        },
        "2015-01": {
            "month": "2015-01",
            "price": "120.50",
            "revenue": 1245107
        },
        "2015-02": {
            "month": "2015-02",
            "price": "119.31",
            "revenue": 969095
        },
        "2015-03": {
            "month": "2015-03",
            "price": "123.32",
            "revenue": 1303154
        },
        "2015-04": {
            "month": "2015-04",
            "price": "140.58",
            "revenue": 1159351
        },
        "2015-05": {
            "month": "2015-05",
            "price": "119.42",
            "revenue": 1191601
        },
        "2015-06": {
            "month": "2015-06",
            "price": "110.43",
            "revenue": 1237039
        },
        "2015-07": {
            "month": "2015-07",
            "price": "100.23",
            "revenue": 1180513
        },
        "2015-08": {
            "month": "2015-08",
            "price": "95.33",
            "revenue": 1204290
        },
        "2015-09": {
            "month": "2015-09",
            "price": "96.93",
            "revenue": 1276867
        },
        "2015-10": {
            "month": "2015-10",
            "price": "106.76",
            "revenue": 1332838
        },
        "2015-11": {
            "month": "2015-11",
            "price": "111.60",
            "revenue": 1417246
        },
        "2015-12": {
            "month": "2015-12",
            "price": "111.54",
            "revenue": 1527055
        },
        "2016-01": {
            "month": "2016-01",
            "price": "111.90",
            "revenue": 1366719
        },
        "2016-02": {
            "month": "2016-02",
            "price": "116.46",
            "revenue": 1051840
        },
        "2016-03": {
            "month": "2016-03",
            "price": "112.04",
            "revenue": 1722310
        },
        "2016-04": {
            "month": "2016-04",
            "price": "105.44",
            "revenue": 1218492
        },
        "2016-05": {
            "month": "2016-05",
            "price": "98.46",
            "revenue": 1327519
        },
        "2016-06": {
            "month": "2016-06",
            "price": "98.76",
            "revenue": 1271054
        },
        "2016-07": {
            "month": "2016-07",
            "price": "102.38",
            "revenue": 1147147
        },
        "2016-08": {
            "month": "2016-08",
            "price": "103.46",
            "revenue": 1272595
        },
        "2016-09": {
            "month": "2016-09",
            "price": "99.08",
            "revenue": 1357439
        },
        "2016-10": {
            "month": "2016-10",
            "price": "97.16",
            "revenue": 1325809
        },
        "2016-11": {
            "month": "2016-11",
            "price": "89.20",
            "revenue": 1386577
        },
        "2016-12": {
            "month": "2016-12",
            "price": "85.50",
            "revenue": 1341680
        },
        "2017-01": {
            "month": "2017-01",
            "price": "83.98",
            "revenue": 1224476
        },
        "2017-02": {
            "month": "2017-02",
            "price": "84.39",
            "revenue": 1234291
        },
        "2017-03": {
            "month": "2017-03",
            "price": "82.78",
            "revenue": 1535233
        },
        "2017-04": {
            "month": "2017-04",
            "price": "86.31",
            "revenue": 1284383
        },
        "2017-05": {
            "month": "2017-05",
            "price": "86.01",
            "revenue": 1278447
        },
        "2017-06": {
            "month": "2017-06",
            "price": "84.05",
            "revenue": 1322843
        },
        "2017-07": {
            "month": "2017-07",
            "price": "83.10",
            "revenue": 1250764
        },
        "2017-08": {
            "month": "2017-08",
            "price": "80.70",
            "revenue": 1407921
        },
        "2017-09": {
            "month": "2017-09",
            "price": "81.35",
            "revenue": 1368869
        },
        "2017-10": {
            "month": "2017-10",
            "price": "81.36",
            "revenue": 1266651
        },
        "2017-11": {
            "month": "2017-11",
            "price": "84.48",
            "revenue": 1463658
        },
        "2017-12": {
            "month": "2017-12",
            "price": "90.32",
            "revenue": 1493309
        },
        "2018-01": {
            "month": "2018-01",
            "price": "93.01",
            "revenue": 1487044
        },
        "2018-02": {
            "month": "2018-02",
            "price": "87.49",
            "revenue": 1239980
        },
        "2018-03": {
            "month": "2018-03",
            "price": "86.90",
            "revenue": 1452960
        },
        "2018-04": {
            "month": "2018-04",
            "price": "82.66",
            "revenue": 1301455
        },
        "2018-05": {
            "month": "2018-05",
            "price": "81.15",
            "revenue": 1355901
        },
        "2018-06": {
            "month": "2018-06",
            "price": "80.31",
            "revenue": 1225621
        },
        "2018-07": {
            "month": "2018-07",
            "price": "78.54",
            "revenue": 1300177
        },
        "2018-08": {
            "month": "2018-08",
            "price": "75.85",
            "revenue": 1379929
        },
        "2018-09": {
            "month": "2018-09",
            "price": "73.09",
            "revenue": 1313008
        },
        "2018-10": {
            "month": "2018-10",
            "price": "69.37",
            "revenue": 1464327
        },
        "2018-11": {
            "month": "2018-11",
            "price": "68.90",
            "revenue": 1336725
        },
        "2018-12": {
            "month": "2018-12",
            "price": "68.82",
            "revenue": 1319312
        },
        "2019-01": {
            "month": "2019-01",
            "price": "68.34",
            "revenue": 1511501
        },
        "2019-02": {
            "month": "2019-02",
            "price": "68.34",
            "revenue": 1133959
        },
        "2019-03": {
            "month": "2019-03",
            "price": "68.61",
            "revenue": 1458772
        },
        "2019-04": {
            "month": "2019-04",
            "price": "69.84",
            "revenue": 1185850
        },
        "2019-05": {
            "month": "2019-05",
            "price": "69.38",
            "revenue": 1261975
        },
        "2019-06": {
            "month": "2019-06",
            "price": "68.21",
            "revenue": 1222229
        },
        "2019-07": {
            "month": "2019-07",
            "price": "70.71",
            "revenue": 1202829
        },
        "2019-08": {
            "month": "2019-08",
            "price": "66.35",
            "revenue": 1280319
        },
        "2019-09": {
            "month": "2019-09",
            "price": "63.53",
            "revenue": 1271127
        },
        "2019-10": {
            "month": "2019-10",
            "price": "62.57",
            "revenue": 1303609
        },
        "2019-11": {
            "month": "2019-11",
            "price": "60.47",
            "revenue": 1340948
        },
        "2019-12": {
            "month": "2019-12",
            "price": "58.74",
            "revenue": 1422628
        },
        "2020-01": {
            "month": "2020-01",
            "price": "59.13",
            "revenue": 1364403
        },
        "2020-02": {
            "month": "2020-02",
            "price": "54.61",
            "revenue": 1202216
        },
        "2020-03": {
            "month": "2020-03",
            "price": "45.98",
            "revenue": 1286154
        },
        "2020-04": {
            "month": "2020-04",
            "price": "44.79",
            "revenue": 789143
        },
        "2020-05": {
            "month": "2020-05",
            "price": "47.37",
            "revenue": 817542
        },
        "2020-06": {
            "month": "2020-06",
            "price": "51.01",
            "revenue": 1071963
        },
        "2020-07": {
            "month": "2020-07",
            "price": "50.19",
            "revenue": 1345662
        },
        "2020-08": {
            "month": "2020-08",
            "price": "49.73",
            "revenue": 1182332
        },
        "2020-09": {
            "month": "2020-09",
            "price": "48.05",
            "revenue": 1271426
        },
        "2020-10": {
            "month": "2020-10",
            "price": "47.48",
            "revenue": 1366968
        },
        "2020-11": {
            "month": "2020-11",
            "price": "49.97",
            "revenue": 1262966
        },
        "2020-12": {
            "month": "2020-12",
            "price": "56.22",
            "revenue": 1221408
        },
        "2021-01": {
            "month": "2021-01",
            "price": "62.44",
            "revenue": 1409054
        },
        "2021-02": {
            "month": "2021-02",
            "price": "60.08",
            "revenue": 1118106
        },
        "2021-03": {
            "month": "2021-03",
            "price": "62.16",
            "revenue": 1546492
        },
        "2021-04": {
            "month": "2021-04",
            "price": "63.87",
            "revenue": 1355831
        },
        "2021-05": {
            "month": "2021-05",
            "price": "56.49",
            "revenue": 1283595
        },
        "2021-06": {
            "month": "2021-06",
            "price": "58.00",
            "revenue": 1305476
        },
        "2021-07": {
            "month": "2021-07",
            "price": "61.06",
            "revenue": 1242984
        },
        "2021-08": {
            "month": "2021-08",
            "price": "57.88",
            "revenue": 1382546
        },
        "2021-09": {
            "month": "2021-09",
            "price": "56.36",
            "revenue": 1345578
        },
        "2021-10": {
            "month": "2021-10",
            "price": "55.93",
            "revenue": 1242599
        },
        "2021-11": {
            "month": "2021-11",
            "price": "57.77",
            "revenue": 1523013
        },
        "2021-12": {
            "month": "2021-12",
            "price": "61.00",
            "revenue": 1348615
        },
        "2022-01": {
            "month": "2022-01",
            "price": "61.02",
            "revenue": 1434443
        },
        "2022-02": {
            "month": "2022-02",
            "price": "59.86",
            "revenue": 1122282
        },
        "2022-03": {
            "month": "2022-03",
            "price": "57.46",
            "revenue": 1480283
        },
        "2022-04": {
            "month": "2022-04",
            "price": "58.73",
            "revenue": 1307713
        },
        "2022-05": {
            "month": "2022-05",
            "price": "62.40",
            "revenue": 1334651
        },
        "2022-06": {
            "month": "2022-06",
            "price": "73.14",
            "revenue": 1526334
        },
        "2022-07": {
            "month": "2022-07",
            "price": "71.68",
            "revenue": 1599572
        },
        "2022-08": {
            "month": "2022-08",
            "price": "78.40",
            "revenue": 1533348
        },
        "2022-09": {
            "month": "2022-09",
            "price": "79.10",
            "revenue": 1378797
        },
        "2022-10": {
            "month": "2022-10",
            "price": "68.29",
            "revenue": 1545328
        },
        "2022-11": {
            "month": "2022-11",
            "price": "72.48",
            "revenue": 1484095
        },
        "2022-12": {
            "month": "2022-12",
            "price": "73.76",
            "revenue": 1418471
        },
        "2023-01": {
            "month": "2023-01",
            "price": "73.14",
            "revenue": 1485835
        },
        "2023-02": {
            "month": "2023-02",
            "price": "81.65",
            "revenue": 1535041
        },
        "2023-03": {
            "month": "2023-03",
            "price": "90.65",
            "revenue": 1555808
        },
        "2023-04": {
            "month": "2023-04",
            "price": "97.48",
            "revenue": 1338644
        },
        "2023-05": {
            "month": "2023-05",
            "price": "100.03",
            "revenue": 1620439
        },
        "2023-06": {
            "month": "2023-06",
            "price": "110.26",
            "revenue": 1569519
        },
        "2023-07": {
            "month": "2023-07",
            "price": "113.62",
            "revenue": 1444937
        },
        "2023-08": {
            "month": "2023-08",
            "price": "119.18",
            "revenue": 1597550
        }
    }
}
